1963 3077
195 154 261 189 1771

194 257 267 294 quod
302 257 469 287 adunatione
502 266 556 286 non
587 259 706 295 ligatur,
736 264 784 287 aut
812 268 879 294 ergo
910 261 980 288 {also

194 312 281 331 unum
307 312 369 332 esse
392 305 505 332 omnino
525 306 603 340 juxta
618 305 693 340 quod
712 305 832 333 adunata
851 311 915 333 sunt
936 306 982 333 illa

193 349 259 382 duo,
282 349 389 377 dicatur
413 350 447 377 ab
463 349 547 385 ipsus;
564 355 612 378 aut
626 357 682 378 non
700 358 767 378 vere
792 351 907 378 adunari
925 351 981 379 duo

194 395 346 422 secundum
364 395 437 430 quod
450 395 632 430 jam'l‘uerunt
645 404 733 423 unum
750 397 870 425 dicetur.
884 396 980 432 Itaque

193 441 263 468 bene
280 441 415 473 dicimus,
430 442 452 468 si
468 442 584 469 duarum
600 447 762 470 naturarum
777 447 820 470 est
835 443 978 476 adunatio,

194 494 277 514 unam
289 495 349 515 esse
364 487 456 522 potius
471 488 639 524 hypostasim
650 509 656 521 ,
672 497 728 516 non
743 489 817 516 enim
833 492 978 521 naturam;

193 541 257 571 na_m
279 534 337 569 duo
357 534 508 562 secundum
527 539 652 562 naturain
676 535 807 568 adunata,
824 536 896 563 sicut
916 542 977 570 quae

193 585 241 608 cut
254 588 315 615 qua:
326 581 444 607 adunata
460 580 581 608 fuerunt.

228 626 254 653 4.
275 626 361 653 Omne
376 633 410 653 ex
429 627 555 661 partibus
572 635 627 653 non
642 627 766 662 ejusdem
782 633 888 655 naturze
903 636 979 655 com-

188 672 314 707 positum
331 677 419 699 totum
439 673 507 700 alius
520 674 640 701 nominis
654 674 708 701 erit
720 675 833 702 relative
847 675 880 702 ad
893 675 979 711 ipsius

193 718 328 751 formam;
343 727 514 753 unaquaeque
528 720 662 747 naturalis
672 720 757 747 forma
769 721 890 756 partium
900 721 976 756 ejus;

194 771 257 790 nam
277 772 328 790 nec
353 764 518 799 simpliciter
542 772 662 799 corpus,
685 773 736 792 nec
759 769 864 792 tantum
887 766 978 792 anima

193 809 276 836 homo
293 809 441 843 diceretur,
455 810 587 837 naturalis
601 810 697 837 formae
711 811 833 843 ratione;
850 819 901 838 nec
916 819 978 838 cor-

188 863 246 889 ipus
262 859 290 881 et
309 855 411 881 anima.
432 853 556 890 Namque
574 856 691 882 mortale
713 856 741 882 in
761 861 862 883 neutra
879 856 978 883 horum

192 900 293 932 forma,
317 901 344 927 in
368 899 482 927 homine
506 908 572 927 vero
595 900 758 933 evidenter;
777 905 824 927 aut
844 908 911 936 ergo
924 904 980 928 ‘nec

192 945 266 972 Deus
292 953 344 972 nec
365 945 459 976 homo,
476 953 527 972 nec
540 945 613 972 Deus
630 950 657 972 et
675 946 757 973 homo
776 954 847 979 una,
861 947 909 974 sed
926 946 980 974 alia

192 991 316 1024 qumdam
338 990 424 1018 forma
453 992 589 1018 naturalis
615 992 762 1024 Christus;
786 997 813 1020 et
835 1000 886 1020 cur
900 993 977 1025 illud,

194 1035 306 1069 dicant;
331 1036 353 1063 si
375 1036 470 1064 eadem
487 1037 630 1064 amborum
649 1045 682 1064 ex
701 1038 802 1072 quibus
815 1039 979 1073 compositio

193 1086 235 1109 est
254 1082 280 1109 in
298 1081 444 1115 omnibus,
461 1083 647 1118 etcompositi
666 1088 709 1111 est
722 1084 807 1111 forma
818 1105 825 1117 ,
839 1085 979 1119 quomodo

194 1135 248 1154 non
269 1133 296 1155 et
309 1129 434 1163 ejusdem
458 1129 565 1155 numeri
592 1129 646 1156 erit
669 1137 700 1156 ac
721 1129 803 1156 ambo
825 1130 978 1158 secundum

194 1174 355 1205 naturalem
364 1182 391 1202 se
397 1181 520 1201 rmonem
534 1174 545 1201 Τ

228 1220 286 1248 54δὶ
299 1228 353 1247 una
364 1225 474 1253 natura,
485 1220 576 1256 sicrgo
584 1222 797 1250 etsubsistentia
807 1227 868 1257 post
878 1223 981 1251 aduna-

197 1267 299 1293 tionem
323 1266 459 1298 Christus,
467 1274 551 1293 unum
559 1267 703 1293 etinitium
715 1268 802 1302 ipsius
811 1269 977 1296 exsislendi:

193 1320 257 1339 nam
276 1312 331 1338 duo
354 1312 431 1338 initia
452 1311 577 1346 ejusdem
593 1312 778 1340 subsistentia:
793 1317 821 1340 et
836 1318 943 1341 natura:
965 1322 980 1342 a

193 1366 249 1392 quo
264 1362 355 1384 ortum
368 1357 420 1384 fuit
439 1361 467 1383 et
486 1362 539 1386 est.
554 1358 748 1392 impossibilia.
764 1359 888 1394 Namque
911 1359 978 1386 illud

195 1403 389 1431 e'xsistentiam
399 1403 518 1430 essentia
531 1403 719 1436 manifestans,
729 1405 916 1438 quandofacta
927 1409 979 1437 est,

196 1454 262 1476 tunc
272 1449 377 1475 exsistit
395 1456 402 1481 ;
411 1447 526 1475 initium
533 1456 598 1483 ergo
607 1449 757 1476 exsistendi
770 1449 981 1485 hanecomposi-

195 1490 250 1523 tam
264 1500 400 1527 naturam,
416 1495 529 1530 quando
541 1494 744 1529 et'quornodo?
758 1495 902 1530 Siquidem
915 1501 979 1523 ante

195 1540 403 1573 adunationem,
419 1548 474 1567 non
492 1544 606 1575 propter
619 1540 816 1568 adunationem
831 1549 883 1568 una
902 1541 978 1568 dice-
993 1555 1013 1582 α

195 1592 283 1619 retur,
297 1583 439 1614 evidenter
453 1590 513 1614 erat
528 1586 602 1612 enim
620 1590 683 1613 ante
705 1586 901 1614 adunationem
915 1595 978 1619 una,

195 1642 248 1662 nec
262 1633 428 1661 adunatione
439 1640 508 1667 opus
519 1637 579 1659 erat
594 1636 624 1658 ut
637 1633 694 1667 ipsa
705 1637 779 1660 esset
792 1640 856 1660 una.
871 1633 898 1660 Si
912 1640 978 1660 vero

195 1687 211 1709 ι
245 1679 357 1715 praefata
381 1678 550 1706 adunatione
580 1678 669 1713 ipsius
692 1679 814 1711 initium,
841 1679 980 1714 quomodo

196 1728 331 1752 aeternum
350 1723 476 1750 adhueet
494 1727 558 1749 ante
574 1723 673 1750 szecula
691 1728 718 1750 et
729 1723 850 1750 divinam
865 1724 980 1751 conﬁte-

195 1770 288 1798 bimur
304 1770 389 1801 illam,
400 1776 460 1804 quae
474 1767 590 1804 Augusti
603 1769 775 1803 temporibus
786 1769 861 1796 venit
871 1769 905 1796 ad
919 1777 979 1797 esse

196 1815 344 1844 naturam?

232 1862 260 1889 6.
283 1860 380 1888 Omnis
401 1859 534 1888 adunatio
551 1861 579 1888 in
599 1861 726 1887 naturam
747 1862 893 1896 quamdam
915 1870 982 1889 con-

198 1912 332 1935 summata
354 1910 382 1934 et
395 1910 517 1941 spectata
530 1926 536 1938 ,
553 1914 582 1934 se
595 1906 715 1933 ostendit
733 1907 857 1942 qua-dam
878 1908 980 1934 haben-

197 1958 252 1981 tem
264 1974 271 1986 ,
290 1960 350 1987 qua:
370 1952 552 1979 adunatarutn
573 1955 735 1978 naturarum
756 1953 832 1979 nulla
850 1953 878 1979 in
891 1952 980 1988 seipsa

198 1998 321 2034 possidet
336 2007 342 2024 :
359 1996 459 2024 etenim
479 2004 530 2024 nec
547 1997 643 2024 animae
673 2004 725 2024 nec
740 1998 865 2032 corporis
883 2003 980 2025 natura

197 2052 248 2080 per
263 2050 291 2070 se
305 2042 393 2078 ipsam
406 2046 526 2077 unquam
546 2041 648 2074 esurit,
666 2046 711 2068 aut
729 2042 786 2069 sitit
797 2063 803 2074 ,
821 2047 869 2069 aut
884 2043 982 2069 horro-

197 2097 267 2121 rem,
285 2091 332 2115 au’t
346 2088 465 2115 calorem
476 2087 627 2121 experitur,
637 2092 684 2114 aut
700 2087 812 2119 dormit,
829 2091 875 2114 aut
887 2096 982 2115 move-

199 2139 255 2167 tur,
271 2138 318 2161 aut
334 2132 404 2160 ridet
416 2136 463 2159 aut
479 2132 578 2166 plorat,
592 2137 639 2159 aut
656 2132 822 2166 simpliciter
837 2130 980 2160 sensibilia

199 2180 294 2212 sentit,
312 2179 348 2206 ita
369 2180 399 2205 ut
416 2185 467 2205 nec
482 2177 550 2204 tibia
569 2178 728 2212 separatim,
747 2185 799 2205 nec
815 2178 917 2206 tibicen
932 2186 981 2213 per

811 163 966 195 LEONTII
986 160 1193 198 BYZANTINI

194 211 228 240 de
243 215 343 240 caetero
355 219 410 240 non
422 213 560 246 admittit;
574 213 647 248 quod
659 213 732 241 enim
745 213 774 241 ﬁt
786 222 882 248 unum,
897 220 980 243 restat

1035 217 1128 264 δεῖταισ
1149 219 1164 254 ἢ
1188 216 1235 246 οὗν
1250 219 1356 254 ψευδῶς
1373 221 1402 247 ιν
1423 220 1492 250 εἶναι
1509 223 1597 260 πάντη
1613 226 1674 253 καθ’
1690 228 1704 254 ὃ
1718 229 1750 264 ἦν

1752 167 1822 205 17'72

1752 239 1820 257 ωται

1032 262 1066 289 τὰ
1084 263 1131 289 δύο
1146 265 1254 300 εἴρηται
1281 266 1382 298 αὐτοῖς’
1403 267 1419 302 ἢ
1444 268 1493 296 οὐκ
1515 268 1623 305 ἀληθῶς
1647 262 1771 301 ἐνοῦσθαι
1786 276 1820 301 τα

1031 308 1081 334 δύο
1097 309 1159 335 καθ’
1171 309 1184 335 ὃ
1201 309 1251 345 ἤδη
1274 312 1419 346 γεγόνασιν
1438 312 1478 346 ἓν,
1495 313 1667 351 λεχθήσεται·
1687 318 1757 346 ὥστε
1771 329 1820 346 κα-

1031 352 1084 385 λῶς
1098 363 1190 390 φαμεν
1206 356 1229 382 εἰ
1247 356 1293 382 δύο
1305 357 1411 391 φύσεών
1425 359 1498 386 ἐστιν
1510 360 1527 395 ὴ
1540 360 1647 394 ἓνωσις,
1663 363 1728 397 μίαν
1747 362 1818 392 εἶναί

1031 398 1194 446 μᾶλλον
1209 401 1368 428 ὑπόστασιν·
1385 403 1445 431 οὑδὲ
1459 405 1514 440 γὰρ
1529 405 1579 441 τὴν
1599 408 1690 441 φύσιν·
1703 409 1749 436 δύο
1767 411 1820 446 γὰρ

1030 444 1102 488 οιατὰ
1124 445 1206 480 φύσιν
1228 447 1263 472 τὰ
1286 447 1436 483 ἑνούμενα,
1461 450 1499 481 ὼς
1518 451 1661 486 ἑνούμενα’
1676 453 1706 480 ἒν
1722 454 1751 481 δὲ
1770 444 1820 491 τὴν

1030 488 1190 523 ὑπόστασιν,
1209 491 1247 523 ὼς
1266 492 1403 527 ἡνωμένα.

997 534 1174 570 adunantur;
1208 546 1292 564 unum
1311 546 1377 566 vero
1409 540 1561 567 secundum
1580 541 1760 577 hypostasim,
1779 543 1818 570 si-

1066 627 1101 654 δ’.
1117 629 1174 654 Πᾶν
1194 627 1223 661 ἐξ
1238 630 1445 666 ἀνομοιομερῶν
1460 633 1587 659 συντεθὲν
1600 634 1671 666 ὅλον,
1687 635 1819 669 ἑτερώνυ-

1033 681 1083 708 μον
1097 673 1153 706 ’ἐξει
1171 675 1239 710 πρὸς
1256 675 1287 701 τὸ
1301 676 1398 703 ἑαυτοῦ
1413 676 1493 709 εἶδος·
1507 679 1637 714 ἑκάτερον
1654 678 1723 712 εἶδος
1739 689 1819 714 scus;-

1031 719 1079 746 κδν
1093 721 1148 747 τῶν
1160 721 1257 748 ἑαυτοῦ
1279 722 1382 758 μερῶν·
1400 723 1461 750 οὔτε
1481 724 1532 759 γὰρ
1547 724 1639 757 ἁπλῶς
1653 726 1741 761 σῶμα,
1756 726 1819 752 οὒτε

1033 765 1120 800 μόνως
1146 766 1219 802 ψυχὴ
1244 769 1258 794 ὁ
1285 769 1427 803 ἄνθρωπος
1453 761 1572 804 λέγοιτο,
1599 771 1714 806 φυσικοῦ
1731 772 1819 803 εἴδους

1032 811 1115 847 λόγῳ·
1128 812 1189 839 οὔτε
1204 813 1283 848 σῶμα
1298 815 1346 841 καὶ
1363 815 1444 850 ψυχή’
1463 815 1493 842 τὸ
1505 816 1559 850 γὰρ
1576 817 1683 852 θνητὸν,
1697 819 1726 844 ἐν
1743 817 1818 844 οὐδε-

1032 858 1103 892 τέρῳ
1118 858 1201 884 τῶνδε
1222 859 1299 890 εἴδει,
1327 861 1359 886 ἐν
1374 861 1402 887 δὲ
1418 860 1457 896 τῷ
1472 861 1609 897 ἀνθρώπῳ
1623 864 1725 897 σαφῶς·
1771 864 1819 891 οὖν

1031 904 1092 930 οὔτε
1108 904 1174 936 Θεὸς
1201 904 1263 931 οὔτε
1278 905 1432 941 ἄνθρωπος,
1450 906 1511 934 οὗτε
1531 907 1598 940 Θεὸς
1613 909 1659 934 καὶ
1673 909 1816 944 ἄνθρωπ’),

1031 950 1099 984 ἅμα,
1119 951 1176 976 ἀλλ’
1189 951 1284 986 ἕτερον
1300 961 1326 978 τι
1341 951 1411 984 εἶδος
1427 953 1540 987 φυσικὸν
1555 955 1569 980 ὁ
1585 955 1711 988 Χριστός·
1731 956 1776 982 καὶ
1792 957 1818 982 τί

1030 996 1119 1028 τοῦτο,
1138 997 1302 1031 λεγέτωσαν·
1322 999 1346 1024 εἰ
1369 999 1492 1033 ὁμοειδὲς
1517 1000 1620 1034 ἀμφοῖν
1641 1003 1698 1033 τοῖς
1723 1002 1816 1028 συντει

1031 1042 1101 1069 θεῖσι
1121 1044 1191 1070 κατὰ
1211 1044 1300 1071 πάντα
1323 1045 1352 1071 re
1370 1044 1416 1071 τοῦ
1437 1046 1566 1072 συνθέτου
1589 1044 1668 1079 εἶδος,
1685 1048 1744 1079 πῶς
1756 1048 1817 1082 οὐχὶ

1030 1089 1077 1114 καὶ
1091 1089 1234 1124 ἰσάριθμον
1248 1089 1326 1116 ἔσται
1342 1090 1434 1121 αὐτοῖς
1449 1091 1520 1117 κατὰ
1535 1091 1581 1117 τὸν
1591 1093 1704 1126 φυσικδν
1720 1092 1815 1126 λόγους

1065 1213 1097 1245 ε’.
1116 1218 1146 1245 Εἰ
1165 1219 1214 1254 μία
1225 1219 1316 1254 φύσις,
1335 1221 1361 1246 εἴ
1372 1221 1395 1246 τ’
1407 1218 1454 1247 οὖν
1469 1216 1558 1253 οὖσία,
1576 1222 1645 1257 μετὰ
1659 1222 1708 1256 τὴν
1718 1219 1817 1248 ἕνωσιν

1030 1263 1044 1289 ὁ
1062 1263 1189 1298 Χριστὸς,
1221 1258 1271 1299 μία
1296 1266 1343 1291 καὶ
1364 1267 1379 1301 ή
1397 1265 1500 1301 ταύτης
1519 1267 1590 1303 ἀρχὴ
1610 1268 1657 1294 τοῦ
1675 1266 1754 1294 εἶναι’
1770 1268 1817 1294 δύο

1030 1308 1084 1342 γὰρ
1102 1309 1188 1342 ἀρχὰς
1202 1310 1252 1343 τῆς
1280 1310 1364 1344 αὐτῆς
1390 1311 1485 1343 οὐσίας
1513 1313 1562 1339 καὶ
1588 1312 1706 1347 φύσεως,
1730 1313 1815 1348 ἤγουν

1030 1354 1077 1388 ἀφ’
1091 1350 1120 1379 οὑ
1146 1354 1254 1388 πέφυκε
1277 1355 1325 1381 καὶ
1347 1355 1475 1391 ὑπάρχει,
1500 1355 1572 1384 εἶναι
1593 1358 1733 1384 ἀδύνατον·
1750 1358 1817 1384 αὺτδ

1030 1399 1085 1433 γὰρ
1100 1399 1178 1425 τοῦτο
1190 1399 1239 1433 τὴν
1252 1398 1367 1435 ὕπαρξιν
1381 1401 1397 1435 ή
1414 1400 1493 1427 οὐσία
1512 1401 1638 1436 δηλοῦσα,
1651 1402 1695 1428 ὅτε
1709 1402 1816 1436 γέγονε,

1032 1445 1092 1470 τότε
1109 1445 1157 1470 καὶ
1169 1445 1297 1480 ὑπάρχει·
1316 1447 1332 1482 ἠ
1349 1444 1395 1473 οὖν
1416 1448 1488 1483 ἁρχὴ
1506 1449 1552 1473 τοῦ
1568 1445 1637 1474 εἶναι
1650 1447 1752 1482 ταύτης
1767 1449 1818 1482 τῆς

1032 1490 1161 1516 συνθέτου
1175 1490 1293 1525 φύσεως,
1313 1492 1378 1518 πότε
1392 1501 1421 1519 τε
1435 1493 1481 1519 καὶ
1495 1494 1581 1525 ὃπως;
1594 1494 1617 1519 εί
1632 1493 1680 1529 μὲν
1696 1493 1750 1527 γὰρ
1763 1494 1816 1528 πρὸ

1030 1536 1078 1571 τῆς
1094 1535 1228 1569 ἑνώσεως,
1248 1537 1278 1563 ού
1294 1537 1338 1563 διὰ
1350 1537 1398 1573 τὴν
1414 1538 1512 1564 ἕνωσιν
1536 1538 1586 1572 μία
1604 1537 1719 1571 λέγοιτο,
1735 1537 1816 1573 δηλα-

1031 1582 1073 1616 δή·
1089 1580 1122 1617 ἦν
1135 1583 1190 1617 γὰρ
1208 1583 1253 1609 καὶ
1271 1583 1324 1617 πρὸ
1348 1583 1399 1617 τῆς
1412 1583 1534 1615 ὲνὼσεως
1554 1583 1613 1618 μία,
1631 1582 1692 1610 οὔτε
1704 1584 1732 1610 δὲ
1747 1583 1815 1610 ἑνώ-

1032 1634 1099 1659 σεως
1119 1628 1199 1663 χρεία
1221 1626 1255 1663 ἦν
1269 1629 1310 1659 εἰς
1331 1629 1361 1655 τδ
1377 1628 1440 1664 μίαν
1465 1628 1534 1656 εἶναι
1555 1629 1650 1664 αὑτήν
1666 1631 1691 1656 εἰ
1707 1631 1736 1656 δὲ
1760 1630 1813 1656 ἀπὸ

1030 1673 1078 1707 τῆς
1093 1673 1247 1708 προσφάτου
1259 1674 1381 1706 ὲνὼσεως
1397 1675 1413 1709 ή
1429 1675 1531 1711 ταύτης
1547 1675 1629 1712 ἀρχὴ,
1649 1675 1708 1707 πῶς
1727 1676 1816 1702 ἀῐδίαν

1032 1718 1071 1745 ἔτι
1094 1720 1141 1745 καὶ
1162 1721 1331 1754 προαιωνίαν
1360 1721 1408 1747 καὶ
1430 1721 1505 1748 Θείαν
1529 1722 1745 1758 ὁμολογήσωμεν
1767 1723 1816 1757 τὴν

1031 1765 1076 1790 ἐπὶ
1091 1764 1146 1791 τῶν
1160 1765 1316 1800 Αὐγούστου
1332 1766 1435 1801 χρόνων
1455 1766 1640 1802 προελθοῦσαν
1653 1768 1694 1799 είς
1707 1767 1736 1795 τδ
1747 1765 1815 1794 εἶναι

1032 1811 1127 1846 φύσιν;

1067 1861 1103 1890 ς’.
1122 1859 1200 1885 Πᾶσα
1214 1858 1310 1890 ἓνωσις
1325 1859 1363 1890 είς
1376 1858 1457 1893 φύσιν
1472 1858 1534 1885 τινὰ
1548 1859 1707 1895 καινοτέραν
1723 1860 1815 1894 dtu-rapa

1031 1903 1160 1938 τιζομένη
1181 1912 1210 1929 τε
1231 1903 1278 1929 καὶ
1293 1904 1431 1938 ὁρωμένη,
1447 1903 1582 1929 δείκνυσιν
1600 1903 1682 1938 αὐτὴν
1701 1903 1815 1938 ἔχουσάν

1032 1958 1091 1975 τινα
1112 1949 1129 1975 ἃ
1144 1948 1255 1983 οὐδεμία
1270 1949 1324 1975 τῶν
1345 1949 1496 1976 ἑνωοεισῶν
1518 1949 1626 1983 φύσεων
1642 1949 1703 1976 καθ’
1717 1949 1816 1985 ἑαυτὴν

1032 1995 1172 2030 κέκτηται·
1188 1994 1235 2021 καὶ¹
1251 1995 1304 2029 γὰρ
1322 1994 1383 2021 οὔτε
1398 1995 1486 2030 ψυχῆς
1506 1995 1597 2030 φύσις,
1611 1994 1672 2022 οὔτε
1691 1995 1816 2030 σώματος

1031 2041 1091 2068 καθ’
1108 2041 1207 2074 ἑαυτὴν
1221 2039 1332 2066 πώποτε
1356 2040 1447 2074 πεινᾷ,
1462 2038 1478 2075 ἦ
1502 2038 1606 2075 διψᾷ,ἢ
1626 2039 1724 2075 ριγᾷ,ἢ
1747 2048 1815 2066 καυ-

1033 2087 1161 2121 σοῦται,ἢ
1181 2086 1271 2117 ὑπνοῖ,
1299 2085 1502 2120 ἢὰποθνήσκει,
1519 2085 1535 2120 ἢ
1551 2086 1627 2121 γελᾷ,
1643 2085 1659 2120 ἢ
1684 2085 1783 2117 κλαίει,
1799 2085 1815 2120 ἢ

1032 2131 1122 2163 ἁπλῶς
1138 2131 1294 2157 αίσθάνεται
1309 2130 1445 2165 αίσθητῶς
1459 2130 1601 2165 αἰσθητοῦ,
1620 2129 1714 2165 ὥσπερ
1726 2130 1786 2156 οὐδὲ
1801 2131 1815 2155 ό

1033 2176 1113 2207 αὐλὸς
1131 2176 1194 2211 ἰδίᾳ,
1218 2175 1279 2203 οὐδὲ
1303 2176 1317 2202 ὁ
1340 2175 1461 2210 αὑλητὴς
1483 2175 1544 2202 καθ’
1559 2175 1655 2202 ἑαυτὸν
1680 2175 1767 2202 λαλεῖ·
1791 2174 1816 2200 τί

199 2234 229 2254 se
243 2226 333 2261 ipsum
347 2223 439 2256 canit;
451 2223 517 2258 quid
529 2231 595 2258 ergo
611 2224 759 2256 Dominus,
775 2224 833 2259 ipse
846 2232 898 2251 nec
909 2225 980 2251 Deus

1035 2220 1078 2249 οὗν
1092 2223 1106 2249 ὁ
1121 2222 1232 2257 Κύριος,
1245 2221 1259 2247 ὁ
1275 2223 1341 2257 μήτε
1353 2221 1419 2253 Θεὸς
1432 2223 1502 2257 μήτε
1514 2221 1669 2257 ἄνθρωπος,
1682 2221 1735 2257 ἰδίᾳ
1747 2221 1817 2255 ἔχειν

199 2277 252 2297 nec
267 2270 364 2300 homo,
387 2267 499 2302 proprie
523 2266 627 2294 habere
644 2273 700 2302 prze
716 2272 745 2294 Se
762 2268 892 2295 ferebat?
909 2268 982 2295 Sane

199 2324 265 2351 ergo
286 2314 383 2342 dicunt
399 2312 472 2348 quod
489 2320 572 2347 super
592 2320 678 2347 aquas
698 2320 863 2348 carporeum
883 2314 982 2341 ambu~

199 2363 261 2390 lans
279 2365 307 2388 et
322 2359 438 2391 similia;
454 2358 501 2386 sed
522 2358 589 2386 illud
607 2359 816 2394 intelligendum
836 2367 893 2386 non
909 2360 982 2387 exsi—

201 2413 277 2436 stcns
295 2411 401 2434 natura:
417 2405 576 2440 composita:
589 2405 731 2440 proprium
748 2414 817 2439 ens;
833 2410 860 2432 et
880 2407 982 2440 quibus

200 2461 257 2481 non
273 2452 424 2480 secundum
437 2450 585 2478 essentiam
597 2450 625 2477 in
640 2455 737 2477 natura
751 2456 798 2477 aut
810 2451 837 2477 in
846 2452 982 2478 exsisten-

203 2499 238 2526 lia
252 2497 381 2526 convertit
409 2500 589 2528 sanctorum,
618 2495 692 2523 Deus
714 2503 785 2531 Smpe
805 2496 872 2523 ferri
897 2505 980 2531 super

202 2553 286 2581 aquas
297 2544 372 2571 dedit
387 2550 514 2578 corpore,
533 2542 567 2569 de
578 2542 639 2569 loco
657 2542 683 2569 i-n
701 2543 791 2569 locum
804 2551 888 2577 super
898 2550 983 2577 aquas

203 2589 419 2619 transeuntibus.
439 2589 467 2616 Si
485 2596 551 2623 ergo
567 2588 635 2615 nihil
653 2588 689 2615 sit
704 2588 816 2624 physica
831 2589 984 2623 proprietas

202 2637 304 2665 Christi
321 2635 442 2671 proprie,
464 2642 516 2662 nec
534 2638 632 2661 natura
648 2634 699 2669 ipsi
715 2643 769 2661 una
780 2634 904 2668 quaedam
922 2639 984 2660 Ian-

203 2690 261 2711 tum
289 2682 415 2717 propria;
440 2689 492 2708 nec
518 2680 592 2707 enim
617 2680 770 2707 secundum
788 2680 931 2707 misturam
955 2683 987 2706 ut

202 2729 308 2759 siet-ra;
327 2734 378 2754 nec
398 2724 550 2753 secundum
568 2725 808 2759 participationem
828 2724 900 2751 sicut
916 2731 986 2759 aqua

203 2775 396 2809 A'ngptiorum
409 2780 470 2806 qua:
482 2771 595 2806 sanguis
610 2770 680 2797 facta
693 2775 751 2804 est;
766 2779 817 2798 nec
835 2770 987 2798 secundum

203 2819 387 2847 nmtationcm
402 2817 474 2843 sicut
485 2823 523 2842 uas
535 2815 562 2842 in
574 2815 727 2850 wruginem
744 2815 923 2848 immutatur;
936 2823 987 2843 nec

204 2870 356 2894 secundum
390 2861 524 2889 naturalis
558 2861 737 2889 adunationis
765 2861 956 2889 necessitatem
979 2881 986 2893 ,

1033 2268 1198 2301 ὲνεδείξατο;
1216 2268 1298 2300 Εἰκὸς
1319 2266 1376 2300 οὖν,
1395 2268 1472 2302 φασὶ,
1488 2268 1525 2299 ὡς
1541 2267 1586 2294 τὸν
1599 2269 1640 2302 ἐφ’
1656 2267 1752 2299 ὓδατος
1768 2275 1818 2293 σω-

1035 2315 1148 2350 ματικὸν
1164 2314 1314 2349 περίπατον
1335 2314 1382 2340 καὶ
1407 2315 1441 2340 τὰ
1460 2314 1558 2341 τοιάδε·
1572 2314 1639 2341 ἀλλὰ
1653 2314 1712 2340 τόδε
1735 2321 1819 2340 κατα-

1034 2359 1142 2395 νοητέον
1161 2360 1191 2386 οὐ
1205 2359 1312 2393 φύσεως
1329 2359 1360 2385 ὃν
1379 2360 1475 2394 ἰδίωμα
1494 2359 1631 2385 συνθέτου·
1648 2360 1694 2385 καὶ
1708 2357 1748 2390 οἷς
1765 2358 1819 2394 γὰρ

1037 2405 1073 2440 μὴ
1089 2405 1147 2431 κατ’
1162 2405 1256 2431 οὐσίαν
1269 2406 1308 2436 εἰς
1325 2404 1405 2439 φύσιν
1424 2404 1441 2440 ἢ
1458 2405 1498 2436 εἰς
1512 2405 1661 2431 ὑπόστασιν
1677 2404 1820 2438 σύγκειται

1034 2451 1088 2477 τῶν
1105 2451 1190 2484 ἁγίων
1213 2451 1226 2476 ὁ
1242 2450 1307 2482 Θεὸς
1330 2450 1459 2481 πολλάκις
1474 2448 1633 2485 ἐποχεῖσθαι
1647 2449 1700 2476 τῶν
1715 2450 1820 2476 ὑδάτων

1037 2496 1174 2531 πεποίηκε
1197 2496 1303 2530 σώματι
1332 2496 1522 2531 μεταϐατικῶς
1547 2497 1575 2523 ἐν
1594 2497 1686 2528 αὐτοῖς
1706 2505 1819 2532 πορευο-

1037 2540 1143 2576 μένους*
1159 2542 1181 2567 εί
1204 2539 1250 2567 οὖν
1269 2541 1345 2568 οὐδέν
1364 2542 1422 2567 ἐστι
1446 2542 1558 2575 φυσικὸν
1584 2543 1682 2577 ίδῖωμα
1702 2541 1820 2576 Χριστοῦ

1038 2587 1140 2619 ἱδικῶς,
1157 2587 1216 2613 οὐδὲ
1233 2587 1312 2620 φύσις
1337 2587 1412 2622 αὐτῷ
1431 2588 1480 2623 μία
1507 2597 1548 2619 τις
1567 2588 1646 2622 μόνον
1664 2587 1745 2622 ιδική·
1760 2587 1821 2613 οὔτε

1039 2633 1092 2667 γὰρ
1109 2632 1180 2660 κατὰ
1191 2632 1330 2667 σύγχυσιν,
1347 2633 1384 2665 ὡς
1410 2633 1444 2660 τὰ
1468 2634 1575 2668 σίκερα·
1589 2632 1651 2660 οὔτε
1668 2633 1740 2660 κατὰ
1754 2641 1822 2667 μετ-

1040 2679 1166 2706 ουσίωπιν
1194 2678 1231 2709 ὡς
1245 2679 1275 2705 τὸ
1288 2679 1359 2715 ὓδωρ
1376 2680 1430 2706 τῶν
1445 2679 1603 2712 Αἰγυπτίων
1618 2676 1688 2713 αἷμα
1700 2679 1821 2711 γεγονός·

1039 2724 1100 2751 οὔτε
1116 2724 1186 2751 κατὰ
1199 2724 1351 2758 ἀλλοίωσιν,
1367 2725 1405 2757 ὼς
1422 2726 1435 2751 ὁ
1452 2725 1550 2759 χαλκὸς
1562 2726 1602 2756 εἰς
1618 2724 1655 2750 ἰὸν
1669 2724 1822 2759 ἀμείϐεται·

1039 2767 1100 2795 οὔτε
1113 2768 1186 2799 ,κατὰ
1207 2769 1326 2803 φυσικῆς
1346 2768 1470 2801 ἐνώσεως
1489 2769 1621 2804 ἀνάγκην,
1644 2768 1680 2800 ὡς
1697 2766 1772 2803 ψυχὴ
1785 2770 1825 2799 εἰς

1041 2814 1119 2849 σῶμα
1139 2813 1283 2849 ἀνθρώπου
1299 2814 1421 2848 γέγονεν’
1440 2814 1480 2841 ἔτι
1505 2814 1555 2850 μὲν
1574 2814 1677 2851 τράγου
1691 2813 1722 2840 τὸ
1738 2822 1824 2848 μυκα-

1041 2860 1131 2888 στικὸν
1143 2860 1260 2896 ἔχοντος,
1273 2860 1415 2896 ἀνθρώπου
1428 2860 1455 2888 δὲ
1470 2862 1542 2893 ίδίως
1551 2861 1582 2888 τὸ
1595 2861 1824 2896 κηροπλαστιχον,
