1963 3077
132 180 201 223 Πῗά

698 176 846 215 CONTRA
867 176 1166 215 MONOPHYSITAS.

1687 178 1753 216 liii

130 249 197 277 εζτις
215 246 230 271 ὁ
253 241 332 275 αὐτὸς
350 243 549 279 κηροπλαστῶν
574 243 620 268 καὶ
642 242 759 275 μυχᾶιζοι
775 241 854 275 ἀνὴρ,
872 249 917 275 μι-

985 241 1040 267 icut
1059 242 1150 268 anima
1168 241 1194 267 in
1220 240 1340 267 hominis
1364 249 1465 276 corpus
1489 242 1557 271 facta
1583 247 1642 274 est;
1663 242 1755 269 adhuc

132 290 217 327 μητδς
244 289 299 316 τῶν
324 288 497 323 ἐτεροφυῶν,
524 287 555 313 οὑ
580 285 707 313 σύνθετον
726 285 847 312 δείκνυσι
868 284 918 320 τὴν

132 336 211 370 φύσιν
231 334 313 362 αὑτοῦ
338 333 451 368 δηλαδὴ,
468 333 536 360 ἀλλὰ
556 332 603 358 δύο
624 331 731 367 φύσεων
746 329 832 361 ίδικὰς
845 331 920 364 ἐνερ-

131 381 206 415 γείας
221 381 252 406 ὲκ
267 379 318 413 τῆς
333 379 419 413 αὐτῆς
436 378 501 412 μιᾶς
516 377 624 411 φύσεως
647 375 740 402 αὑτοῦ·
757 371 835 406 οὗτος
856 374 921 409 γοῦν

133 427 178 453 καὶ
193 425 224 452 τὺ
238 423 431 460 μεταϐατικῶς
455 423 603 452 κινεῖσθαι,
619 420 794 457 ἀνθρωπίνης
812 420 921 453 φύσεως

131 470 175 507 ἦν’
191 471 222 497 τὺ
246 471 274 496 δὲ
292 469 329 505 μὴ
352 467 534 495 καταδύεσθαι
554 468 603 502 τὴν
626 467 779 502 βαρυτέραν
797 465 844 492 τοῦ
869 464 922 490 σώ-

136 525 219 552 ματος
234 516 314 551 φύσιν
333 514 520 549 ἐποχουμένην
540 514 572 548 τῇ
593 513 640 539 τοῦ
662 512 758 542 ὕδατος
771 511 924 545 κουφοτέρα

133 562 225 596 φύσει,
238 561 306 587 ἀλλὰ
318 559 507 594 ὑπερείδεσθαι
517 558 566 593 τὴν
585 557 767 593 στερροτέραν
781 556 814 590 τῇ
833 564 924 589 μανω-

133 608 213 643 τέρᾳ,
239 607 319 634 τοῦτο
342 607 417 638 Θείας
441 606 499 632 ἐστὶ
522 605 641 640 φύσεως,
659 604 745 631 ποιεῖν
761 602 924 632 ἱδικωτάτως

136 653 239 686 πάσας,
267 652 384 678 ποιῶςαι
406 651 454 677 καὶ
475 650 666 685 μεταπδιῶσαι
679 668 686 680 ,
713 648 762 674 καὶ
778 647 924 678 οὑσιῶσαι,

135 698 183 723 καὶ
199 697 390 732 μετουσιῶσαι,
407 697 454 722 καὶ
467 694 638 722 ἁπουσιῶσαι
658 694 709 724 τὰς
732 692 828 726 φύσεις
844 691 872 718 δέ
882 701 925 718 να-

134 752 191 774 ται,
205 743 258 769 κᾶν
275 743 306 768 ἐκ
328 742 375 768 τοῦ
400 741 481 767 αὑτοῦ
511 741 618 775 πρόεισι
641 739 798 775 προσώπου.
828 738 926 772 Σαφῶς

135 787 182 815 οὖν
203 789 233 814 ὲν
251 789 308 819 τοῖς
321 787 436 813 τοιοῖσδε
454 786 514 812 θεία.
529 786 575 812 καὶ
592 785 750 821 ἀνθρωπίνη
767 784 846 819 φύσις
863 792 926 809 συν-

136 833 270 868 εργοῦσαι
287 832 416 867 ὁρῶνται·
436 831 466 857 οὐ
484 831 538 866 μὴν
558 830 642 865 ἑτέρα
662 830 742 864 φύσις
756 828 924 860 συντεθεῖσα,

137 881 169 906 ἐκ
183 878 267 904 τῶνδε
285 879 351 912 ἡμῖν
364 876 524 912 καθορᾶται.

972 286 1049 313 hirco
1058 286 1178 313 balatum
1193 286 1324 320 habente,
1337 286 1450 315 homine
1464 295 1529 315 vero
1543 295 1638 316 cereas
1650 291 1757 315 statuas

972 332 1123 366 pias-mandi
1140 332 1283 366 speciatim
1296 339 1406 367 capace,
1417 333 1440 361 si
1459 333 1532 361 idem
1545 341 1640 362 Cereas
1652 337 1758 362 statuas

972 378 1090 412 plasmat
1110 382 1139 404 et
1155 378 1278 404 balatum
1294 378 1351 405 edit
1369 379 1466 412 hamo,
1483 379 1657 406 diversarum
1674 384 1756 406 natu-

973 430 1066 450 rarum
1083 423 1214 456 imitator,
1232 431 1288 450 non
1299 426 1479 460 compositam
1492 424 1615 453 ostendit
1630 426 1758 452 naturam

973 475 1050 494 suam
1064 472 1149 500 certe,
1165 468 1214 496 sed
1228 468 1297 496 duas
1314 475 1476 497 naturarum
1493 471 1620 504 proprias
1632 472 1759 505 energias

973 521 1007 541 ex
1026 514 1084 548 ipsa
1102 521 1155 540 una
1170 519 1269 541 natura
1285 520 1345 542 sua.
1363 515 1410 542 Sic
1429 523 1494 550 ergo
1510 520 1537 543 et
1549 516 1583 543 de
1600 516 1661 543 loco
1675 517 1703 542 in
1718 515 1760 542 lo-

960 567 1037 589 .cum
1053 559 1167 590 moveri,
1186 556 1315 587 humanm
1335 565 1441 588 natura:
1456 565 1514 593 est;
1533 561 1582 588 sed
1603 569 1658 587 non
1676 560 1761 595 mergi

976 604 1128 639 graviorem
1140 606 1266 639 corporis
1278 610 1405 632 naturam
1421 612 1504 641 super
1516 613 1649 641 aquarum
1664 605 1762 633 leviori

977 653 1073 676 natura
1092 650 1274 685 gradientem,
1289 650 1338 678 sed
1355 650 1488 678 sustineri
1501 651 1662 678 solidiorem
1678 658 1763 686 super

977 695 1096 722 molliori
1113 695 1214 722 divinae
1228 695 1254 722 id
1268 700 1310 722 est
1326 700 1443 728 uallarat,
1464 696 1554 723 facere
1567 696 1646 723 'valde
1660 695 1766 730 specia-

978 741 1026 768 tim
1039 746 1167 772 cunctas,
1187 741 1288 768 fecisse
1313 745 1340 767 ct
1360 747 1481 768 nmtasse
1502 742 1593 774 facta,
1614 741 1765 768 essentiam

978 787 1075 814 fecisse
1097 792 1125 813 et
1146 787 1274 814 eSScntia:
1298 787 1458 822 participem
1479 788 1580 819 fuisse,
1599 791 1627 815 et
1646 786 1766 814 essentia

978 831 1087 866 privare
1123 836 1237 858 naturas
1264 836 1372 866 potest,
1393 832 1445 859 etsi
1467 841 1500 859 ex
1523 833 1618 860 eadem
1648 839 1766 867 persona

979 876 1121 911 procedat.
1148 877 1299 904 Evidentcr
1317 885 1384 913 ergo
1405 878 1433 904 in
1448 878 1550 905 talibus
1565 879 1659 906 divina
1672 882 1704 906 et.
1715 877 1767 904 hu-

138 932 218 951 mana
250 928 349 950 natura
386 922 528 957 cooperari
550 921 699 953 videntur,
725 929 780 948 non
809 925 899 948 tamen
921 921 974 948 alia
1006 924 1158 957 composita
1187 925 1284 951 natura
1311 926 1344 951 ex
1370 925 1430 952 istis
1447 925 1529 953 nobis
1550 924 1707 960 aspicienda
1727 923 1768 950 of-

137 971 235 998 fertur.

174 1017 207 1048 C'.
230 1017 261 1043 Ei
277 1017 362 1053 μηδὲν
377 1016 458 1043 πλέον
482 1017 498 1052 ἢ
522 1017 632 1043 ἔλαττον
644 1017 703 1047 ταῖς
720 1015 767 1042 δύο
783 1015 896 1050 φύσεσιν
912 1015 928 1050 ἠ

1016 1011 1041 1040 7.
1063 1013 1090 1040 Si
1110 1004 1179 1041 nihil
1192 1012 1312 1048 amplius
1327 1017 1374 1041 aut
1386 1013 1477 1041 minus
1492 1014 1520 1041 in
1537 1010 1644 1041 duabus
1661 1013 1767 1043 naturis

139 1063 263 1094 σύνθεσις
285 1064 300 1098 ἡ
325 1062 477 1097 ἁσύγχυτος
496 1063 563 1098 πλὴν
579 1063 629 1098 τῆς
643 1062 711 1094 πρὸς
726 1061 843 1095 ἀλλήλας
861 1059 926 1087 ἐνώ-

140 1116 209 1138 cam;
227 1108 377 1140 δείκνυσιν,
404 1109 500 1140 ἓνωσις
520 1109 550 1135 δὲ
572 1108 634 1134 οὕτε
655 1102 735 1142 φύσις
757 1108 841 1140 ἐστὶν,
866 1106 928 1134 οὔτε

141 1154 197 1190 μὴν
209 1154 363 1185 ἀλλοίωσις,
381 1153 510 1189 ἢλεῖψις,
532 1155 549 1189 ἢ
571 1154 718 1189 πρόσθεσις
733 1153 852 1188 φύσεως,
870 1152 928 1184 πῶς

141 1200 205 1226 ἄνευ
238 1200 412 1235 προσθέσεως
428 1221 434 1233 ,
462 1201 478 1236 ἢ
497 1200 629 1234 λείῲεως,
648 1199 664 1234 ἢ
685 1198 852 1230 ἀλλοιώσεως
877 1199 929 1232 φύ-

140 1248 223 1277 σεως,
235 1247 265 1272 τδ
278 1246 337 1272 κατ’
353 1246 470 1281 ἀριθμὸν
486 1246 567 1272 ποσδν
581 1246 636 1272 τῶν
648 1246 795 1280 ἡνωμένων
809 1245 928 1280 φύσεων,

143 1291 228 1317 πλέον
242 1291 259 1326 ἢ
275 1291 386 1318 ἓλαττδν
401 1293 565 1327 φανήσεται,
579 1292 622 1318 ἵνα
637 1291 653 1326 ἦ
668 1291 743 1327 τρεῖς
762 1290 779 1325 ἢ
800 1290 864 1325 μίαν
880 1289 929 1322 τὰς

144 1336 241 1367 οὐσίας
256 1336 302 1363 δύο
312 1336 402 1369 οὓσας,
423 1337 613 1372 μεταποιήσῃ;
632 1337 655 1362 εί
670 1336 698 1361 δὲ
710 1336 763 1370 ἄρα
778 1335 825 1361 καὶ
838 1334 929 1360 πλεῖόν

142 1388 168 1406 τι
182 1380 304 1412 ἑνὼσεως
323 1381 476 1415 ἀσυγχύτου
497 1383 556 1411 ταῖς
567 1380 680 1414 φύσεσιν
698 1379 854 1413 ἐπεισάγειν
870 1378 930 1404 τολ-

144 1426 217 1460 μῶσι
230 1427 370 1462 ποιητικὸν
384 1427 401 1462 ἦ
416 1427 621 1462 παραστατικὸν
638 1425 732 1457 ἁπλῶς
749 1425 871 1459 φύσεως,
887 1425 930 1450 λε-

143 1472 266 1507 γέτωσαν
280 1474 346 1509 ἡμῖν
365 1474 517 1508 παρρησίᾳ,
534 1473 558 1499 τί
572 1472 651 1499 τοῦτο
668 1470 736 1499 εἶναι
750 1471 928 1498 διανοοῦνται.

179 1566 213 1597 η’.
232 1563 262 1589 Εἰ
284 1563 315 1589 ὲκ
329 1561 375 1589 δύο
397 1562 504 1597 φύσεων
523 1562 670 1596 ἡνωμένων
686 1560 848 1596 ἀσυγχύτως
866 1559 930 1594 μίαν

145 1611 232 1635 ποιεῖν
252 1609 337 1638 ἔστιν,
352 1609 384 1635 ἐκ
399 1608 445 1634 δύο
459 1608 568 1642 φύσεων
580 1607 728 1643 ἡνωμένων
743 1606 814 1633 κατὰ
831 1605 932 1640 σύγχυ-

145 1663 187 1681 σιν
208 1654 233 1680 τί
254 1654 347 1689 ἕτερον
364 1654 488 1687 ﬂvunt;
514 1653 530 1688 ἢ
550 1651 597 1679 οὖν
616 1653 662 1679 δύο
689 1651 759 1678 εἶναι
779 1651 876 1686 φύσεις
901 1651 932 1676 ὲκ

145 1699 193 1726 τοῦ
210 1699 364 1734 ἁσυγχὺτου
389 1700 478 1733 Λόγου
502 1700 547 1726 ἐπὶ
563 1699 682 1734 Χριστοῦ
698 1698 814 1736 ἐροῦσιν,
830 1698 847 1732 ἢ
862 1697 903 1728 τίς
916 1697 932 1732 ὴ
946 1689 967 1717 (ἶ

143 1745 263 1780 διαφορὰ
280 1746 326 1772 τοῦ
347 1747 501 1781 ἀσυγχύτυυ
531 1746 598 1781 πρδις
624 1747 674 1779 τὴν
697 1745 828 1780 σύγχυσιν
850 1745 879 1770 ὲν
899 1745 931 1778 τῇ

144 1792 201 1818 τῶν
218 1792 326 1825 φύσεων
341 1792 434 1818 ἑνώσει
451 1792 541 1825 λέγειν
561 1791 826 1826 είτπραχθήσονταις
846 1791 870 1816 εί
887 1789 934 1816 καὶ

145 1837 263 1870 λέγοιεν,
279 1837 337 1863 ὅτι·
361 1839 396 1863 υὺ
413 1838 565 1872 συγχέομεν
579 1837 604 1863 τί
620 1838 674 1872 γὰρ
685 1837 776 1863 πλεῖον
793 1837 849 1871 ἐρεῖ
864 1837 877 1862 ὁ
890 1836 935 1861 λέ-

145 1891 203 1917 γων
219 1883 368 1917 σύγχυσινι
379 1884 535 1909 εἰπάτωσαν
547 1884 600 1917 γὰρ
611 1884 657 1909 καὶ
669 1882 933 1917 τοῖςΝεστοριανοῖς,

146 1928 195 1954 δύο
220 1929 384 1960 ὑποστάσεις
408 1929 516 1963 λέγουσι
542 1930 589 1962 καὶ
607 1928 757 1964 κράξουσιν
773 1929 881 1963 ἀνέδην,
894 1927 935 1954 ὅτι

146 1977 179 2002 οὐ
196 1975 364 2010 διαιροῦμεν,
380 1975 459 2002 τοῦτό
474 1985 572 2010 φαμεν·
589 1976 629 2002 ὅτι
649 1975 674 2002 τί
696 1975 750 2010 γὰρ
768 1976 832 2002 ἀλλο
847 1984 936 2010 παρα-

148 2020 242 2054 στήσει
253 2020 298 2045 τον
309 2020 468 2055 διορισμόν;
485 2021 514 2046 οὺ
533 2020 587 2055 γὰρ
604 2020 677 2046 ἔστιν
689 2021 790 2055 ἑτέρως
801 2019 834 2046 τὰ
848 2020 936 2055 πάντη

147 2065 315 2100 ἀδιακρίτως
333 2065 516 2099 συγκείμενα,
533 2066 604 2100 πλὴν
620 2065 667 2092 τοῦ
688 2065 776 2099 λέγειν
793 2067 856 2100 μιᾶς
870 2065 937 2091 ὕπο-

148 2110 274 2140 στάσεως
289 2103 397 2144 φύσεως
411 2109 492 2136 εἶναι’
506 2110 566 2137 οὔτε
580 2111 613 2138 τὰ
628 2111 716 2146 πάντη
730 2110 937 2145 διακεκριμένα,

148 2156 163 2190 ἢ
179 2156 210 2182 τὸ
225 2155 317 2189 λέγειν
332 2155 379 2182 δύο
394 2156 488 2189 φύσεις
504 2155 551 2182 καὶ
568 2153 730 2187 ὕποστάσεις
751 2153 831 2182 εἶναι.

184 2242 217 2270 (θ’.
232 2243 263 2269 Ei
277 2244 328 2278 μία
337 2243 419 2278 φύσις
434 2243 481 2270 τοῦ
497 2244 632 2270 Δεσπότου
645 2243 722 2278 ἡμῶν
734 2242 853 2278 Χριστοῦ
869 2242 939 2277 μετὰ

149 2290 199 2324 τὴν
211 2290 320 2320 ἕνωσιν,
337 2290 461 2324 εἴποιμεν
479 2290 546 2324 πρὸς
562 2289 676 2321 αὐτούς·
696 2287 752 2324 ἆρά
773 2289 805 2323 γέ
822 2297 900 2322 φατε,
917 2285 939 2315 ὦ

149 2332 235 2368 οὗτοι,
257 2335 457 2371 κρειττωθῆναί
482 2344 539 2367 πως
564 2335 666 2370 ταύτην
679 2336 768 2361 πᾶσαν
799 2335 867 2369 μετὰ
891 2335 939 2370 τὴν

152 2380 230 2414 ἁγίαν
248 2380 331 2407 αὑτοῦ
345 2381 505 2413 ἀνάστασιν,
523 2381 539 2416 ἢ
556 2381 629 2415 οὑχί;
654 2380 670 2416 ἢ
694 2381 785 2406 πᾶσαν
802 2380 850 2415 μὲν
867 2380 937 2415 οὐχὶ.

152 2423 224 2451 εἶναι
234 2426 262 2452 δέ
274 2435 299 2452 τι
312 2426 423 2460 λέγεται
437 2427 466 2452 ὲν
484 2427 553 2461 αὐτῇ
567 2428 599 2461 τῇ
613 2426 759 2452 ἀναστάσει
774 2425 820 2451 τοῦ
835 2426 938 2451 Δεσπό-

150 2479 199 2497 του
218 2472 437 2506 κρειττούμενον,
467 2472 513 2498 καὶ
537 2471 630 2506 ἓτερον
655 2471 693 2505 μὴ
710 2471 937 2506 κρειττούμενονς

149 2518 175 2544 εἰ
190 2517 238 2552 μὲν
252 2517 300 2543 οὖν
318 2515 389 2544 εἶναί
402 2526 430 2543 τι
444 2518 544 2543 τέλειον
565 2517 612 2543 καὶ
626 2516 741 2550 φυσικὸν
754 2517 784 2542 τὸ
798 2516 940 2551 κρειττοὺ-

151 2572 232 2598 μενον
248 2563 321 2589 κατὰ
336 2563 485 2597 φύσιν,καὶ
499 2564 593 2598 ἕτερον
604 2563 707 2589 τέλειον
723 2563 836 2597 φυσικὸν
847 2568 938 2598 κρειτ-

148 2609 213 2635 τοῦν
229 2610 299 2635 κατὰ
319 2609 399 2643 φύσιν
417 2611 446 2636 ὲν
460 2611 493 2645 τῇ
513 2611 577 2645 ἁγίᾳ
592 2609 674 2636 αὑτοῦ
689 2609 836 2636 ἀναστάσει
858 2609 937 2642 φατὲ,

149 2654 264 2681 αὐτόθεν
284 2656 348 2689 ἡμῖν
362 2655 417 2682 ἰδοὺ
429 2655 477 2686 τὰς
492 2655 540 2681 δύο
555 2655 651 2689 φύσεις
663 2655 878 2688 συνομολογείτε·
892 2655 939 2681 καὶ

149 2699 313 2734 εὐχαριστία
329 2699 368 2734 τῷ
392 2700 474 2735 κοινῷ
503 2700 590 2734 Πατρὶ
616 2700 661 2726 ἐπὶ
684 2700 717 2735 τῇ
737 2699 791 2726 τῶν
815 2700 940 2734 ἀδελφῶν

150 2744 216 2780 ὑγίᾳ
232 2744 377 2779 ἀπολήψει.

188 2796 214 2818 ι’.
237 2792 269 2818 Οἱ
284 2791 390 2826 ἐπινοίᾳ.
406 2791 485 2825 μόνον
496 2791 561 2826 ὁρᾷν
575 2791 725 2825 φάσκοντες
739 2791 769 2818 τὸ
782 2790 869 2817 διττὸν
883 2791 938 2818 τῶν

150 2839 261 2873 φύσεων
279 2837 326 2864 ἐπὶ
344 2837 463 2871 Χριστοῦ
489 2837 557 2871 μετὰ
581 2837 631 2871 τὴν
658 2837 764 2869 ἕνωσιν,
780 2837 936 2871 λεγέτωσαν

150 2885 216 2920 ἡμίν
232 2885 282 2919 τὴν
299 2882 418 2918 φυσικὴν
436 2882 567 2917 διαφορὰν
582 2882 629 2908 τοῦ
645 2882 760 2916 ἀοράτου
777 2883 824 2909 καὶ
838 2884 936 2916 ὁρατοῦ

977 1060 1143 1094 οθηιροειιὶο
1170 1059 1314 1086 inconfnsa
1341 1068 1423 1094 quam
1449 1061 1566 1087 alterius
1589 1067 1651 1087 cum
1678 1062 1768 1088 altera

979 1104 1110 1131 adunatio
1128 1105 1262 1137 ostendit,
1274 1109 1302 1132 et
1319 1103 1451 1132 adunatio
1463 1113 1516 1132 nec
1532 1111 1631 1133 natura
1645 1112 1703 1139 est,
1716 1115 1782 1135 nec-

979 1151 1116 1182 mutatio,
1134 1158 1184 1178 nec
1207 1151 1314 1178 relictio
1332 1154 1380 1178 aut
1399 1152 1536 1187 appositio
1554 1156 1662 1180 natura:
1675 1173 1682 1186 ,
1698 1161 1768 1188 quo-

980 1196 1061 1222 modo
1076 1196 1179 1230 absque
1195 1196 1379 1230 appositione.
1396 1201 1445 1224 aut
1457 1197 1602 1224 relictione
1615 1201 1662 1224 aut
1680 1202 1770 1225 muta-

981 1239 1056 1265 tione
1079 1244 1200 1272 naturac,
1216 1240 1358 1274 quantitas
1370 1241 1448 1275 juxta
1471 1246 1619 1268 numerum
1636 1240 1769 1269 adunata—

981 1289 1042 1310 rum
1060 1288 1223 1311 naturarum
1248 1285 1310 1319 plus
1334 1286 1460 1313 minusve
1491 1286 1653 1321 apparebit,
1674 1291 1705 1314 ut
1722 1292 1769 1315 aut

982 1336 1037 1358 tres
1056 1335 1103 1358 aut
1125 1340 1206 1358 unam
1228 1333 1282 1367 jam
1300 1332 1383 1360 faciat
1407 1340 1454 1361 eas
1475 1338 1536 1368 qna:
1557 1334 1618 1361 dua:
1641 1335 1770 1363 essentia:

980 1377 1082 1404 erant?
1101 1378 1186 1404 Porro
1203 1378 1225 1405 si
1250 1383 1277 1405 et
1299 1379 1419 1414 amplius
1430 1379 1497 1414 quid
1515 1379 1694 1407 adnnationis
1714 1380 1770 1408 dis-

982 1423 1074 1450 tincta:
1086 1423 1194 1450 naturis
1209 1423 1329 1459 adjicere
1342 1425 1462 1452 audeant
1477 1425 1596 1452 efllctum
1608 1429 1657 1452 aut
1669 1433 1771 1461 reprae-

982 1469 1151 1496 sentativum
1167 1474 1275 1496 natura:
1298 1470 1474 1504 simplicitér,
1490 1470 1583 1498 dicant
1605 1471 1686 1498 nobis
1705 1478 1770 1498 cum

983 1515 1083 1542 fiducia
1099 1515 1162 1550 quid
1179 1515 1246 1542 illud
1263 1522 1323 1543 esse
1338 1517 1470 1551 cogitant.

1018 1561 1044 1588 8.
1058 1561 1085 1588 Si
1103 1561 1137 1588 de
1160 1561 1269 1588 duabus
1292 1562 1400 1589 naturis
1416 1562 1545 1589 adunatis
1564 1562 1692 1590 distincte
1715 1569 1769 1591 una

983 1606 1112 1637 efﬁcitur.
1132 1606 1165 1633 de
1183 1606 1290 1633 duabus
1312 1605 1418 1634 naturis
1439 1607 1570 1634 adunatis
1587 1615 1650 1634 cum
1671 1608 1768 1635 eoufu-I

984 1653 1062 1679 sione
1082 1652 1148 1686 quid
1173 1652 1246 1679 aliud
1265 1651 1315 1678 fit?
1332 1657 1379 1679 aut
1402 1661 1467 1687 ergo
1489 1653 1558 1680 duas
1574 1661 1634 1680 esse
1657 1659 1772 1682 naturas

984 1707 1018 1726 ex
1031 1698 1174 1726 inconfuso
1190 1698 1278 1725 Verbo
1290 1698 1324 1724 de
1335 1698 1444 1725 Christo
1461 1698 1573 1731 dicent,
1593 1701 1642 1726 aut
1656 1707 1716 1734 quae
1736 1700 1772 1727 sit

985 1745 1057 1772 inter
1074 1744 1250 1771 inconfusqu
1262 1748 1289 1771 et
1304 1743 1495 1771 c0nfusionem
1510 1744 1668 1772 differentia
1682 1745 1709 1772 in
1721 1754 1772 1772 na~

986 1794 1109 1817 turar'um
1143 1790 1309 1817 adunatione
1334 1790 1424 1817 dicere
1459 1794 1611 1825 cogentur;
1640 1796 1722 1826 atque
1748 1792 1771 1818 si

986 1835 1106 1862 dixerint
1117 1835 1181 1869 quia
1204 1842 1259 1861 non
1279 1834 1437 1865 miscemus,
1464 1835 1531 1869 quid
1553 1835 1678 1870 amplius
1699 1835 1773 1862 dicet

986 1881 1034 1915 qui
1047 1881 1085 1907 ait
1097 1880 1274 1907 mistionem?
1286 1880 1383 1906 Dicant
1396 1881 1470 1907 enim
1481 1884 1509 1907 et
1522 1881 1694 1908 Nestorianis
1704 1881 1774 1909 duas

987 1927 1147 1962 hypostases
1162 1926 1258 1953 dicunt
1271 1924 1300 1953 et
1313 1926 1424 1960 impune
1442 1927 1597 1954 ‘vociferant
1614 1932 1621 1953 1
1637 1927 1702 1961 quia
1716 1934 1772 1954 non

987 1973 1145 2004 dividimus,
1162 1972 1188 1999 id
1206 1972 1345 2004 dicimus;
1372 1973 1436 2007 quia
1452 1968 1519 2007 quid
1539 1974 1614 2000 enim
1627 1973 1703 2000 aliud
1723 1981 1773 1999 ex-

988 2023 1072 2053 ponet
1088 2018 1300 2045 deﬁnitionem?
1313 2018 1436 2052 Namque
1452 2026 1507 2045 non
1521 2019 1603 2046 aliter
1617 2024 1680 2046 sunt
1693 2020 1773 2054 peni-

989 2070 1034 2091 tus
1049 2063 1209 2090 indistincte
1231 2064 1394 2097 composita,
1410 2071 1493 2097 quam
1511 2063 1545 2090 de
1559 2063 1661 2098 quibus
1676 2064 1774 2091 dicen—

988 2109 1053 2136 dum
1066 2109 1102 2136 sit
1113 2112 1220 2136 natura:
1232 2117 1314 2136 unam
1332 2109 1500 2144 hypostasim
1513 2116 1585 2141 esse,
1596 2116 1648 2136 nec
1664 2111 1775 2144 penitus

988 2157 1120 2184 distincta
1135 2161 1217 2190 quam
1233 2154 1267 2182 de
1283 2154 1386 2189 quibus
1402 2154 1549 2181 dicendum
1565 2153 1600 2181 sit
1612 2154 1681 2181 duas
1693 2160 1775 2182 natu—

991 2210 1034 2229 ras
1049 2205 1077 2228 et
1092 2201 1254 2236 hypostascs
1267 2207 1339 2226 esset

1024 2254 1050 2281 9.
1079 2253 1106 2280 Si
1121 2252 1230 2279 Domini
1245 2252 1334 2278 nostri
1355 2247 1456 2278 Christi
1471 2259 1525 2279 una
1539 2256 1638 2279 natura
1651 2257 1712 2287 post
1725 2253 1775 2280 ad-

991 2296 1149 2324 unationem
1161 2316 1168 2328 ,
1180 2295 1305 2322 dicamus
1321 2295 1354 2322 ad
1367 2296 1427 2322 illos
1443 2304 1450 2322 :
1465 2295 1536 2331 Ergo
1562 2296 1660 2329 dicite,
1677 2305 1694 2324 o
1710 2305 1775 2331 vos,

952 2353 978 2382 D
992 2341 1130 2369 meliorari
1149 2341 1268 2375 quodam
1282 2340 1364 2368 modo
1378 2341 1451 2368 illam
1470 2345 1555 2369 totam
1572 2347 1634 2377 post
1649 2348 1774 2371 sanctam

990 2387 1049 2421 ejus
1077 2385 1309 2413 resurrectionem
1332 2391 1379 2412 aut
1401 2386 1476 2413 non?
1493 2390 1540 2414 aut
1562 2392 1647 2415 totam
1663 2389 1776 2424 quidem
1806 2410 1809 2413 ν

989 2440 1056 2464 non,
1077 2439 1137 2459 esse
1155 2439 1221 2459 vero
1237 2428 1303 2466 quid
1321 2431 1424 2459 dicitur
1442 2433 1470 2459 in
1483 2433 1542 2468 ipsa
1555 2434 1665 2462 Domini
1683 2443 1777 2463 resur-

991 2478 1112 2504 rectione
1123 2476 1311 2510 melioratum,
1324 2481 1352 2504 et
1364 2477 1438 2504 aliud
1456 2486 1511 2506 non
1537 2480 1733 2509 melioratum?
1749 2482 1777 2510 Si
1805 2478 1807 2489 '

988 2530 1054 2557 ergo
1068 2521 1180 2556 quidem
1199 2529 1260 2548 esse
1279 2521 1433 2556 perfectum
1456 2526 1484 2550 et
1504 2524 1631 2551 naturale
1650 2526 1779 2552 meliora-

991 2572 1048 2594 tum
1071 2567 1223 2594 secundum
1245 2572 1384 2600 naturam,
1408 2572 1435 2594 et
1458 2569 1541 2596 alium
1558 2569 1710 2604 perfectum
1727 2579 1779 2598 nos

991 2614 1079 2641 tui-ale
1107 2614 1298 2641 meliorantem
1320 2613 1348 2640 in
1372 2618 1466 2641 sancta
1488 2615 1548 2649 ejus
1572 2617 1778 2644 resurrectione,

990 2660 1095 2692 dicitis,
1115 2660 1179 2687 inde
1192 2660 1273 2687 nobis
1288 2667 1353 2687 ecce
1372 2660 1440 2687 duas
1459 2660 1519 2687 illas
1534 2666 1648 2688 naturas
1660 2664 1778 2690 confite~

991 2706 1074 2738 mini;
1091 2709 1124 2734 .et
1145 2706 1241 2740 gratiae
1262 2707 1403 2733 connnuni
1426 2706 1500 2733 Patri
1519 2707 1553 2734 de
1571 2708 1688 2737 fratrum
1710 2718 1779 2737 sano

991 2751 1082 2779 reditu
1098 2756 1223 2786 agentur.

1029 2796 1070 2822 10.
1080 2795 1142 2828 .Qui
1155 2796 1320 2830 cogitatione
1336 2799 1442 2824 tantum
1455 2801 1617 2826 naturarum
1633 2799 1780 2835 duplicita-

992 2844 1047 2870 tem
1066 2839 1243 2867 considerare
1259 2839 1356 2866 dicunt
1376 2840 1403 2867 in
1421 2840 1533 2869 Christo
1554 2849 1618 2878 post
1635 2844 1780 2872 adunatich

991 2892 1066 2916 nem,
1079 2883 1159 2910 nobis
1173 2884 1313 2920 physicam
1326 2884 1510 2913 dilfcrentiam
1523 2887 1617 2917 dicant
1631 2889 1779 2918 invisibilis
