1963 3077
168 194 246 224 ’ίτῗὸ

787 191 948 222 LEONTII
969 191 1170 220 ΒΥΖΑΝἸΊΝΙ

1734 188 1801 222 l’i'rti

177 255 205 276 ct
224 249 342 277 visibilis
357 249 384 276 in
397 249 517 280 Christo,
529 248 694 283 cogitatione
709 247 800 275 sciunt
815 256 848 275 an
865 248 961 275 aliter?

1013 249 1042 274 ὲν
1058 248 1181 283 Χριστῷ,
1206 247 1314 283 ἐπινοίᾳ
1333 247 1422 274 ῐσασιν
1441 247 1496 274 ἀλλ’
1510 247 1630 281 ἐτέρως;
1646 247 1678 274 Εἰ
1692 248 1741 282 μὲν
1755 247 1802 275 οὖν

179 296 205 322 Si
222 303 288 331 ergo
306 295 417 330 quidem
432 295 527 322 eadem
541 293 709 329 cogitatione
727 298 755 321 et
773 293 960 321 diﬁ‘erentiam

179 342 270 368 sciunt
289 340 428 377 physicam
443 340 470 367 in
483 339 591 373 eodem,
608 338 680 366 sicut
694 339 766 366 hanc
781 338 959 371 conﬁtentur,

178 393 205 415 et
221 388 295 415 illam
310 391 443 421 cogentur
457 395 463 419 ;
482 390 529 413 aut
545 386 567 413 si
584 386 692 420 plasma
713 389 755 412 est
771 384 833 417 illa,
847 389 874 412 et
890 384 962 411 hanc

179 434 218 460 sic
233 441 293 460 esse
314 432 419 459 dicent.
446 431 475 459 Si
491 439 558 460 vero
573 430 759 459 differentiam
780 437 836 457 non
858 430 963 465 cogita-

180 479 253 505 tione
267 477 314 505 sed
327 477 456 505 sensibus
468 476 645 505 considerare
663 476 691 503 in
703 476 755 503 hac
770 475 901 509 dixerint,
916 474 961 502 in-

178 523 287 551 visibile
305 531 355 558 per
374 531 472 550 sensus
485 522 584 549 videre
603 521 784 553 aﬁirmantes,
802 521 963 548 admiratio-

179 577 240 596 nem
257 569 454 604 provocabunt.
468 568 496 595 Si
508 575 575 595 vero
586 567 752 602 cogitatione
764 561 845 593 ambo
855 566 960 599 vident,

179 615 226 642 sed
243 614 428 642 diﬁ‘erentiam
442 613 554 649 quidem
571 617 629 640 arte
644 612 785 648 judicandi
803 612 838 639 de
851 611 963 639 entibus

178 666 206 688 et
221 660 397 695 concipiendi
411 659 446 687 de
458 659 543 686 rebus
554 666 637 693 supra
651 666 759 691 sensus,
772 658 962 693 duplicitatem

178 714 247 734 vero
269 710 328 733 arte
359 704 531 740 excogitandi
551 704 585 731 de
609 704 693 731 rebus
713 711 775 738 quae
796 711 852 730 non
882 707 961 736 sunt;

178 751 267 786 primo
283 751 393 786 quidem
411 759 461 778 cur
474 758 529 778 non
546 754 574 777 et
593 749 688 777 decem
704 753 733 776 et
758 749 856 784 viginti
868 753 897 776 et
913 749 964 776 tri-

179 799 255 833 ginta
285 802 398 824 naturas
422 795 551 831 ﬁngimus
570 795 598 823 iu
619 795 742 827 Christo,
757 795 805 822 sed
818 794 886 822 duas
901 799 962 822 tan-

175 844 254 872 tum?
268 843 334 876 Quis
346 850 413 870 vero
426 843 513 877 legem
528 842 605 869 dedit
616 841 696 868 nobis
710 841 836 868 ﬁctiones
847 841 961 876 dogma-

181 891 269 918 tizare
291 890 325 917 de
353 889 465 917 Christo
487 895 552 915 vero
574 887 644 920 Deo,
666 891 694 914 et
716 887 870 921 phantasiis
895 887 963 914 solis

177 936 280 963 auferri
297 935 394 962 ﬁdem?
407 934 578 961 ldololatram
593 941 663 965 esse,
683 940 738 960 non
752 933 787 960 ab
804 937 894 966 extra,
914 933 962 960 sed

180 982 206 1008 in
230 982 286 1016 ipsa
310 981 401 1008 anima
421 984 515 1007 nostra
534 987 595 1014 qua:
620 986 676 1006 non
699 983 764 1006 sunt
783 978 961 1014 eﬁ‘mgentes,

179 1027 279 1054 deinde
297 1025 492 1061 mythologiam
515 1024 567 1051 hoc
582 1024 730 1052 oﬁ‘crentes
746 1024 884 1059 reliquis?
902 1024 964 1052 Haec

179 1071 252 1097 cnim
280 1070 362 1102 data,
387 1074 444 1096 tum
467 1076 549 1096 omne
572 1068 684 1103 pietatis
706 1068 884 1103 mysterium,
905 1072 962 1095 tum

179 1116 325 1151 magistros
341 1122 438 1142 omnes
457 1115 538 1142 simul
552 1122 606 1141 una
622 1114 752 1149 opinione
762 1135 768 1146 ,
782 1113 964 1142 instabilitate

180 1161 316 1188 mendacii
340 1160 491 1187 lacerantia
512 1159 670 1187 destruunt.
703 1159 801 1187 Adhuc
823 1165 850 1187 et
872 1160 964 1187 dicant

178 1205 258 1232 nobis
278 1212 341 1232 vere
358 1204 381 1232 si
403 1205 485 1239 igitur
508 1204 658 1232 secundum
682 1205 753 1232 hanc
769 1205 963 1240 cogitationem

178 1250 331 1277 secundum
345 1258 426 1285 quam
442 1250 511 1277 duas
525 1250 622 1277 dicunt
639 1254 762 1282 naturas,
775 1251 840 1278 licet
855 1251 964 1278 cuidam

178 1297 290 1323 Patrum
319 1301 367 1323 aut
397 1297 584 1331 apostolorum
610 1296 703 1323 dicere
729 1296 824 1324 decem
852 1302 965 1324 naturas

179 1341 300 1373 Christi,
314 1345 362 1368 aut
386 1341 604 1376 quinquaginta,
631 1345 678 1368 aut
698 1341 812 1369 cuilibet
831 1343 915 1371 vere?
935 1342 963 1370 Si

180 1385 253 1411 cnim
276 1385 373 1411 liceret
392 1392 458 1411 vero
484 1385 591 1416 dicere.
613 1385 681 1420 quid
698 1393 753 1413 non
770 1385 899 1413 dicebant
915 1394 963 1414 ve-

180 1429 262 1455 rum?
279 1429 312 1455 Et
336 1426 418 1455 certe
432 1429 485 1456 hoc
507 1429 660 1464 antiquitus
682 1429 709 1456 in
728 1437 873 1463 sermone,
896 1435 964 1465 quot

179 1479 261 1502 erunt
287 1474 389 1501 Christi
415 1473 541 1501 naturaz?
565 1473 593 1500 Si
620 1479 713 1501 autem
735 1482 791 1502 non
814 1475 870 1502 sint
893 1476 962 1503 ultra

179 1521 249 1548 duas
267 1528 331 1548 vere
355 1519 543 1554 excogitanda:
565 1524 670 1547 natura:
693 1519 721 1547 in
741 1520 867 1552 Christo,
888 1524 964 1555 patet

180 1567 254 1601 quod
269 1574 313 1593 res
329 1573 414 1600 usque
430 1567 463 1592 ad
481 1565 555 1592 hunc
569 1573 715 1593 numerum
732 1566 759 1592 in
776 1566 892 1593 veritate
904 1571 961 1599 est;

180 1613 202 1640 si
215 1620 280 1639 vero
297 1611 330 1638 dc
353 1619 381 1638 re
398 1615 426 1638 et
445 1611 561 1638 veritate
586 1611 717 1646 cogitatio
728 1615 786 1643 est,
808 1611 874 1646 quid
898 1620 964 1647 ergo

181 1659 273 1686 tictivc
301 1657 439 1693 cogitatur
462 1661 490 1684 et
511 1656 683 1684 mendaciter
704 1657 889 1692 conﬁngitur?
912 1658 964 1685 Per

180 1705 232 1731 hoc
249 1703 322 1730 cm‘m
338 1703 550 1730 discernendum
566 1702 730 1737 simpliciter
744 1703 778 1730 de
793 1704 964 1738 cogitationi-

181 1750 242 1781 hus,
263 1749 337 1783 quod
360 1756 422 1775 vera
436 1747 549 1782 quidem
569 1748 603 1775 de
626 1749 824 1776 exsistentibus
839 1750 964 1777 nascitur

180 1794 275 1823 nobis.
290 1792 408 1820 mendax
422 1799 489 1819 vero
501 1791 536 1819 de
555 1799 610 1820 non
623 1793 822 1820 exsistentibus
839 1795 964 1822 nascitur

181 1842 207 1867 in
229 1839 329 1866 nobis:
348 1843 414 1865 sunt
431 1845 497 1873 ergo
516 1845 581 1865 vere
602 1838 767 1874 cogitatione
786 1839 847 1866 dua:
861 1839 962 1867 Christi

180 1890 303 1911 naturae:
317 1883 419 1911 ctenim
435 1887 463 1909 et
481 1882 610 1910 adunatm
628 1883 655 1910 in
671 1884 840 1919 cogitatione
868 1890 961 1913 nostra

180 1933 244 1956 sunt
264 1927 477 1961 conspectabilia
508 1931 614 1955 tantum
639 1936 645 1955 :
675 1929 748 1963 quod
775 1929 848 1956 enim
865 1935 961 1957 natura

180 1973 404 2004 invisibilehnon
419 1971 483 2006 quia
502 1972 596 1999 linitur
619 1973 702 2000 alicui
726 1973 764 2000 rei
782 1973 894 2007 visibili,
908 1975 961 2001 nisi

179 2017 368 2054 cogitatione;
394 2016 442 2044 sed
467 2017 578 2051 quando
601 2017 712 2051 quidem
734 2017 815 2045 simul
841 2019 961 2054 cogitare

178 2064 266 2097 plura,
276 2067 303 2089 et
316 2062 349 2088 de
364 2061 491 2096 pluribus
504 2069 582 2088 sensa
599 2070 677 2089 mens
687 2067 778 2090 nostra
793 2071 846 2090 non
860 2068 960 2098 potest,

178 2106 335 2134 necessario
350 2109 377 2133 et
391 2104 589 2132 aduuationem
603 2105 760 2132 dividentes
772 2106 805 2132 ab
822 2106 960 2140 adunatis,

178 2153 205 2179 in
218 2151 369 2187 judicando
387 2145 582 2178 adunationem
598 2155 626 2178 et
638 2152 766 2183 adunata,
779 2152 903 2180 videmus
919 2153 961 2180 di-

177 2203 286 2222 versum
302 2195 435 2229 cujusque
450 2202 626 2226 sermonem;
641 2198 669 2221 et
680 2195 862 2222 adunatorum
873 2196 961 2231 quod-

1012 295 1045 329 τῇ
1059 294 1127 329 αὐτῇ
1144 294 1250 330 ἐπινοίᾳ
1274 294 1322 320 καὶ
1335 293 1384 329 τὴν
1399 294 1531 329 διαφορὰν
1557 293 1630 320 ἴσασι
1651 293 1701 329 τὴν
1721 302 1803 328 φυσιη

1014 339 1065 374 κὴν
1086 340 1117 366 ὲν
1130 339 1167 374 τῷ
1185 340 1268 375 αὐτῷ,
1286 339 1383 375 ὥσπερ
1399 339 1502 374 ταύτην
1513 339 1685 374 ὁμολογοῦσι,
1702 340 1795 366 κάκεί-

1014 393 1063 420 νην
1085 386 1357 420 ἀναγκασθήσονται·
1375 385 1391 420 ﬂ
1418 386 1443 411 εἰ
1459 384 1574 419 πλάσμα
1595 384 1672 411 ἐστὶν
1696 385 1802 420 ἐκείνη,

1015 431 1063 458 καὶ
1075 431 1177 466 ταύτην
1189 431 1276 463 οὕτως
1291 431 1363 466 ἔχειν
1377 430 1509 464 λέξονταν
1525 430 1551 456 εἰ
1566 429 1594 456 δὲ
1607 429 1657 465 τὴν
1668 430 1803 466 διαφορὰν

1012 477 1062 503 οὐκ
1088 477 1206 513 ἐπινοίᾳ,
1223 476 1281 503 ἀλλ’
1308 477 1434 511 αἰσθήσει
1458 476 1525 511 ὁρᾷν
1549 476 1618 511 αὐτῇ
1645 475 1758 507 εἴποιεν,
1774 476 1804 502 τὸ

1014 522 1130 558 ἀόρατον
1147 522 1285 557 αἰσθητῶς
1298 523 1364 558 ὀρᾷν
1378 520 1626 554 διαϐεϐαιούμενοι,
1646 520 1803 555 θαυμασθή-

1014 576 1118 595 σονται-
1135 569 1161 595 εἰ
1183 568 1212 595 δὲ
1231 569 1338 604 ἐπινοίᾳ
1365 568 1414 602 μὲν
1436 568 1520 602 ἄμφω
1541 566 1650 602 ὁρῶσιν,
1667 566 1735 594 ἀλλὰ
1754 566 1804 601 τὴν

1014 612 1063 648 μὲν
1077 612 1209 648 διαφορὰν
1229 614 1262 648 τῇ
1279 612 1332 639 τῶν
1347 612 1432 639 ὄντων
1466 613 1576 648 κριτικῇ
1598 612 1646 638 καὶ
1661 611 1716 638 τῶν
1733 611 1802 646 ὑπὲρ

1012 658 1139 694 αἴσθησιν
1151 658 1352 694 καταληπτικῇ,
1368 658 1417 692 τὴν
1439 658 1468 685 δὲ
1486 657 1570 685 δυάδα
1584 659 1616 693 τῇ
1629 657 1682 685 τῶν
1699 657 1736 692 μὴ
1756 656 1800 683 ὅν-

1012 713 1066 731 των
1088 704 1291 740 ἅναπλαστικῇ,
1312 704 1409 740 πρῶτα
1432 703 1483 739 μὲν
1496 703 1522 730 τί
1540 703 1577 738 μὴ
1599 703 1646 730 καὶ
1665 702 1732 730 δέκα
1755 703 1803 730 καὶ

1013 751 1099 777 εἰκοσι
1117 750 1165 777 καὶ
1186 750 1333 786 τριάκοντα
1349 750 1445 784 φύσεις
1459 749 1666 784 ἀναπλάττομεν
1680 748 1802 784 Χριστῷ,

1012 795 1080 822 ἀλλὰ
1093 795 1140 822 δύο
1155 796 1251 831 μόνον;
1271 795 1313 828 τίς
1333 795 1360 822 δὲ
1373 796 1421 822 καὶ
1438 794 1637 830 ἐνομοθέτησεν
1653 795 1720 830 ἡμῖν
1734 794 1802 822 ττλὰ-

1014 849 1106 877 σματα
1121 841 1296 876 δογματίζειν
1317 841 1362 868 ἐπὶ
1377 841 1495 876 Χριστοῦ
1509 839 1556 866 τοῦ
1572 839 1701 874 ἀληθινοῦ
1720 840 1801 868 Θεοῦ.

1013 887 1061 914 καὶ
1080 887 1244 921 φαντασίαις
1261 887 1356 922 μόναις
1381 885 1582 920 ἀπαιωρεῐσθαι
1609 886 1660 920 τὴν
1688 885 1800 914 πίστιν;

1013 932 1217 968 εἰδωλολατρεῖν
1233 932 1261 961 δὲ
1271 933 1321 960 οὐκ
1337 931 1437 964 ἔξωθέν
1449 940 1521 963 πως,
1535 931 1592 958 ἀλλ’
1604 932 1633 958 ἐν
1644 931 1711 966 αὐτῇ
1725 931 1803 965 ἡμῶν
1822 956 1837 962 χ,

1014 978 1046 1013 τῇ
1061 978 1146 1013 ψυχῇ,
1162 977 1198 1004 τὰ
1218 979 1254 1013 μὴ
1271 978 1334 1005 ὅντα
1353 977 1598 1008 ἁναπλαστοῦντας,
1615 974 1673 1003 εἷτα
1688 977 1735 1002 καὶ
1750 985 1798 1010 μου

1014 1024 1192 1058 θολογοῦντας
1208 1024 1278 1051 αὐτὰ.
1301 1025 1358 1056 τοῖς
1383 1024 1504 1056 λοιποϊςς
1520 1024 1606 1051 ταῦτα
1623 1024 1677 1059 γὰρ
1691 1024 1801 1053 δοθέντα

1014 1070 1070 1096 πᾶν
1091 1078 1118 1096 τε
1133 1070 1164 1096 τὸ
1178 1070 1227 1104 τῆς
1242 1070 1384 1102 εὐσεὸείας
1407 1065 1566 1106 μυστήριον,
1589 1071 1634 1097 καὶ
1656 1070 1718 1101 τοὺς
1730 1070 1801 1096 διδα-

1014 1115 1130 1146 σκαλους
1144 1115 1247 1147 πάντας
1263 1115 1322 1150 ἅμα
1344 1116 1393 1151 μιᾷ
1420 1116 1554 1151 προλήψει
1572 1118 1603 1150 τῇ
1620 1115 1666 1142 τοῦ
1685 1115 1800 1150 ψεύδους

1013 1158 1189 1193 ἁὸεσαιότητι
1202 1158 1369 1194 διασύραντα
1389 1159 1584 1194 καταστρέφει.
1602 1157 1661 1185 Ἔτι
1677 1159 1705 1185 δὲ
1722 1158 1800 1193 λεγέ-

1013 1211 1104 1230 τωσαν
1120 1203 1184 1238 ἡμῖν
1199 1203 1293 1236 ὅντως,
1311 1201 1334 1229 εἰ
1346 1203 1440 1238 ἄραγε
1454 1203 1525 1230 κατὰ
1539 1202 1640 1238 ταύτην
1652 1202 1736 1236 αὐτὴν
1751 1201 1801 1237 τὴν

1014 1249 1147 1282 ἐπίνοιαν,
1165 1249 1226 1276 καθ’
1242 1249 1276 1284 ἢν
1292 1249 1339 1276 δῦο
1362 1250 1428 1283 φασὶ
1450 1249 1499 1280 τὰς
1515 1248 1620 1283 φύσεις,
1641 1248 1731 1280 ἔξεστί
1744 1256 1798 1274 τινι

1014 1292 1145 1328 Πατέρων
1165 1293 1181 1327 ἣ
1196 1293 1353 1320 ἀποστόλων
1370 1294 1457 1321 εἰπεῖν
1475 1295 1542 1321 δέκα
1557 1293 1606 1326 τὰς
1622 1293 1717 1329 φύσεις
1729 1294 1797 1329 Χριι

1014 1336 1088 1367 στοῦ,
1105 1336 1121 1371 ἢ
1146 1337 1326 1372 πεντήκοντα,
1344 1337 1361 1372 ἢ
1386 1338 1473 1365 οὐδενὶ
1497 1337 1615 1372 ἀληθῶς.
1635 1338 1665 1365 Εἰ
1681 1337 1730 1372 μὲν
1746 1337 1800 1372 γὰρ

1013 1380 1077 1416 ἐξῆν
1093 1377 1200 1414 ἀληθῶς
1218 1382 1314 1413 εἰπεῖν,
1331 1382 1356 1408 τί
1371 1383 1408 1418 μὴ
1423 1382 1525 1418 ἔφασαν
1547 1383 1679 1418 τάληθές
1710 1383 1799 1410 καίτοι

1013 1427 1109 1454 τούτου
1123 1427 1291 1463 ζητουμένου
1306 1428 1398 1462 πάλαι,
1414 1429 1497 1456 πόσαι
1514 1429 1548 1455 ἂν
1564 1427 1619 1456 εἶεν
1638 1430 1758 1464 Χριστοῦ
1772 1429 1798 1456 αἱ

1014 1472 1120 1507 φύσεις.
1143 1473 1174 1499 Εἰ
1207 1473 1234 1499 δὲ
1253 1474 1290 1509 μὴ
1306 1474 1378 1500 ἐστιν
1394 1474 1464 1509 ὑπὲρ
1477 1474 1526 1506 τὰς
1543 1473 1590 1500 δύο
1614 1473 1720 1509 ἀληθῶς
1738 1474 1798 1500 ἐπι-

1014 1518 1110 1551 νοῆσαι
1127 1519 1178 1549 τὰς
1197 1518 1292 1552 φύσεις
1306 1519 1436 1554 Χριστοῦ,
1449 1519 1528 1553 δῆλον
1548 1519 1587 1551 ὡς
1606 1519 1652 1546 τοῦ
1670 1520 1799 1554 πράγμα-

1015 1572 1059 1594 τος
1073 1563 1123 1598 τὴν
1135 1563 1264 1599 ἀλήθειαν
1276 1564 1329 1595 ἕως
1349 1564 1424 1591 τοῦδε
1437 1565 1482 1592 τοῦ
1498 1565 1616 1600 ἀριθμοῦ
1632 1565 1750 1600 ἔχοντος.
1766 1566 1799 1592 Εἰ

1014 1610 1042 1637 δὲ
1065 1610 1208 1646 πράγματι
1232 1611 1278 1636 καὶ
1293 1609 1407 1646 ἀληθείᾳ
1421 1611 1605 1646 ἐπινενόηται,
1622 1612 1648 1638 τι
1662 1609 1709 1638 οὖν
1734 1613 1800 1639 ἀνα.

1015 1655 1170 1686 πλαστικῶς
1186 1655 1310 1690 νενόηται
1323 1655 1370 1682 καὶ
1380 1656 1568 1690 πεφάντασται
1579 1656 1700 1691 datume;
1713 1656 1800 1691 τούτῳ

1014 1701 1069 1736 γὰρ
1086 1701 1239 1736 διακριτέον
1254 1701 1346 1733 ἁπλῶς
1365 1702 1415 1733 τὰς
1429 1701 1560 1735 ἐπινοίας,
1576 1702 1618 1729 ὅτι
1637 1703 1652 1737 ἡ
1671 1703 1718 1737 μὲν
1733 1702 1798 1737 ἀλη-

1014 1746 1063 1781 θὴς
1084 1746 1137 1773 ὑπὸ
1158 1746 1211 1773 τῶν
1230 1746 1316 1774 ὅντων
1332 1748 1460 1781 γεννᾶται
1475 1747 1552 1783 ἡμῖν,
1573 1749 1589 1783 ἡ
1606 1748 1634 1774 δὲ
1645 1748 1747 1783 ψευδὴς
1765 1749 1798 1774 τὰ

1016 1792 1052 1827 μὴ
1070 1791 1133 1819 ὄντα
1156 1793 1238 1828 γεννᾷ
1259 1793 1287 1818 ἐν
1303 1793 1378 1827 ἡμῖν.
1406 1792 1482 1820 Εἰσὶν
1504 1793 1551 1820 οὖν
1570 1793 1677 1829 ἀληθῶς
1699 1794 1745 1821 δύο
1764 1796 1798 1829 τῇ

1013 1838 1121 1875 ἐπινοίᾳ
1143 1840 1171 1866 αἰ
1198 1839 1293 1873 φύσεις
1310 1839 1440 1874 Χριστοῦ·
1460 1840 1506 1867 καὶ
1522 1841 1587 1875 γὰρκ
1599 1841 1646 1867 καὶ
1659 1842 1798 1876 ἡνωμέναι

1012 1887 1044 1921 τῇ
1063 1885 1170 1921 ἐπινοίᾳ
1187 1885 1264 1920 ἡμῶν
1281 1886 1335 1912 εἰσι
1349 1886 1485 1922 θεωρηταὶ
1500 1886 1590 1921 μόνον·
1606 1886 1636 1913 τὸ
1650 1886 1702 1922 γὰρ
1716 1886 1795 1920 φύσει

1012 1931 1136 1966 ἀόρατον,
1155 1931 1208 1957 οὐδ’
1225 1931 1266 1958 ὃτι
1283 1931 1385 1966 ἣνωταί
1400 1940 1452 1958 τινι
1468 1932 1579 1967 ὁρατὸνι
1599 1933 1622 1959 εἰ
1640 1932 1677 1967 μὴ
1692 1933 1724 1967 τῇ
1738 1932 1796 1958 ἐπι-

1012 1977 1081 2010 vel?
1100 1976 1156 2003 ἀλλ’
1174 1977 1234 2003 ἐπεὶ
1256 1976 1315 2011 ἅμα
1328 1978 1397 2003 νοεῖν
1414 1977 1537 2009 πλείονα,
1558 1976 1606 2003 καὶ
1628 1978 1693 2011 περὶ
1708 1977 1797 2004 πλειό-

1011 2030 1064 2048 νων
1078 2022 1202 2057 νοήματα
1222 2022 1236 2047 ὸ
1254 2022 1316 2054 νοῦς
1331 2022 1408 2058 ἡμῶν
1433 2023 1462 2049 οὐ
1489 2023 1610 2061 δύναται,
1641 2023 1797 2057 ἀναγκαίως

1011 2067 1059 2094 καὶ
1071 2068 1121 2101 τὴν
1135 2067 1230 2094 ἕνωσιν
1255 2067 1507 2100 ἀποδιαστέλλοντες
1523 2069 1577 2094 τῶν
1592 2069 1751 2103 ἡνωμένων,
1767 2069 1798 2095 ἐν

1011 2111 1049 2146 τῷ
1062 2111 1165 2146 κρίνειν
1180 2111 1277 2138 ἕνωσιν
1293 2112 1339 2138 καὶ
1353 2112 1479 2147 ἡνωμένα
1489 2132 1496 2145 ,
1519 2113 1628 2147 ὁρῶμεν
1645 2113 1689 2138 τὸν
1704 2113 1794 2147 διάφο-

1013 2165 1058 2191 ρον
1073 2157 1188 2183 ἑκάστου
1205 2155 1295 2190 λόγον’
1310 2156 1356 2183 καὶ
1375 2157 1428 2183 τῶν
1449 2157 1594 2192 ήνωμένων
1608 2157 1723 2184 ἕκαστον
1736 2157 1796 2184 κατ’

1013 2203 1080 2230 ἰδίαν
1096 2203 1271 2236 σκοποῦντες,
1297 2204 1361 2230 ποῖα
1383 2205 1430 2230 καὶ
1447 2205 1509 2231 ποῖα
1526 2204 1580 2239 ἔχει
1597 2205 1652 2231 ἴδια
1667 2204 1795 2240 γνωρίζο-

178 2249 231 2276 que
253 2240 406 2268 secundum
430 2239 625 2274 proprietatem
655 2240 877 2280 considerantes,
899 2250 959 2276 qua

1013 2256 1072 2283 μεν·
1089 2248 1112 2274 εἰ
1123 2248 1176 2284 γὰρ
1193 2248 1231 2284 μὴ
1244 2248 1330 2280 οὕτως
1343 2250 1461 2284 γνῶμεν,
1477 2249 1537 2276 οὑδέ
1552 2250 1601 2285 τὴν
1611 2249 1706 2278 ἕνωσιν
1721 2239 1795 2277 νοοῦ-

177 2292 204 2314 ct
219 2294 279 2321 qurc
299 2285 382 2312 habet
402 2285 511 2319 propria
529 2285 686 2318 noscimus;
711 2286 733 2312 si
752 2286 824 2313 enim
845 2295 898 2314 non
920 2287 959 2314 sic

177 2331 384 2367 cognoscimus,
401 2338 455 2357 non
470 2330 665 2358 adunationem
680 2331 857 2367 intelligimus
871 2341 877 2365 ;
901 2333 958 2367 ipsa

176 2379 250 2405 cuitu
268 2385 315 2411 per
327 2380 450 2404 mutuam
464 2377 665 2412 proprietatum
683 2378 959 2406 communicationem

176 2423 365 2457 conspicitur;
389 2423 472 2449 simul
492 2430 559 2450 vero
584 2427 682 2450 cuncta
709 2423 827 2450 adunata
849 2428 877 2452 et
898 2433 961 2459 pro-

177 2467 312 2502 prietates
340 2473 436 2492 eorum
448 2486 456 2497 ,
478 2470 506 2492 ct
521 2466 697 2493 adunationis
715 2467 896 2501 proprietates
915 2475 961 2495 co-

176 2514 281 2549 gitare,
302 2520 356 2539 non
378 2517 420 2539 est
441 2513 507 2543 ulli,
531 2520 584 2539 una
602 2517 629 2538 et
655 2513 771 2546 simplici
795 2512 959 2548 imaginandi

176 2559 293 2586 actione.
312 2558 471 2585 Necessario
486 2565 550 2592 ergo
572 2557 756 2584 atlunatorum
769 2559 884 2592 quidem
901 2558 959 2586 dis-

178 2603 327 2631 tinctiones
361 2602 513 2629 secundum
541 2602 707 2636 imaginandi
731 2602 785 2629 uim
807 2602 960 2638 efﬁngimus

175 2648 358 2683 cogitatione;
375 2647 422 2673 sed
438 2651 464 2672 et
481 2646 547 2672 illud
558 2665 564 2677 .
583 2646 684 2672 nonad
708 2647 896 2674 mentiendum
912 2656 959 2674 co-

175 2693 307 2728 gitatione
323 2693 350 2719 in
363 2692 443 2719 nobis
457 2691 523 2726 ipsis
538 2691 572 2718 de
590 2699 680 2718 rerum
696 2697 958 2727 coagmentatarum,

176 2747 231 2766 non
258 2740 331 2766 enim
357 2738 403 2765 hic
427 2741 486 2765 erat
513 2737 586 2769 ﬁnis,
602 2737 648 2765 sed
668 2746 701 2764 eo
713 2739 786 2773 quod
808 2747 840 2766 cx
861 2744 959 2767 natura

176 2790 269 2813 nostra
292 2785 485 2815 mendacium,
509 2788 538 2810 ut
557 2783 595 2810 ita
618 2784 725 2817 dicam;
749 2795 757 2809 ι
773 2785 864 2812 omnis
885 2786 959 2813 enim

176 2833 259 2859 homo
274 2830 390 2857 mendax
403 2831 420 2855 ί.
434 2838 441 2852 ι
455 2829 505 2862 Qui
519 2829 592 2855 enim
606 2829 632 2856 in
647 2837 700 2856 uno
715 2831 860 2864 nequimus
875 2831 959 2857 multa

230 2889 234 2902 ’
254 2888 331 2913 ﬂuxu.
349 2894 389 2917 tu,
410 2885 438 2912 ὦ.

1012 2302 1071 2328 μεν·
1090 2293 1160 2329 αὕτη
1177 2294 1232 2329 γὰρ
1253 2294 1296 2321 διὰ
1312 2294 1361 2329 τῆς
1378 2295 1538 2326 ἀντιδόσεως
1560 2295 1613 2322 τῶν
1637 2295 1709 2323 ἰδίων
1729 2296 1797 2323 καθ-
1835 2300 1841 2305 ’

1010 2339 1120 2374 oga-rat.
1141 2339 1198 2373 ἅμα
1211 2339 1240 2365 δὲ
1255 2340 1343 2366 πάντα
1357 2340 1392 2367 τὰ
1406 2340 1544 2375 ἡνωμένα,
1562 2342 1609 2367 καὶ
1625 2341 1660 2367 τὰ
1677 2341 1730 2368 ῐδια
1746 2341 1791 2368 αὒ-

1009 2383 1073 2416 τῶν,
1100 2383 1147 2410 καὶ
1164 2384 1197 2410 τὰ
1213 2385 1264 2419 τῆς
1283 2384 1406 2416 ἐνώσεως
1420 2385 1476 2413 ἴδια
1492 2387 1572 2417 νοεῖν,
1591 2386 1641 2413 οὐκ
1661 2387 1733 2412 ἐστιν
1748 2385 1795 2412 οὑ-

1009 2428 1064 2455 δενὶ
1077 2429 1126 2464 μιᾷ
1138 2429 1184 2455 καὶ
1200 2428 1272 2464 ἁπλῇ
1290 2429 1438 2465 φαντασία.
1452 2430 1621 2464 Ἀναγκαίως
1631 2428 1677 2458 οὗν
1690 2429 1739 2462 τὰς
1748 2430 1798 2464 μὲν

1009 2473 1149 2504 διαστολὰς
1163 2473 1217 2499 τῶν
1234 2474 1380 2509 ἡνωμένων
1399 2476 1470 2501 κατὰ
1495 2475 1644 2509 φαντασίαν
1660 2476 1792 2506 ἀναπλάτ-

1009 2526 1092 2552 τομεν
1111 2520 1144 2554 τῇ
1161 2519 1278 2554 ἐπινοίᾳ·
1298 2519 1365 2546 ἀλλὰ
1382 2521 1429 2546 καὶ
1442 2520 1509 2553 τόδε,
1529 2521 1559 2547 οὺ
1578 2521 1621 2548 διὰ
1639 2521 1670 2547 τὸ
1693 2521 1795 2555 ψεύσας

1010 2563 1071 2590 σθαι
1086 2565 1119 2599 τῇ
1136 2564 1244 2599 ἐπινοίᾳ.
1256 2565 1284 2591 ἐν
1296 2565 1404 2597 ἑαυτοῖς
1418 2566 1468 2600 τὴν
1478 2565 1612 2602 διάκρισιν
1622 2566 1675 2592 τῶν
1688 2575 1797 2600 συγκει-

1015 2609 1114 2643 μένων·
1144 2609 1174 2635 οὐ
1191 2609 1245 2644 γὰρ
1267 2607 1344 2641 οὗτος
1360 2608 1394 2645 ἦν
1417 2611 1530 2642 σκοπὸς,
1551 2610 1619 2637 ἀλλὰ
1642 2611 1686 2637 διὰ
1702 2611 1797 2646 τὸτῆς

1009 2654 1116 2688 φύσεως
1130 2653 1208 2688 ἡμῶν
1223 2653 1330 2688 ψευδὲς,
1341 2654 1378 2685 ὡς
1388 2656 1486 2682 εἰπεῖν·
1503 2665 1511 2680 ι
1525 2656 1578 2686 πᾶς
1590 2655 1644 2691 γὰρ
1655 2655 1798 2691 ἄνθρωπος

1008 2698 1129 2733 ψεύστης
1148 2706 1155 2713 '
1172 2709 1181 2724 ι
1197 2700 1225 2725 οὺ
1239 2699 1396 2734 δυναμένων
1464 2700 1492 2726 ἓν
1500 2700 1533 2726 τὰ
1541 2700 1626 2728 πολλὰ
1634 2702 1714 2734 νοεῖν,
1726 2703 1796 2736 ἡνω-

1011 2744 1089 2778 μένα,
1101 2746 1125 2769 εἰ
1143 2743 1180 2778 μὴ
1196 2743 1240 2769 διὰ
1253 2742 1330 2770 τοῦδε
1343 2744 1390 2770 τοῦ
1408 2734 1510 2779 τρόπου
1525 2745 1681 2780 ἐπιστῶμεν
1694 2748 1726 2782 τῇ
1737 2734 1797 2772 τῶν

1009 2788 1155 2821 ἡνωμένων
1170 2788 1294 2823 ἀληθείᾳ,
1320 2789 1389 2815 πόσα
1408 2798 1436 2816 τε
1461 2790 1507 2816 καὶ
1522 2790 1601 2817 ὁποῖα
1618 2790 1708 2823 ἱδικῶς
1723 2792 1797 2817 ἐστιν

1010 2833 1134 2867 ἕκαστον·
1153 2834 1247 2861 τούτου
1273 2835 1299 2861 δὲ
1320 2836 1356 2870 μὴ
1373 2835 1550 2869 γνωσθέντος,
1579 2836 1632 2863 οὐδ’
1651 2837 1690 2863 ὅτι
1713 2836 1799 2869 ὖντως
