1963 3077
211 126 282 159 1779

213 235 311 258 natura
326 229 420 263 Verbi,
438 235 466 257 et
489 238 549 265 qua:
564 230 754 262 humanitatis.
777 237 874 260 natura
897 233 999 266 carnis,

213 275 352 310 quomodo
370 283 427 302 non
443 275 504 302 duae
512 279 616 302 naturae
627 275 813 304 immutabiles
827 278 854 304 in
869 278 1001 305 Christo?

250 322 292 348 l7.
309 321 407 350 Adhuc
427 321 594 353 differentia,
617 322 799 356 quorumdam
817 323 972 351 dill‘erentia
993 333 1000 350 :

215 367 292 401 cujus
305 367 378 394 enim
397 374 488 394 sermo
502 366 537 394 de
559 367 643 394 rebus
664 367 691 394 in
714 376 769 402 quo
784 373 811 396 et
831 378 885 396 non
903 370 937 397 dc
958 377 1003 397 re-

215 413 266 438 bus
283 412 433 443 secundant
445 420 517 446 qum,
541 415 639 440 tractat
655 421 662 445 ;
679 413 862 441 diﬂ'erentiam
883 423 948 450 ergo
962 415 1002 442 di-

215 462 329 489 centes,
356 463 384 485 et
409 457 584 485 diﬂ‘erentem
607 466 668 486 esse
691 459 719 486 in
749 459 860 487 Christo
886 460 1004 492 daretis;

216 508 317 537 quanta
326 510 390 529 vero
397 503 454 530 luce
465 503 534 530 duas
542 504 637 530 saltem
649 504 789 538 diceretis,
803 513 864 539 qua:
873 513 938 532 vero
949 506 1006 532 haec

216 549 272 575 sint
286 548 308 575 si
322 549 530 583 interroganiini
543 569 550 581 ,
572 549 744 577 divinitatem
759 555 787 577 et
804 551 1006 578 humanitatem

229 594 423 626 enuntiaretis,
444 599 474 620 ut
493 600 576 628 puto;
598 596 665 629 quid
685 603 751 622 vero
772 596 830 623 haec
840 596 1007 630 cognoscitis

217 639 446 673 consequentium
460 639 487 665 in
496 639 729 675 illisinterrogati,
739 641 804 668 licet
812 650 866 668 non
876 642 1007 676 sintqua-

218 684 252 711 lia
262 688 309 711 aut
320 690 434 718 quanta,
444 690 491 714 aut
504 685 615 713 habitus
628 691 675 713 aut
693 687 784 714 simile
803 688 954 721 quoddam,
964 695 1009 715 es-

217 730 322 758 sentias
329 729 440 764 penitus
449 731 629 765 conﬁtemini,
639 732 694 758 duo
702 740 767 767 ergo
774 733 1007 762 essentiasdieere

220 784 267 804 vos
290 785 324 804 ex
338 776 495 804 diﬂ‘erenlia
508 777 542 804 de
553 777 675 810 Christo,
689 778 832 805 evidenter
850 779 1008 806 inducetur.

254 823 297 849 18.
316 823 521 858 [interrogemus
537 831 586 851 vos
607 824 707 857 adhuc,
730 824 840 857 fratres,
858 825 940 852 dicite
961 833 1006 852 se-

219 869 340 896 cundum
356 870 422 904 quid
437 869 651 897 discernendum
665 878 680 897 a
694 871 774 898 Patre
784 871 883 898 Filium
897 875 925 897 et
940 872 1006 899 Ver-
1019 861 1042 890 Β

221 915 296 947 bum,
315 916 428 942 arinen?
445 915 554 943 Scimus
575 923 640 952 ergo
661 917 733 951 quod
760 917 853 944 dicitis
881 921 909 943 et
932 917 1004 952 quod

220 961 428 988 subsistentiam
452 961 519 988 illud
542 969 602 988 esse
627 961 807 989 conﬁtemini.
832 962 910 990 Absit
932 963 1005 990 enim

219 1007 299 1034 vobis
316 1007 374 1033 haec
387 1007 589 1042 blasphemare,
600 1007 672 1034 absit
683 1008 796 1042 reliquis
808 1008 840 1035 ad
857 1010 1005 1042 perfectam

221 1052 350 1086 pietatem
360 1060 471 1085 carere;
489 1061 600 1080 rursum
623 1061 688 1088 ergo
710 1053 943 1089 interrogabimus
960 1061 1007 1082 vos

221 1103 248 1125 et
262 1099 314 1127 hoc
326 1108 332 1126 :
349 1107 363 1126 a
379 1099 488 1134 propria
509 1107 591 1127 carne
609 1099 694 1126 dicite
707 1100 800 1134 aliquo
812 1099 895 1126 modo
909 1099 1007 1127 distin-

222 1145 360 1180 guendum
373 1145 504 1178 Verbum,
518 1153 552 1172 an
570 1146 642 1173 nan?
660 1145 688 1172 Si
703 1146 779 1173 nullo
793 1146 874 1172 modo
884 1145 1005 1180 quidem,

187 1206 190 1208 ν
224 1191 379 1225 propiorem
392 1191 463 1218 hanc
481 1199 590 1218 carnem
614 1191 695 1218 Verbi
711 1195 738 1218 et
749 1191 836 1226 magis
859 1191 1007 1218 adunatam

223 1244 304 1270 quam
322 1244 384 1263 cum
404 1236 484 1263 Patre
509 1236 657 1270 exponitis,
681 1237 806 1271 quamvis
823 1236 954 1264 adunatio
972 1236 1009 1263 sit

223 1290 284 1308 eum
309 1282 388 1309 Patre
407 1282 557 1309 secundum
582 1282 766 1317 hypostasim;
791 1290 805 1309 a
832 1289 916 1312 carne
942 1289 1008 1309 vero

223 1336 283 1362 qua:
303 1327 390 1362 ipsius
403 1333 443 1354 est
457 1335 509 1354 nec
521 1328 674 1355 secundum
692 1332 818 1354 naturam
839 1336 891 1355 nee
907 1336 1008 1355 secun-

225 1368 289 1400 dum
303 1373 509 1401 subsistentiam
524 1374 679 1400 secernitur
690 1373 822 1402 Verbum.
837 1374 864 1401 Si
876 1382 942 1401 vero
956 1374 1008 1401 ali-

225 1427 279 1454 quo
297 1419 378 1446 modo
392 1423 419 1445 et
439 1419 524 1453 ipsam
544 1419 615 1446 hanc
628 1419 710 1446 Verbi
725 1427 835 1447 carnem
855 1420 1011 1448 discernitis

225 1465 310 1492 verbo
329 1468 358 1492 et
376 1472 430 1491 non
444 1464 640 1498 distinctionis,
662 1473 712 1492 cur
728 1465 753 1492 id
772 1466 955 1500 respondete;
971 1466 1010 1492 si-

226 1510 336 1545 quidem
347 1518 411 1546 ergo
420 1511 516 1538 eodem
528 1514 719 1538 secerneretur
735 1511 838 1538 modoa
850 1520 904 1546 quo
919 1511 1009 1544 Patre,

227 1561 254 1582 et
273 1556 427 1590 hypostasis
449 1556 517 1590 ipsa,
532 1556 622 1591 primo
637 1556 748 1591 quidem
765 1557 834 1584 duas
858 1557 1012 1584 subsisten-

229 1602 279 1628 tias
296 1601 398 1629 Christi
411 1601 540 1634 dedistis;
556 1601 656 1629 deinde
673 1607 701 1629 et
716 1610 809 1637 parem
826 1603 899 1629 Patri
911 1610 1011 1629 secun-

229 1647 293 1678 dum
318 1651 415 1674 cuneta
433 1654 543 1674 carnem
563 1647 725 1679 attribuitis,
748 1647 771 1674 si
788 1655 837 1682 per
862 1648 958 1674 eadem
983 1652 1012 1675 et

230 1693 286 1720 sola
303 1700 317 1719 a
335 1693 414 1719 Patre
425 1696 452 1720 et
465 1692 598 1727 apropria
617 1700 699 1719 carne
716 1693 870 1720 secernitur
880 1693 1010 1720 Verbum.

230 1738 259 1765 Si
272 1746 338 1766 vero
351 1738 501 1765 secundum
522 1738 586 1772 quid
603 1738 687 1769 aliud,
702 1743 748 1765 aut
769 1743 895 1766 naturam
921 1747 1013 1767 neces-

228 1783 305 1814 sario
317 1783 344 1810 id
357 1792 428 1815 esse,
446 1785 493 1810 aut
508 1783 612 1818 aliquid
627 1787 725 1818 praeter
738 1787 863 1811 naturam
882 1789 910 1811 et
921 1784 1012 1811 subsi-

231 1830 358 1857 stentiam
375 1829 402 1856 in
427 1829 536 1856 Christo
554 1828 664 1856 habetis
687 1829 760 1864 quod
779 1829 867 1861 scitis,
895 1830 1013 1856 indicate

233 1875 327 1908 nobis;
341 1875 364 1902 si
375 1883 440 1902 vero
454 1875 653 1909 nihil,penitus
667 1874 818 1901 secundum
832 1880 935 1902 natura:
949 1874 1016 1901 Ver—

234 1922 298 1948 bum
315 1921 501 1948 deﬁnitionem
518 1921 589 1948 datis
603 1920 683 1948 Verbi
698 1925 725 1947 et
739 1921 829 1947 carnis
839 1921 872 1948 de
886 1921 1014 1951 Christo;

232 1967 409 1993 deﬁnitorum
428 1970 518 1993 autem
533 1970 560 1993 et
578 1973 711 1993 numerus
727 1971 771 1994 est
789 1966 1014 2000 quandoquidem

233 2013 331 2039 horum
363 2012 417 2039 duo
443 2011 556 2039 termini
590 2015 671 2044 sunt‘;
699 2019 783 2045 porro
814 2019 931 2046 quorum
960 2011 1016 2037 duo

233 2058 353 2089 termini,
377 2058 464 2092 liquet
480 2057 554 2092 quod
585 2060 612 2084 et
637 2056 693 2084 duo
722 2057 881 2084 deiinicntia
898 2077 906 2089 ,
939 2057 1015 2091 atqui

232 2105 254 2132 si
272 2109 432 2132 naturarum
448 2103 557 2131 termini
568 2107 643 2135 sunt,
652 2103 735 2130 verba
751 2102 1018 2136 deﬁnientia,liquet

231 2150 306 2184 quod
327 2154 433 2176 natura
459 2148 611 2175 manifesta:
628 2148 711 2179 ﬁent;
725 2148 784 2175 sine
802 2148 888 2174 dubio
905 2146 1018 2174 eviden-

832 132 983 161 LEtiNTU
1009 133 1208 164 BYZANTINI

250 184 290 210 I6.
305 182 335 210 Si
361 184 494 212 remansit
515 188 542 212 et
565 188 662 215 natura
685 192 745 220 quze
766 190 808 213 est
832 186 999 220 divinitatis,
1014 193 1036 219 Α

1769 133 1840 164 ιῖὃο

1087 193 1134 222 ις’.
1154 191 1183 216 Et
1208 190 1297 224 ἔμεινε
1311 190 1391 224 φύσις
1410 199 1437 217 τε
1456 190 1524 217 οὖσα
1547 190 1594 216 καὶ
1618 188 1742 224 θεότητος
1755 189 1771 222 ἡ
1787 189 1837 214 τοῦ

1052 236 1148 269 Λόγου,
1164 236 1210 262 καὶ
1221 235 1300 269 φύσις
1315 229 1383 262 οὗσά
1398 236 1444 261 καὶ
1459 234 1665 269 ἀνθρωπότητος
1679 234 1696 269 ἡ
1710 234 1757 268 τῆς
1773 241 1840 269 σαρ-

1052 282 1109 314 κὸς,
1126 281 1184 312 πῶς
1199 283 1228 307 οὺ
1244 281 1290 306 δύο
1305 281 1401 314 φύσεις
1420 280 1550 316 ἂτρεπτοι
1563 281 1591 306 ἐν
1602 279 1640 314 τῷ
1657 278 1785 314 Χριστῷ;

1089 327 1131 358 ιζ’.
1154 327 1214 353 Ἔτι
1235 327 1251 361 ἡ
1270 327 1399 362 διαφορὰ,
1417 325 1496 352 τινῶν
1515 325 1631 361 διαφορά
1643 333 1651 340 ·
1669 324 1724 350 τῶν
1738 324 1792 358 γὰρ
1811 323 1840 350 ἐν

1053 380 1105 398 τινι
1116 372 1160 397 καὶ
1169 371 1199 397 οὗ
1210 371 1264 396 τῶν
1279 370 1340 397 καθ’
1352 370 1422 397 αὐτὰ
1433 369 1588 403 νοουμένων
1599 370 1613 395 ό
1625 369 1729 403 ταύτης
1742 368 1820 401 λόγος
1830 375 1837 380 ·

1053 417 1184 451 διαφορὰν
1201 414 1247 442 οὖν
1270 417 1293 442 οι
1312 416 1446 449 λέγοντες,
1474 415 1521 441 καὶ
1542 414 1705 448 διαφέροντα
1722 412 1789 439 εἶναι
1811 413 1840 438 ἐν

1054 462 1165 498 Χριστῷ
1180 462 1291 489 δώσοιτε
1304 469 1311 476 ·
1339 461 1410 487 πόσα
1428 461 1456 486 δὲ
1477 460 1573 492 ταῦτα,
1595 459 1641 485 δύο
1666 458 1841 493 τούλάχιστον

1056 510 1183 543 φήσσιτε·
1204 508 1264 533 τινα
1278 507 1306 532 δὲ
1322 507 1408 533 ταῦτά
1422 508 1498 532 ἐστιν
1524 504 1762 540 εἰσπραττόμενοι,
1780 503 1842 529 θεό-

1056 563 1124 589 τητα
1140 553 1187 580 καὶ
1202 552 1398 587 ἁνθρωπότητα
1414 551 1585 585 όνομάσοιτε,
1602 550 1639 580 ὡς
1659 547 1736 584 οἶμαι
1748 556 1754 562 ”
1768 548 1795 575 τί
1813 548 1842 574 δὲ

1056 598 1118 624 τάδε
1135 593 1225 623 τῶνέν
1239 597 1295 627 τοῖς
1313 595 1400 630 γενῶν
1417 595 1473 621 ἴστε
1488 593 1692 628 ἀνακριθέντες,
1711 592 1791 627 εἴπερ
1805 593 1842 626 μὴ

1057 644 1098 678 εἴη
1122 643 1197 673 ποια,
1221 642 1237 676 ἢ
1257 642 1339 673 ποσὰ,
1364 641 1380 676 ἦ
1399 641 1515 676 σχέσεις,
1541 644 1558 679 ἦ
1576 648 1603 665 τι
1618 639 1729 670 τοιόνδε,
1747 638 1841 668 οὐσίας

1057 690 1248 724 ὁμολογήσοιτε
1271 687 1380 718 πάντως
1395 695 1401 701 ·
1419 687 1465 712 δύο
1484 686 1537 720 ἄρα
1553 684 1648 715 οὐσίας
1664 683 1753 716 λέγειν
1770 683 1842 717 ὑμᾶς

1057 736 1090 762 ὲκ
1106 735 1155 769 τῆς
1169 734 1301 768 διαφορᾶς
1316 732 1363 759 ἐπὶ
1380 732 1498 768 Χριστοῦ
1519 731 1610 765 σαφῶς
1631 729 1788 766 συνάγεται.

1097 830 1141 865 ιη’.
1163 828 1323 864 Ἐρωτῶμεν
1330 826 1358 853 δὲ
1373 827 1445 862 ὑμᾶς
1456 825 1507 858 ἔτι,
1522 824 1644 858 ἀδελφοί·
1656 822 1758 857 Λέγετε
1773 821 1844 848 κατά

1056 886 1082 903 τι
1099 874 1285 910 διακρίνεσθαι
1298 872 1344 899 τοῦ
1366 872 1430 899 ἰδίου
1439 871 1546 906 Πατρδς
1556 870 1600 897 τὸν
1611 869 1675 896 Υἱὺν
1686 868 1734 895 καὶ
1744 868 1841 901 Λόγον,

1056 923 1072 959 ἥ
1089 922 1167 957 οὐχι;
1187 921 1281 955 Ἶσμεν
1307 918 1353 945 οὖν
1368 918 1409 945 ὅτι
1424 917 1528 952 λέγετε,
1549 916 1596 943 καὶ
1617 916 1659 942 ὅτι
1680 915 1758 940 τοῦτο
1773 911 1842 939 εἶναι

1055 969 1104 1004 τὴν
1121 968 1270 994 ὑπόστασιν
1285 965 1442 1000 ὁμολογεῖτε
1456 972 1462 979 ·
1483 963 1520 998 μὴ
1537 962 1591 997 γὰρ
1616 961 1660 995 εἴη
1690 961 1754 995 ὑμῖν
1776 959 1842 994 μηδὲ

1055 1014 1140 1041 ταῦτα
1158 1013 1337 1048 βλασφημεῖν,
1356 1011 1424 1046 μηδὲ
1458 1009 1512 1036 τῶν
1530 1007 1700 1042 λειπομένων
1715 1006 1782 1041 πρὸς
1796 1014 1841 1031 τε-

1057 1060 1131 1086 λείαν
1164 1057 1307 1084 εὐσέϐειαν
1340 1056 1481 1092 ἀμοιρεῖν·
1511 1054 1591 1080 πάλιν
1615 1052 1661 1079 οὖν
1688 1050 1842 1095 πυθοίμεθα

1057 1106 1133 1141 ὑμῶν
1152 1106 1198 1131 καὶ
1220 1104 1297 1130 τόδε”
1313 1103 1362 1137 τῆς
1390 1102 1460 1132 ιδίας
1484 1099 1585 1134 σαρκὸς
1607 1098 1700 1132 λέγετε
1726 1096 1798 1123 κατά.
1814 1105 1841 1122 τι

1056 1151 1241 1186 διακρίνεσθαι
1259 1149 1304 1175 τὸν
1321 1146 1448 1182 Λόγον,ἢ
1471 1146 1547 1180 οὐχί;
1570 1145 1601 1171 Εἰ
1627 1145 1675 1178 μὲν
1698 1143 1744 1169 οὖν
1771 1142 1842 1168 κατὰ

1060 1197 1152 1233 μηδὲν,
1165 1195 1317 1230 ἐγγυτέραν
1337 1193 1438 1227 ταύτην
1467 1191 1509 1226 τῷ
1523 1191 1602 1225 Λόγῳ
1626 1189 1673 1215 καὶ
1699 1187 1844 1233 ᾒνωμένην

1060 1231 1161 1278 μᾶλλον
1175 1241 1220 1268 τοῦ
1240 1239 1345 1274 Πατρδς
1362 1237 1560 1272 παρεστήσατε,
1583 1235 1660 1268 εἴπερ
1673 1232 1720 1259 τοῦ

1058 1275 1120 1315 τωθ*
1138 1288 1305 1313 ὑπόστασινσ
1324 1286 1373 1318 τῆς
1395 1284 1423 1310 δὲ
1444 1281 1544 1317 σαρκὸς
1564 1281 1612 1314 τῆς
1636 1281 1664 1305 ὲν
1688 1276 1761 1311 αὐτῷ
1783 1275 1844 1301 οὐδὲ

1059 1334 1128 1362 κατὰ
1140 1333 1219 1368 φύσιν
1230 1331 1291 1358 οὐδὲ
1304 1329 1364 1357 καθ’
1374 1329 1522 1355 ὑπόστασιν
1535 1326 1705 1359 διακέκριται
1718 1321 1823 1354 όΛόγος
1837 1328 1844 1334 ·

1059 1381 1083 1406 et
1098 1379 1126 1406 δὲ
1141 1367 1212 1406 σιατά
1227 1387 1263 1408 τι,
1280 1377 1327 1403 καὶ
1346 1375 1446 1410 ταύτην
1463 1373 1509 1400 τοῦ
1521 1373 1607 1405 Λόγου
1621 1369 1774 1404 διακρινετε
1789 1367 1845 1392 δια-

1060 1420 1147 1460 φορᾷέ
1155 1423 1286 1457 λόγῳ,›ιαὶ
1297 1421 1326 1447 οὺ
1336 1420 1502 1454 διαιρέσεως,
1513 1417 1538 1443 τί
1551 1416 1639 1446 τοῦτο,
1648 1411 1842 1460 ἀποκρίνασθε.

1061 1457 1153 1506 illum
1168 1468 1213 1495 οὖν
1225 1468 1263 1502 τῷ
1276 1466 1349 1500 αὑτῷ
1363 1464 1423 1491 καθ’
1438 1464 1452 1490 ὃ
1463 1461 1566 1490 καὶτοῦ
1582 1460 1686 1495 Πατρὶς
1694 1457 1843 1492 διωρίζετο,

1062 1502 1209 1544 ὑπόστασις
1225 1513 1253 1538 δὲ
1267 1511 1346 1545 αὑτὴ,
1364 1508 1472 1544 πρῶτον
1491 1506 1539 1542 μὲν
1553 1506 1599 1532 δύο
1615 1505 1663 1535 τὰς
1680 1502 1844 1531 ὑποστάσεις

1063 1560 1182 1596 Χριστοῦ
1196 1551 1347 1585 δεδώκατε·
1365 1554 1424 1582 εἶτα
1437 1554 1465 1580 δὲ
1483 1554 1529 1580 καὶ
1545 1553 1605 1586 ἴσην
1620 1550 1657 1585 τῷ
1673 1547 1846 1596 Πατρῖήκατξι

1063 1592 1151 1633 πάντα
1160 1603 1209 1639 τὴν
1222 1603 1311 1638 σάρκα
1328 1599 1519 1636 παριστάνετε,
1536 1598 1562 1624 εἴ
1575 1605 1606 1630 γε
1624 1597 1679 1627 τοῖς
1695 1595 1785 1623 αὐτοῖς
1798 1592 1845 1618 καὶ

1064 1652 1154 1686 μόνοις
1180 1638 1211 1676 ἐκ
1229 1657 1259 1675 τε
1282 1647 1329 1673 τοῦ
1351 1646 1457 1680 nam;
1477 1644 1524 1670 καὶ
1549 1643 1600 1677 τῆς
1613 1641 1724 1682 οἰκείας
1744 1638 1845 1686 σαρκὸς

1062 1685 1229 1731 διακρίνεται
1247 1695 1261 1721 ὀ
1275 1694 1361 1727 Λόγος
1373 1701 1379 1707 ·
1395 1692 1418 1717 εἰ
1437 1691 1466 1717 δὲ
1481 1690 1541 1724 καθ’
1559 1688 1652 1724 ἕτερόν
1669 1696 1706 1717 τι,
1725 1685 1741 1721 ἢ
1766 1685 1846 1731 φύσιν

1062 1730 1169 1776 ἀνάγκη
1185 1741 1264 1768 τοῦτο
1285 1737 1365 1771 εἶναι,
1381 1739 1397 1773 ἡ
1411 1746 1437 1764 τι
1456 1736 1531 1771 παρὰ
1549 1734 1598 1771 τὴν
1613 1733 1694 1768 φύσιν
1714 1731 1761 1758 καὶ
1779 1730 1846 1757 ὑπό-

1064 1796 1158 1814 στασιν
1173 1788 1201 1812 ἐν
1215 1786 1254 1821 τῷ
1268 1784 1379 1819 Χριστῷ
1394 1783 1480 1817 ἔχοιτε
1494 1781 1603 1812 ειδέναι,
1617 1778 1755 1814 σημάνατε
1769 1776 1844 1810 ἡμῖν·

1064 1834 1088 1860 at
1105 1833 1132 1860 δὲ
1156 1832 1241 1864 οὐδὲν,
1259 1830 1366 1860 πάντως
1385 1828 1454 1856 κατὰ
1470 1827 1575 1861 φύσεως
1598 1825 1676 1858 λόγον
1697 1822 1780 1849 δίδοτε
1801 1821 1847 1846 τὸν
1876 1843 1877 1846 η

1065 1879 1203 1914 διορισμὸν
1218 1877 1264 1903 τοῦ
1279 1876 1365 1909 Λόγου
1379 1875 1425 1901 καὶ
1442 1874 1491 1909 τῆς
1516 1871 1615 1907 σαρκὸς
1639 1870 1685 1896 ἐπὶ
1709 1866 1827 1914 Χριστοῦ
1839 1874 1846 1880 ·

1065 1911 1120 1952 τῶν
1143 1911 1170 1950 δὲ
1191 1922 1385 1958 διοριζομένων
1412 1919 1458 1946 καὶ
1485 1917 1599 1953 ἀριθμός
1621 1916 1704 1944 ἐστιν,
1733 1911 1848 1958 ἐπείπερ

1065 1970 1149 1997 τῶνδε
1163 1969 1209 1995 δύο
1224 1957 1281 2004 ὅροι
1307 1967 1390 1993 εἰσίν·
1409 1963 1446 1992 ὧν
1462 1964 1491 1990 δὲ
1516 1963 1562 1990 δύο
1579 1962 1603 1988 οι
1624 1962 1692 1995 ὅροι,
1708 1958 1792 1993 δῆλον
1809 1957 1848 2004 ὅτι

1066 2017 1113 2043 καὶ
1127 2014 1174 2041 δύο
1188 2014 1222 2040 τὰ
1238 2012 1352 2048 όριστά·
1367 2011 1431 2037 εἰδὲ
1445 2010 1498 2036 τῶν
1514 2008 1621 2043 φύσεων
1637 2006 1662 2032 οἱ
1677 2006 1735 2040 ὅροι
1751 2005 1805 2030 εἰσὶ
1815 2003 1850 2029 τὰ

1066 2060 1172 2096 ὁριστὰ,
1188 2059 1266 2094 δῆλον
1280 2059 1320 2085 ὅτι
1334 2059 1361 2084 αἱ
1374 2056 1468 2090 φύσεις
1480 2052 1719 2088 ἀποδειχθήσονται
1733 2059 1739 2066 ’
1753 2048 1849 2096 οὔκουν

1067 2091 1220 2143 ἀίριομηταῖ
1243 2104 1336 2139 σαφῶς
1361 2103 1389 2129 αἱ
1413 2101 1507 2135 φύσεις
1532 2098 1665 2134 Χριστοῦ·
1696 2091 1851 2143 macta»

1068 2140 1139 2189 ﬁiﬁv
1150 2140 1268 2187 sim-rat,
1286 2149 1382 2179 ἓνωσις
1398 2147 1447 2182 μὲν
1468 2144 1643 2172 ὑποστάσεων
1661 2143 1689 2169 ὲν
1708 2142 1757 2176 μιᾷ
1773 2140 1850 2189 φύσει

233 2199 275 2222 ter
293 2194 480 2222 numerabiles
495 2193 598 2221 Christi
609 2197 730 2226 naturae;
744 2193 815 2220 bene
825 2200 889 2228 ergo
904 2200 919 2219 a
936 2191 1012 2219 nobis

1068 2186 1114 2226 sit}.
1128 2186 1185 2233 τῆς
1197 2197 1276 2231 ἁγίας
1298 2197 1344 2221 καὶ
1361 2190 1523 2227 ὗπερουσίου
1549 2189 1673 2226 Τριάδος,
1700 2188 1797 2217 ’ἑνωσις
1823 2186 1852 2233 δε

233 2241 354 2268 dicitur:
371 2240 504 2267 adunatio
526 2239 636 2274 quidem
655 2238 872 2265 substantiarum
891 2238 918 2264 in
935 2245 1017 2264 unam

234 2292 360 2313 naturam
380 2286 407 2312 in
423 2289 516 2312 sancta
532 2289 561 2311 et
575 2291 704 2319 suprema
720 2284 866 2315 Trinitate,
889 2283 1019 2310 adunatio

234 2339 299 2358 vero
319 2335 480 2358 naturarum
504 2329 530 2356 in
555 2337 636 2355 unam
653 2328 859 2355 subsistentiam
880 2328 908 2355 in
927 2332 1020 2354 sancta

233 2383 262 2405 et
278 2377 411 2404 ineﬂ‘abili
432 2375 620 2403 incarnatione
634 2375 727 2402 Verbi.
745 2374 802 2401 [loc
823 2374 896 2401 enim
909 2373 977 2400 dixit
994 2377 1022 2400 et

236 2422 365 2457 inquiens
375 2422 474 2460 Pater;
490 2421 659 2448 contrarium
681 2427 742 2446 esse
762 2419 884 2454 mysterii
911 2422 1022 2453 propter

188 2472 191 2475 ‘
235 2469 377 2496 Christum
391 2475 546 2494 sermonem
571 2466 691 2493 sermoni
705 2465 738 2492 de
765 2469 857 2491 sancta
877 2463 1021 2491 Trinitate.

274 2515 317 2541 19.
345 2515 545 2541 Percontcmur
565 2513 656 2539 adhuc
686 2516 714 2538 et
738 2510 804 2537 illud
819 2519 825 2536 :
839 2510 926 2545 Hujus
945 2511 1022 2545 juxta

237 2569 286 2588 vos
303 2564 408 2587 natura!
430 2559 532 2586 Christi
558 2558 618 2585 Filii
643 2557 689 2584 Dei
712 2555 845 2588 viventis,
872 2555 1022 2582 secundum

238 2606 312 2634 Petri
327 2609 412 2632 tutam
424 2604 636 2633 confessionem,
653 2603 738 2629 Deum
761 2602 881 2628 Verbum
894 2600 959 2635 quid
980 2599 1023 2626 di-

238 2653 302 2680 citis
319 2660 388 2684 esse,
410 2656 513 2685 partem
535 2657 570 2676 an
598 2648 707 2676 totum?
726 2647 754 2674 Si
777 2651 882 2682 partem
901 2646 1022 2680 quidem,

237 2703 266 2727 et
280 2698 366 2733 partis
382 2703 486 2725 natura:
498 2697 608 2724 Patrem
623 2694 706 2722 dicite
725 2694 849 2725 Patrem;
865 2700 948 2727 porro
965 2699 1026 2726 par-

239 2745 303 2770 tiale
320 2743 355 2770 sit
370 2741 500 2773 Verbum,
514 2740 539 2767 in
559 2744 691 2775 quantum
712 2743 811 2766 natura
828 2743 870 2766 est
886 2738 983 2768 Filius,
999 2742 1026 2763 et

240 2788 328 2821 Patris
341 2786 554 2814 eritsecundum
575 2785 729 2812 naturalem
750 2783 941 2819 paternitatem
965 2789 1027 2816 par—

242 2834 312 2872 ιξηιὶὶς
324 2833 492 2869 paternitns;
517 2839 685 2866 unaquaeque
700 2839 764 2864 eligo
787 2830 903 2858 duarum
921 2827 1028 2855 divina-

1069 2244 1123 2271 τῶν
1149 2232 1256 2277 φύσεων
1281 2242 1309 2267 ὲν
1334 2240 1382 2275 μιᾷ
1404 2238 1550 2269 ὑποστάσει
1573 2235 1618 2261 ἐπὶ
1639 2236 1688 2270 τῆς
1710 2233 1789 2266 ἁγίας
1805 2232 1853 2257 καὶ

1070 2290 1210 2324 ἀφράστου
1229 2286 1394 2322 σαρκώσεως
1413 2283 1461 2309 τοῦ
1489 2283 1589 2315 Λόγου·
1619 2280 1705 2324 τοῦτον
1721 2278 1774 2312 γὰρ
1801 2277 1852 2324 ἔφη]

1071 2321 1145 2360 κοιίὸ
1159 2332 1246 2366 λέγων
1267 2330 1373 2364 Πατὴρ,
1399 2328 1515 2363 ἔμπαλιν
1536 2326 1608 2360 ἔχειν
1631 2325 1677 2358 τὸν
1701 2323 1780 2356 λόγον
1805 2321 1853 2348 τοῦ

1071 2379 1141 2405 κατὰ
1155 2375 1271 2413 Χριστὸν
1293 2373 1453 2409 μυστηρίου,
1479 2372 1495 2406 ἢ
1511 2371 1556 2396 ἐπὶ
1570 2370 1619 2404 τῆς
1635 2368 1852 2404 ἁγίαςτριάδης.

1726 2443 1747 2452 Ι

1110 2505 1154 2530 ιο’.
1177 2502 1339 2538 Ἐρωτῶμεν
1363 2500 1404 2527 ἔτι
1432 2499 1480 2526 καὶ
1493 2498 1572 2525 τόδε·
1590 2497 1698 2532 Ταύτης
1720 2496 1769 2530 τῆς
1796 2495 1855 2521 καθ’

1075 2551 1147 2585 ὑμᾶς
1161 2549 1269 2584 φύσεως
1281 2546 1398 2582 Χριστοῦ
1412 2545 1459 2572 τοῦ
1471 2544 1537 2571 Υἱοῦ
1551 2543 1598 2570 τοῦ
1610 2543 1678 2569 Θεοῦ
1688 2541 1734 2568 τοῦ
1746 2540 1857 2574 ζῶντος,

1076 2595 1146 2622 κατὰ
1162 2594 1210 2629 τὴν
1232 2592 1279 2619 τοῦ
1305 2592 1408 2627 Πέτρου
1424 2590 1533 2625 ἀσφαλῆ
1552 2588 1706 2624 ὁμολογίαν,
1730 2587 1776 2612 τὸν
1793 2586 1859 2612 Θεὸν

1076 2641 1161 2674 Λόγον
1175 2640 1202 2666 τί
1217 2647 1285 2674 φατε
1299 2636 1378 2670 εἶναι,
1396 2637 1477 2672 μέρος
1491 2636 1507 2671 ἦ
1519 2635 1592 2667 ὄλον;
1606 2634 1629 2660 εἰ
1643 2634 1690 2667 μὲν
1702 2633 1755 2666 γὰρ
1767 2631 1859 2666 μέρος,

1077 2686 1124 2712 καὶ
1140 2686 1239 2722 μέρους
1257 2684 1363 2719 φύσεως
1374 2682 1483 2717 Πατέρα
1497 2681 1590 2714 λέγετε
1605 2680 1650 2705 τὸν
1667 2678 1791 2713 Πατέρα·
1812 2685 1860 2710 με-

1080 2733 1156 2768 ρικοῦ
1171 2733 1198 2759 δὲ
1214 2732 1290 2762 ὄντος
1300 2730 1347 2756 τοῦ
1360 2729 1446 2763 Λόγου
1462 2728 1531 2754 κατὰ
1544 2725 1592 2761 τὴν
1607 2725 1723 2760 φυσικὴν
1738 2723 1860 2757 υἰότητα,

1080 2779 1126 2805 καὶ
1138 2777 1182 2803 τοῦ
1200 2776 1311 2811 Πατρδς
1322 2775 1398 2801 ἔσται
1419 2773 1487 2800 κατὰ
1502 2772 1551 2807 τὴν
1570 2770 1687 2805 φυσικὴν
1707 2769 1863 2803 πατρότητα

1081 2824 1214 2859 μερικὴὴ
1241 2821 1393 2856 πατρὸτης·
1424 2818 1539 2852 ἑκατέρα
1571 2815 1617 2843 οὖν
1644 2816 1697 2843 τῶν
1719 2814 1765 2840 δύο
1783 2814 1862 2840 θείων
