1963 3077
221 122 289 156 i753

855 127 1011 158 LEONTH
1033 130 1230 159 BYZANTL‘H

1778 129 1850 160 ΠΜ

215 180 320 215 absque
335 180 486 207 chrismate
505 181 689 208 subsistentia:
703 182 869 215 adlnerenti,
882 191 934 210 nec
958 191 1004 210 un-

1058 186 1148 219 χρίσις
1175 185 1239 212 ἄνευ
1258 186 1426 220 οὐσιωμένου
1450 185 1611 221 χρίσματκ,
1626 184 1851 220 οὗτειχριόμενος

215 231 276 254 ctus
291 226 395 261 absque
412 226 588 255 subsistentia
602 228 749 262 quisquam
764 233 817 261 est.
841 236 892 257 nec
915 229 1007 257 adhuc

217 273 337 300 chrisma
353 277 381 299 et
395 277 509 300 unctum
525 280 577 300 una
593 277 635 301 est
648 273 837 307 subsistentia,
851 269 1005 303 evidenter.

218 317 318 345 Merito
339 325 406 352 ergo
432 323 462 345 et
484 325 576 345 rerum
603 322 631 345 et
656 319 800 346 nominum
828 321 1005 356 physicorum

219 363 370 398 dupliciter
385 368 487 391 certam
503 364 627 393 notitiam
642 365 790 398 habentes,
813 366 868 394 duo
887 367 1006 394 dicimus

217 409 320 436 Christi
341 414 465 436 naturas.

252 476 295 503 22.
313 476 410 504 Adhuc
430 477 462 504 ad
483 486 531 505 vos
553 477 693 512 loquimur
711 478 746 506 de
767 480 908 514 proposito
928 481 1007 508 vobis

217 526 299 556 prout
314 521 423 555 divino;
438 515 547 558 generis
562 531 661 550 nomen
679 531 733 550 non
749 525 872 552 admittit
883 533 1008 560 quocun-

217 576 270 603 que
289 568 373 595 modo
391 577 397 595 :
417 577 472 604 quo
490 570 563 596 cnim
584 570 673 604 primo
691 575 820 602 auclore.
839 571 905 606 quid
924 571 1007 599 altius

216 622 304 647 genus
318 615 387 642 erit?
402 615 472 642 illud
490 624 574 643 unum
592 617 741 651 dupliciter
754 621 860 644 tantum
876 617 909 644 de
925 617 1008 645 Chri-

218 665 262 686 sto
282 661 434 688 secundmu
459 662 653 696 priueipaliora
678 662 781 690 dicitur
801 662 900 695 verba;
925 667 1007 698 atque

218 707 240 733 si
263 707 416 734 secundum
436 708 486 735 ista
504 709 587 737 verba
605 709 719 736 cuilibet
737 707 946 736 concedendum
966 713 1008 736 est

219 753 245 780 id
265 754 302 780 ibi
321 754 428 787 dicere;
448 759 477 782 et
493 755 549 782 duo
565 755 714 790 dupliciter
729 763 790 782 esse
809 755 866 782 hate
882 755 1006 790 quaedam

217 799 362 833 dicuntur;
384 801 476 836 itaque
498 800 564 829 illud
587 801 659 836 quod
681 805 725 827 est
743 809 828 828 unum
851 806 899 828 aut
916 801 1008 836 specie

217 850 265 873 aut
277 853 393 873 numero
405 852 448 874 est
461 855 562 880 unum;
579 851 607 874 et
620 855 680 882 quae
695 850 759 873 sunt
771 846 836 880 duo,
857 851 903 874 aut
917 847 1008 882 specie

218 895 266 918 aut
283 901 399 920 munero
418 898 481 920 sunt
501 894 571 924 duo:
592 902 653 928 quso
676 893 786 928 quidem
808 894 899 928 specie
922 901 1007 920 unum

219 943 297 969 sunt,
316 938 481 973 completam
503 939 646 966 habebunt
669 939 701 966 ad
725 939 843 966 invicem
867 939 1007 974 physicam

220 984 383 1018 paritatem;
414 993 474 1019 qua:
499 993 565 1012 vero
597 985 689 1020 specie
720 989 784 1012 sunt
811 985 867 1012 duo
897 984 1008 1019 penitus

219 1030 322 1057 habent
338 1031 705 1066 physicamdisparitatem;
726 1039 786 1066 qum
804 1039 871 1059 vero
891 1038 1007 1058 numero

217 1082 282 1103 sunt
295 1085 390 1110 unum,
406 1077 476 1104 nihil
491 1077 606 1112 impedit
620 1078 687 1112 quin
704 1077 737 1105 ad
754 1077 872 1104 invicem
887 1077 1007 1104 habeant

218 1122 418 1157 tlisparitatem.
432 1123 497 1151 licet
511 1124 614 1158 absque
627 1124 744 1150 invicem
758 1131 813 1150 non
829 1123 1005 1156 dividantur;

218 1173 246 1195 et
269 1169 297 1195 in
324 1169 436 1204 propria
459 1169 645 1196 delineatione
670 1169 845 1197 considerato
869 1174 1004 1204 utroque,

219 1219 399 1243 numerantur
411 1215 564 1242 secundum
580 1215 689 1242 numeri
705 1215 882 1242 detinientem
894 1221 1005 1246 vocem;

217 1261 258 1287 sic
274 1261 347 1288 enim
371 1261 524 1295 cogitantes
544 1265 571 1288 et
589 1265 769 1288 numerantes
788 1268 873 1288 unum
892 1260 1006 1295 quidem

216 1315 327 1334 omnem
342 1315 516 1335 communem
529 1307 667 1334 hominem
681 1312 708 1334 et
721 1316 823 1342 equum
838 1312 866 1335 ct
879 1307 1006 1341 angelum

216 1353 321 1387 absque
341 1353 394 1380 ulla
410 1352 566 1380 diﬂ‘erentia
583 1354 760 1381 exsistentem
771 1353 863 1388 specie
882 1352 1005 1388 ejusdem

217 1403 322 1425 natura:
338 1398 365 1424 in
379 1398 509 1424 munibus
525 1398 611 1432 ipsius
629 1399 756 1433 partibus
773 1398 905 1431 dicimus;
925 1397 1005 1425 (ηαρ-

218 1445 312 1469 reuter
332 1450 396 1468 vero
415 1442 515 1468 multas
534 1442 594 1477 ejus
614 1447 707 1477 partes
726 1450 842 1470 numero
862 1442 1005 1477 cognosci-

218 1495 291 1514 mus.
317 1487 444 1515 Vicissim
473 1488 546 1515 cnim
576 1497 714 1524 quamque
743 1497 838 1516 earum
865 1490 1004 1517 numerari

1024 870 1044 897 Β

1061 231 1185 263 tivo-ﬁcus;
1202 233 1243 263 τίς
1271 233 1355 264 ἐστιν,
1368 231 1429 259 οὔτε
1450 232 1491 259 ἔτι
1505 233 1535 258 τὺ
1551 232 1655 267 χρίσμα
1668 231 1757 258 καὶτὸ
1769 232 1834 266 χριό
1843 248 1850 252 -

1063 287 1141 311 μενον
1165 279 1215 312 μία
1233 279 1307 305 ἐστὶν
1329 278 1419 311 οὐσία,
1437 278 1564 313 φανερόν.
1590 277 1711 309 Εἰκότως
1735 275 1782 304 οὗν
1800 277 1851 304 καὶ

1060 323 1114 349 τῶν
1143 324 1316 358 πραγμάτων
1342 325 1389 351 καὶ
1419 324 1473 350 τῶν
1494 323 1634 358 ὀνομάτων
1647 323 1701 349 τῶν
1723 323 1851 357 φυσικῶν

1060 368 1156 400 διττῶς
1173 369 1365 404 εὐποροῦντες,
1382 370 1429 396 δύο
1444 369 1534 405 φαμὲν
1551 369 1601 400 τὰς
1614 368 1710 403 φύσεις
1727 369 1850 404 Χριστοῦ

1061 416 1152 450 ἡμεῖς.

1097 482 1148 516 κβ’.
1168 483 1228 508 Ἔτι
1239 482 1266 509 δέ
1284 491 1374 517 φαμεν
1390 482 1457 519 πρὸς
1472 481 1544 517 ὑμᾶς
1558 482 1604 508 ἐπὶ
1620 481 1650 508 τὸ
1668 482 1852 517 προκείμενον
1888 496 1891 500 -

1062 527 1126 562 ὑμῖν
1136 527 1185 554 ἅτε
1201 527 1284 560 θεῖον,
1304 528 1400 561 γένους
1414 527 1493 561 λόγον
1507 528 1557 554 οὐκ
1573 528 1729 562 ἐπιδέχεται
1756 529 1833 553 ὁπως
1843 543 1851 546 ‹

1061 575 1121 602 οὖν·
1139 575 1164 601 τί
1186 574 1240 610 γὰρ
1267 575 1345 601 τοῦδε
1359 574 1469 610 πρώτου
1485 574 1573 601 αἰτίου
1596 574 1682 605 ὄντος,
1712 573 1852 608 ἀνώτερον

1061 621 1138 647 ἔσται
1153 621 1247 654 γένος;
1261 620 1290 646 τὸ
1305 620 1334 646 ἓν
1360 620 1456 652 διττῶς
1473 620 1551 655 μόνον
1578 621 1624 646 ἐπὶ
1640 618 1760 654 Χριστοῦ
1779 627 1853 645 κατα

1060 667 1109 697 τὰς
1127 665 1296 700 κυριωτέρας
1314 665 1423 698 λέγεται
1441 665 1530 699 φωνάς
1539 668 1545 679 ⁵
1563 664 1590 690 εί
1601 673 1633 698 γε
1645 665 1691 690 καὶ
1703 664 1773 690 κατὰ
1784 665 1836 690 ταν
1845 679 1852 683 -

1060 720 1110 743 τας
1128 711 1317 746 συγχωρητέον
1329 710 1382 737 τινὶ
1401 711 1490 744 λέγειν
1502 710 1567 736 αὐτὸ
1576 710 1671 736 ἐνθάδε
1683 718 1690 725 ’
1704 709 1752 736 καὶ
1764 709 1811 735 δύο
1821 709 1851 734 δὲ

1061 757 1157 788 διττῶς
1172 755 1312 783 εἷναιτάδε
1330 756 1390 782 τινὰ
1405 756 1528 790 λέγονται
1543 765 1549 771 '
1565 755 1596 782 τὸ
1613 754 1660 782 οὖν
1676 755 1703 781 ἓν
1719 755 1749 781 ὃν
1768 754 1784 788 ἥ
1811 754 1852 788 τῷ

1062 802 1135 834 εἴδει,
1151 802 1166 836 ἢ
1181 801 1218 836 τῷ
1233 801 1341 835 ἀριθμῷ
1357 802 1429 826 ἐστιν
1445 801 1474 826 ἓν
1484 809 1491 816 ·
1504 801 1551 827 καὶ
1570 800 1604 826 τὰ
1618 800 1683 827 ὄντα
1696 799 1752 831 δύο,
1773 799 1789 834 ἣ
1811 799 1852 833 τῷ

1062 848 1137 877 εἴδει,
1151 847 1166 882 ἢ
1184 847 1223 881 τῷ
1236 847 1345 882 ἀριθμῷ
1365 847 1424 873 ἐστι
1438 846 1484 872 δύο
1496 855 1504 862 ’
1527 846 1561 872 τὰ
1580 846 1629 881 μὲν
1644 845 1691 872 οὖν
1706 845 1734 870 ἓν
1749 845 1788 879 τῷ
1811 846 1849 870 εῖ-

1059 893 1099 920 δει
1110 894 1187 925 ὄντα,
1203 894 1292 919 πᾶσαν
1305 893 1360 925 ἕξει
1370 893 1438 928 πρὸς
1454 892 1555 926 ἄλληλα
1567 892 1615 927 τὴν
1629 891 1745 926 φυσικὴν
1757 891 1850 926 ὁμοιό-

1059 948 1142 974 τητα·
1156 939 1190 966 τὰ
1204 938 1234 965 δὲ
1246 938 1292 965 δύο
1303 939 1366 965 ὂντα
1379 939 1418 974 τῷ
1431 938 1508 970 εἴδει,
1529 938 1639 968 πάντως
1651 937 1708 971 ἔχει
1720 937 1769 972 τὴν
1797 946 1850 971 φυ-

1060 985 1139 1018 σικὴν
1163 984 1358 1019 ἀνομοιὸτὴτα·
1376 984 1411 1010 τὰ
1430 983 1468 1027 ςξὲ
1483 983 1521 1018 τῷ
1545 983 1655 1018 ἀριθμῷ
1670 983 1699 1009 ἒν
1722 982 1798 1014 ὄντα,
1816 983 1848 1008 οὐ

1058 1030 1192 1057 κωλύεται
1209 1031 1238 1057 ὲν
1254 1031 1361 1062 ἑαυτοῖς
1373 1029 1446 1065 ἔχειν
1459 1028 1577 1064 φυσικὴν
1600 1029 1790 1064 ἀνομοιότητα,
1823 1030 1849 1054 εἰ

1058 1078 1104 1104 καὶ
1125 1077 1247 1113 ἀλλήλοιν
1263 1078 1348 1112 χωρὶς
1361 1077 1398 1111 μὴ
1412 1076 1570 1111 διεστήκασι
1582 1084 1588 1090 ·
1607 1075 1653 1102 καὶ
1678 1076 1706 1101 ὲν
1720 1075 1772 1110 ἰδία
1799 1083 1849 1101 πε-

1060 1125 1179 1160 ριγραφῇ
1194 1122 1381 1159 θεωρούμενον
1406 1122 1537 1157 ἑκάτερον
1563 1115 1745 1157 ἀριομῖῧνται
1773 1121 1846 1147 κατά

1057 1170 1102 1196 τὸν
1110 1170 1155 1196 τοῦ
1167 1170 1229 1205 ἅριθ
1235 1169 1285 1205 μοῦ
1298 1169 1476 1204 διωρισμένον
1487 1168 1564 1201 λόγον
1573 1176 1580 1182 ·
1592 1167 1678 1198 οὓτως
1689 1168 1742 1202 γὰρ
1753 1167 1846 1193 νοοῦν-

1056 1225 1102 1248 τες
1119 1215 1167 1242 καὶ
1187 1215 1378 1250 ἀριθμοῦντες,
1395 1215 1443 1241 ἕνα
1458 1214 1507 1249 μὲν
1524 1214 1613 1239 πάντα
1627 1213 1673 1240 τὸν
1696 1213 1786 1239 κοινὸν
1797 1213 1844 1239 ἇν-

1057 1263 1166 1299 θρωπον
1176 1262 1223 1289 καὶ
1235 1261 1316 1288 ῐππον
1326 1262 1372 1288 καὶ
1387 1261 1500 1295 ἄγγελον
1517 1259 1735 1294 ἀπαραλλάκτως
1749 1259 1847 1293 ἔχοντα

1057 1308 1095 1343 τῷ
1109 1308 1172 1335 εἴδει
1188 1310 1238 1343 τῆς
1253 1306 1337 1339 αὐτοῦ
1351 1307 1458 1341 φύσεως
1480 1307 1509 1332 ὲν
1529 1305 1593 1331 πᾶσι
1617 1306 1673 1336 τοῖς
1702 1304 1747 1330 ὑπ’
1764 1304 1846 1331 αὑτὸν

1056 1353 1169 1389 ἀτόμοις
1194 1353 1300 1389 φαμέν·
1322 1351 1532 1388 κεχωρισμένως
1558 1351 1585 1377 δὲ
1609 1351 1695 1377 πολλὰ
1716 1350 1795 1377 τοῦδε
1811 1351 1846 1376 τὰ

1056 1402 1144 1437 ἄτομα
1158 1401 1197 1436 τῷ
1205 1400 1313 1437 ἀριθμῷ
1324 1402 1498 1436 γινώσκομεν
1508 1411 1515 1418 ·
1531 1402 1582 1429 ὰνὶ
1603 1401 1685 1436 μέρος
1710 1399 1764 1434 γὰρ
1778 1400 1843 1426 ἐκα-

1058 1455 1120 1474 στον
1129 1447 1220 1474 αὐτῶν
1236 1447 1412 1482 ἀριθμεῖσθαι
1429 1447 1580 1482 δυνάμενον
1596 1448 1674 1482 ἴσμεν
1683 1455 1689 1461 ⁸
1702 1447 1750 1473 καὶ
1763 1447 1845 1473 πάλιν

1057 1493 1085 1518 ὲν
1097 1492 1135 1527 τῷ
1149 1493 1258 1528 ἀριθμῷ
1270 1493 1352 1520 τόντε
1369 1494 1471 1529 κόσμον
1485 1494 1554 1526 ὅλον,
1571 1494 1618 1520 καὶ
1643 1493 1688 1519 τόν
1704 1501 1765 1519 τινα
1796 1493 1842 1519 ἆν-

217 1540 298 1568 posse
321 1532 443 1566 scimus;
466 1538 494 1560 et
515 1541 611 1561 rursus
635 1534 662 1561 in
684 1542 800 1562 numero
823 1540 851 1561 et
870 1534 1004 1562 mundum

1057 1537 1166 1573 θρωπον
1177 1539 1292 1573 λέγομεν
1301 1538 1398 1574 φύσεσι
1411 1541 1549 1574 μερικαῖς,
1565 1539 1580 1575 ἤ
1595 1540 1720 1574 φυσικοῖς
1734 1539 1843 1569 εἴδεσιν,

217 1579 377 1607 universum
395 1584 422 1606 et
437 1579 580 1606 hominum
598 1580 750 1614 quemlibet
763 1579 881 1607 dicimus
896 1580 1006 1615 partitis

216 1626 324 1654 naturis
339 1631 385 1653 aut
401 1625 573 1653 naturalibus
588 1626 744 1661 speciebus,
756 1634 811 1653 non
826 1634 910 1653 unum
926 1626 1004 1653 illum

218 1677 414 1705 numerantes;
439 1672 524 1707 igitur
546 1672 580 1699 de
604 1671 720 1700 Domino
741 1677 852 1704 nostro,
869 1672 1004 1708 siquidem

217 1718 427 1752 simplicitatem
451 1722 564 1753 propter
581 1725 706 1752 pet-sonte
723 1718 873 1750 unitatem,
887 1723 914 1745 et
931 1718 1004 1745 inse-

218 1764 380 1799 parabilium
397 1764 423 1791 in
442 1764 500 1799 ipso
518 1764 768 1796 enumerationem,
785 1769 914 1799 tanquam
930 1763 1004 1799 quod

218 1819 304 1838 unum
326 1816 369 1838 est
389 1810 414 1837 in
435 1817 561 1842 numero,
576 1809 677 1842 dicitis,
693 1808 764 1837 bene
783 1810 888 1840 dicitis:
909 1814 937 1836 et
953 1817 1004 1837 nos

217 1860 327 1890 oportet
341 1856 482 1883 vobiscum
501 1856 566 1883 illud
583 1856 722 1891 accipere,
735 1863 798 1883 cum
816 1855 1002 1883 confiteamini

217 1900 358 1935 physicam
376 1900 528 1929 secundum
545 1900 617 1927 illam
633 1900 741 1928 unicam
755 1907 900 1936 personam
912 1900 1003 1929 diver-

217 1945 344 1977 sitatem;
363 1946 384 1973 si
402 1953 471 1972 vero
486 1945 648 1981 juxta~illud
667 1945 802 1973 naturalis
819 1945 913 1972 [οι-[ηπ
932 1952 1003 1971 enu-

216 1997 324 2019 merare
349 1999 409 2026 quae
435 1992 462 2018 in
486 1990 599 2019 Christo
620 1992 762 2024 volumus,
779 1990 1002 2026 quandoquidem

216 2036 373 2064 conﬁtenda
394 2042 460 2064 sunt
479 2038 524 2064 illa
542 2045 602 2072 qua:
620 2037 647 2064 in
666 2037 753 2064 forma
771 2041 835 2064 sunt
852 2037 1003 2064 secundum

214 2081 332 2110 formam
354 2083 456 2110 similia
479 2083 635 2111 necessario
653 2090 730 2115 esse,
745 2082 903 2109 necessario
921 2081 1004 2109 dissi-

217 2128 293 2155 milia
317 2132 480 2160 cernentes,
498 2136 553 2155 non
579 2129 699 2163 amplius
724 2127 886 2155 audebimus
910 2128 1005 2156 formae

1055 1583 1104 1619 οὐχ
1120 1583 1166 1610 ἕνα
1196 1584 1276 1611 αὐτὸν
1289 1584 1482 1619 ἀριθμοῦντες.
1504 1585 1567 1611 Ἐπὶ
1582 1583 1628 1611 οὖν
1645 1584 1691 1610 τοῦ
1706 1585 1844 1610 Δεσπάτου

1055 1630 1146 1664 ἡμῶν,
1159 1630 1183 1656 εί
1205 1630 1253 1664 μὲν
1269 1629 1317 1664 τὴν
1331 1630 1433 1665 μονάδα
1449 1631 1493 1657 διὰ
1507 1629 1555 1664 τὴν
1565 1630 1612 1656 τοῦ
1625 1629 1773 1664 προσώπου
1788 1630 1844 1655 ἐνό-

1055 1684 1133 1709 τητα,
1150 1675 1197 1702 καὶ
1211 1675 1259 1710 τὴν
1269 1675 1322 1702 τῶν
1338 1676 1366 1702 ὲν
1379 1675 1453 1710 αὐτῷ
1473 1674 1632 1710 ἁχωρίστων
1646 1674 1841 1709 ἐξαρίθμησιν.

1053 1719 1090 1750 ὼ;
1110 1720 1168 1750 ἑνὸς
1192 1720 1266 1751 ὄντος
1283 1720 1320 1754 τῷ
1345 1719 1454 1756 ἀριθμῷ
1469 1729 1548 1755 φατε,
1564 1719 1655 1750 καλῶς
1671 1719 1778 1753 λέγετε,
1793 1719 1842 1745 καὶ

1055 1765 1128 1799 ἡμᾶς
1138 1764 1196 1791 δέον
1209 1765 1256 1791 σὺν
1265 1765 1329 1800 ὑμῖν
1341 1765 1421 1791 τοῦτο
1431 1764 1619 1800 ἀποδέχεσθαι,
1631 1763 1843 1799 ὡμολογημένον

1055 1809 1101 1836 τοῦ
1117 1811 1177 1836 κατ’
1191 1810 1256 1836 αὐτὸ
1270 1810 1300 1837 τὸ
1316 1810 1345 1837 ἐν
1361 1811 1504 1846 πρόσωπον
1522 1810 1637 1846 φυσικοῦ
1649 1810 1780 1845 διαφόρου
1791 1819 1797 1824 ·
1818 1811 1842 1836 εὶ

1054 1856 1082 1882 δὲ
1096 1855 1165 1882 κατὰ
1178 1855 1224 1882 τὸν
1241 1855 1288 1882 τοῦ
1305 1856 1421 1891 φυσικοῦ
1434 1856 1520 1888 εἴδους
1545 1855 1738 1891 ἀπαριθμῆσαι
1750 1856 1784 1882 τὰ
1813 1857 1843 1882 ὲν

1054 1902 1164 1937 Χριστῷ
1178 1901 1338 1936 βουλόμεθα,
1355 1903 1415 1929 ἐπεὶ
1429 1902 1601 1937 ὡμολόγηται
1618 1901 1652 1927 τὰ
1668 1901 1696 1927 ὲν
1720 1901 1758 1935 τῷ
1775 1901 1842 1926 εῖδει

1053 1947 1129 1980 ὅντα,
1146 1949 1204 1974 κατ’
1234 1946 1302 1980 εἶδος
1319 1949 1399 1982 ὅμοια
1411 1947 1470 1974 δέον
1497 1945 1579 1979 εἶναι,
1594 1947 1751 1981 ἀναγκαίως
1775 1947 1838 1973 ἀνό-

1057 2001 1119 2027 μοια
1129 1993 1324 2028 θεωρήσαντες,
1342 1994 1431 2020 οὐκέτι
1444 1994 1618 2029 τολμήσομεν
1632 1993 1669 2028 τῷ
1684 1993 1732 2019 τοῦ
1753 1992 1842 2025 εἴδους

1055 2038 1196 2074 καταλόγῳ
1212 2038 1240 2065 ἕν
1263 2040 1347 2066 ταῦτα
1376 2039 1476 2073 λέγειν,
1498 2039 1564 2065 ἀλλὰ
1576 2034 1637 2065 δυο·
1664 2038 1762 2065 οὐκοῦν
1790 2038 1841 2064 ἀκ-

1055 2083 1174 2115 ολούθως
1199 2084 1246 2111 δύο
1265 2085 1315 2119 μὲν
1329 2086 1388 2116 ταῖς
1401 2085 1523 2119 φύσεσιν,
1538 2084 1566 2110 ἓν
1574 2084 1603 2110 δὲ
1616 2084 1655 2119 τῷ
1669 2083 1780 2119 ἀριθμῷ
1795 2082 1841 2108 τὸν

1054 2129 1171 2165 Χριστὸν
1184 2129 1365 2164 γινώσκομεν.

216 2174 307 2202 indice
329 2183 416 2202 unum
440 2175 499 2203 haec
522 2176 632 2208 dicere,
649 2176 697 2203 sed
722 2176 792 2209 duo;
817 2185 883 2213 ergo
906 2182 1108 2212 consequenter
1122 2178 1178 2205 duo
1202 2178 1313 2213 quidem
1329 2178 1445 2210 naturis,
1479 2185 1564 2204 unum
1598 2180 1689 2203 autem
1722 2183 1841 2203 numero

213 2221 355 2249 Christum
371 2222 573 2257 cognoscimus.

249 2290 296 2317 25.
310 2289 409 2317 Adhuc
423 2289 571 2325 petendum
587 2290 622 2318 ab
637 2290 692 2318 illis
705 2290 754 2326 qui
767 2298 782 2318 e
797 2290 906 2318 duabus
919 2295 1001 2318 natu-
1017 2292 1039 2320 D

216 2343 273 2363 ram
290 2335 387 2363 dicunt
404 2343 486 2363 unam
505 2344 588 2371 quam
605 2336 708 2364 Christi
725 2340 839 2368 vocant,
855 2343 920 2364 num
941 2340 969 2363 et
986 2344 1002 2363 e

214 2382 321 2410 duabus
341 2382 546 2413 subsistentiis.
565 2383 624 2411 sive
641 2383 766 2417 personis
787 2382 895 2411 unicam
916 2382 1002 2417 ipsius

195 2429 420 2457 ,subsistentiam
442 2428 554 2461 dicunt,
573 2437 606 2456 an
628 2429 700 2456 non?
716 2428 777 2461 Quo
798 2435 864 2463 ergo
883 2432 910 2455 et
931 2436 1001 2463 quo-

213 2474 297 2502 modo
312 2474 396 2502 cessit
409 2475 494 2502 altera
506 2482 522 2502 e
536 2475 642 2502 naturis
654 2475 716 2508 ejus
729 2477 791 2501 ante
806 2473 998 2501 adunationem

211 2521 320 2553 dicant,
334 2524 362 2548 et
380 2521 460 2556 cujus
477 2526 538 2548 erat
558 2521 640 2548 tunc?
657 2519 783 2549 Nondum
803 2519 878 2546 enim
898 2519 999 2546 Christi

213 2570 275 2594 erat
291 2570 376 2593 uncta
393 2566 534 2593 divinitati
556 2566 676 2593 humana
693 2570 803 2598 natura;
821 2565 842 2592 si
861 2572 927 2591 vero
942 2569 969 2592 et
985 2574 1000 2591 e

212 2612 322 2640 duabus
335 2612 526 2640 subsistentiis
540 2612 735 2639 adunationem
752 2611 862 2641 dicunt.
879 2610 925 2637 ubi
941 2617 1001 2638 erat

212 2661 279 2685 tunc
294 2657 416 2692 perfecta
424 2656 601 2685 subsistentia
609 2655 729 2683 humana
738 2655 847 2682 Christo
856 2655 995 2689 praeexsi—

212 2703 305 2731 stensi
318 2703 422 2731 Deinde
435 2703 463 2730 in
478 2707 559 2730 utero
571 2706 672 2730 sancta:
684 2701 805 2736 Virginis
818 2702 936 2733 inclusa;
951 2702 997 2728 illo

211 2750 285 2776 enim
307 2750 334 2776 in
353 2753 451 2778 sancto
469 2749 597 2777 cubiculo
616 2748 748 2774 adunatio
765 2747 865 2775 Christi
887 2752 997 2777 natura-

214 2803 273 2822 rnm
301 2794 337 2822 ab
365 2795 445 2822 initio
471 2794 541 2822 facta
571 2797 629 2825 est;
660 2793 712 2820 nisi
747 2792 817 2819 forte
847 2793 995 2820 secundum

211 2841 368 2870 ﬁ-‘Slnrium
390 2840 542 2868 divinitatis
569 2840 763 2868 adunationem
802 2844 859 2873 post
887 2844 993 2872 partum

1089 2293 1140 2324 ιγ’.
1162 2291 1222 2317 Ἔτι
1236 2289 1386 2325 ἐρωτητέον
1400 2290 1508 2321 αὐτοὺς,
1523 2291 1556 2316 ὲκ
1565 2289 1612 2315 δύο
1623 2288 1730 2323 φύσεων
1745 2289 1839 2325 λέγον-

1053 2346 1102 2369 τας
1117 2337 1166 2372 τὴν
1187 2336 1251 2371 μίαν
1270 2335 1361 2370 φύσιν,
1378 2336 1410 2371 ῆν
1426 2345 1491 2370 φασι
1504 2335 1633 2369 Χριστοῦ,
1652 2332 1707 2370 ἆρά
1731 2344 1763 2369 γε
1793 2340 1840 2364 καὶ

1053 2385 1085 2410 ἐκ
1099 2384 1146 2410 δύο
1158 2383 1344 2413 ὑποστάσεων,
1363 2383 1390 2408 εἴ
1406 2382 1430 2408 τ’
1444 2382 1490 2408 οὖν
1506 2380 1670 2416 προσώπων,
1701 2381 1750 2416 τὴν
1770 2382 1839 2417 μίαν

1052 2429 1135 2456 αὐτοῦ
1147 2429 1296 2456 ὑπόστασιν
1311 2429 1434 2463 λέγουσιν
1449 2428 1464 2463 ῆ
1477 2427 1536 2462 οὐχί
1550 2435 1558 2458 ς
1574 2426 1630 2453 Ποῦ
1646 2425 1692 2454 οὖν
1707 2428 1755 2454 καὶ
1779 2430 1839 2459 πῶς

1053 2475 1189 2510 ὑφέστηκε
1205 2474 1307 2509 θατέρα
1320 2474 1374 2500 τῶν
1390 2472 1497 2507 φύσεων
1523 2472 1605 2498 αὑτοῦ
1623 2473 1676 2508 πρὸ
1700 2473 1750 2508 τῆς
1771 2475 1837 2501 ἑνώ⁴

1049 2529 1127 2551 σεως.
1140 2520 1292 2553 λεγέτωσαν
1302 2527 1309 2534 ⁶
1324 2519 1397 2549 τίνος
1412 2527 1442 2545 τι
1468 2516 1535 2544 οὖσα
1557 2517 1636 2551 τότε;
1656 2519 1686 2544 οὐ
1702 2519 1758 2554 γὰρ
1772 2521 1838 2556 Χρι-

1049 2565 1112 2590 στοῦ
1126 2563 1160 2599 ἣν
1175 2565 1258 2599 μήπω
1273 2565 1415 2599 χρισθείσα
1430 2564 1537 2599 θεότητι
1564 2565 1580 2599 ή
1600 2563 1759 2600 ἀνθρωπίνη
1785 2567 1837 2600 φύ-

1050 2619 1106 2641 σις·
1123 2611 1147 2636 sl
1162 2608 1191 2636 δὲ
1206 2611 1253 2636 καὶ
1267 2611 1299 2636 ὲκ
1314 2610 1361 2636 δύο
1374 2609 1549 2636 ὐποπάσεών
1567 2617 1635 2642 φασι
1650 2609 1698 2644 τὴν
1724 2610 1835 2646 ἕνωσιν,

1050 2657 1102 2683 ποῦ
1114 2654 1227 2691 ἧν.ποτε
1240 2657 1255 2690 ἡ
1269 2655 1358 2682 τελεία
1367 2656 1512 2685 ὑπόστασις
1522 2654 1680 2690 ἀνθρωπίνη
1692 2658 1836 2693 προῡπὰρ.

1052 2701 1121 2733 ξασα
1138 2700 1346 2735 Χριστοῦ;Ε’τα
1360 2701 1388 2726 ἐν
1403 2701 1434 2734 τῇ
1452 2700 1543 2734 μήτρᾳ
1562 2700 1611 2735 τῆς
1625 2700 1707 2738 ᾁγίας
1729 2702 1835 2735 Παροέ-

1050 2756 1094 2774 νου
1113 2746 1336 2781 ἐγκαθειρχθεῖσα
1347 2754 1354 2762 '
1364 2746 1422 2772 κατ’
1435 2746 1521 2771 έκεῖνο
1534 2746 1587 2779 γὰρ
1598 2746 1628 2771 τὸ
1643 2745 1720 2778 ἅγιον
1735 2747 1835 2781 χωρίον

1050 2795 1064 2826 ἡ
1082 2793 1176 2824 ἓνωσις
1187 2793 1240 2818 τῶν
1251 2792 1367 2827 Χριστοῦ
1385 2791 1491 2825 φύσεων
1504 2791 1552 2817 ἀτέ
1567 2792 1654 2826 ἀρχῆς
1671 2792 1795 2825 ἐγένετο·
1813 2796 1834 2820 :i

1099 2839 1149 2873 ἄρα
1167 2837 1236 2866 κατᾶ
1247 2839 1391 2873 Sest/1pm;
1400 2838 1447 2871 τὴν
1460 2837 1556 2863 ἕνωσιν
1567 2838 1616 2872 τῆς
1625 2837 1751 2872 θείττιτος
1766 2848 1835 2874 μετα
