1963 3077
155 121 224 152 1785

720 119 868 149 CONTRA
889 101 1190 149 MONOPHYSITAS.

1713 115 1781 147 1786

152 177 202 202 τὸν
224 175 303 202 τόκον
322 175 371 210 τῆς
383 174 590 210 ἀνθρωπότητος
609 174 710 202 οἴονται
729 175 855 209 γενέσθαι
869 175 936 210 πρὸς

993 175 1168 202 humanitatis
1195 173 1366 201 arbitrantur
1394 173 1452 200 ﬁeri
1470 172 1503 200 ad
1525 171 1613 206 ipsam
1626 179 1783 208 congruen-

155 222 242 256 αὐτὴν
258 221 401 257 σχετικῶς.

191 267 240 296 κδ’,
258 267 317 293 Ἔτι
332 266 493 301 ἀνακριτέον
509 265 623 297 αὐτούς·
641 265 673 292 ἐκ
686 265 732 292 δύο
748 266 855 300 φύσεων
872 265 942 300 πρά-

156 322 243 347 γματι
267 312 459 347 ὑφεστηκυιῶν
482 320 548 346 φασι
571 312 617 338 τὴν
632 312 761 347 Χριστὸν,
780 312 796 346 ἢ
825 311 943 346 θατέροις

156 359 257 390 αὐτῶν,
273 359 356 393 ἦγουν
368 358 418 392 τῆς
428 357 601 392 ἀνθρωπείας
614 358 674 383 κατ’
686 357 808 384 ἐπίνοιαν
820 366 942 392 προανα-

157 405 344 440 πλαττομένης
365 405 456 436 αὐτοῖς
486 403 538 439 πρὸ
553 404 603 438 τῆς
619 403 743 435 ἑνώσεως
754 412 760 418 ·
777 405 800 430 εξ
822 403 870 437 μὲν
889 403 942 437 γὰρ

156 453 258 486 ἀμφοῖν
274 451 357 482 ὅντως
371 450 521 486 προουσῶν,
536 450 577 481 τίς
593 447 637 484 ἦν,
651 451 698 476 καὶ
715 449 766 476 ποῦ
784 449 865 475 πάλιν
888 449 944 485 ἵζη-

155 498 293 532 τήσωμεν,
308 496 399 531 ήψιλὴ
413 495 571 531 ἀνθρωπίνη
585 496 665 530 φύσις
681 495 733 530 πρὸ
746 494 874 530 Χριστοῦ,
885 493 943 521 εἶτα

156 543 305 578 γέγονενέν
318 542 428 578 Χριστῷ
449 541 520 568 κατὰ
540 541 589 576 τὴν
607 542 688 575 ἁγίαν
715 541 822 576 μήτραν
851 549 944 567 συντε-

155 590 246 615 οέντι·
263 590 287 615 ει
306 587 334 615 δὲ
358 588 473 623 θατέραν
497 587 551 614 ’τῶν
565 587 673 620 φύσεων
701 587 732 619 ἐξ
751 584 787 613 ὧν
813 595 879 621 φατι
897 587 942 613 τὸν

155 634 273 670 Χριστὸν
285 634 392 669 ἐπινοίᾳ
403 633 669 669 προαναπλάττουσι,
687 633 794 668 πρῶτον
807 633 855 667 μὲν
870 632 886 666 ἢ
898 633 942 658 οὒ-

153 679 272 714 δαμόθεν
284 679 411 710 λαϐόντες
427 679 554 714 ἀφορμὴν
569 671 688 713 ἀληθοῦς
699 678 820 708 ἐπινοίας
845 677 942 712 ψευδὲς

154 726 322 760 ἀνάπλασμα
337 725 440 759 ταύτην
450 725 636 761 παριστῶσιν·
653 725 670 760 ἢ
691 724 832 755 λαὸόντες,
844 725 875 750 ἐκ
891 723 942 757 τῆς

156 771 227 805 μετὰ
241 771 291 806 τὴν
307 771 403 798 ἕνωσιν
415 771 531 805 θεωρίας
547 770 666 804 Χριστοῦ
679 770 729 805 τὴν
737 768 894 803 διάγνωσιν,
905 767 943 799 ὡς

154 816 202 842 δύο
219 816 326 849 φύσεων
347 817 394 842 καὶ
409 816 530 847 τοιῶνδε,
546 815 648 846 ταύτας
671 815 719 841 καὶ
735 813 942 849 προεπινοοῦσιν

156 862 252 889 αὐτοῦ.
269 861 332 893 Πῶς
346 859 392 888 οὖν
407 862 438 887 οὐ
452 861 500 887 δύο
517 861 591 887 ῐσασι
609 861 678 895 μετὰ
690 860 740 894 τὴν
751 859 848 885 ἕνωσιν
861 858 943 885 οἱκαὶ
960 845 979 872 Β

155 908 206 944 τὴν
220 907 392 944 προΰπαρξιν
403 907 492 934 αὐτῶν
508 907 557 940 τὴν
572 907 624 942 προ
639 907 688 941 τῆς
710 905 832 936 ὲνώσεως
848 906 880 930 ἐκ
895 905 944 938 τῆς

156 953 230 983 κατὰ
246 953 296 987 τὴν
308 952 405 979 ἕνωσιν
421 951 592 986 διαγνώσεως
619 951 708 978 αὐτῶν
726 951 923 984 ἐπινοήσαντες
936 956 943 963 '

155 998 197 1025 In
209 996 243 1034 ἦν
255 999 279 1024 εἰ
301 999 354 1033 μὲν
371 998 477 1034 ἐπινοίᾳ
497 998 624 1033 θατέραν,
635 997 682 1023 καὶ
694 996 808 1032 ἀληθείᾳ
824 995 871 1030 τὴν
888 995 947 1021 ἑτέ-

158 1053 210 1080 ραν
223 1045 278 1071 τῶν
298 1044 406 1078 φύσεων
420 1044 449 1076 ἐξ
464 1041 501 1070 ὧν
515 1044 528 1070 ὁ
541 1044 652 1079 Κύριος,
669 1043 760 1077 φασὶν,
776 1042 881 1075 ἀνάγκη
899 1041 946 1066 καὶ

157 1091 240 1117 αὐτὸν
254 1090 371 1125 Χριστὸν
380 1090 410 1116 τὸ
429 1090 478 1125 μέν
488 1099 515 1116 τι
526 1090 609 1125 μέρος
628 1088 710 1115 αὑτοῦ
725 1087 840 1122 ἀληθείᾳ
853 1087 943 1120 ὑπάρ-

158 1145 206 1172 χον
219 1137 301 1171 ἐχειν,
322 1137 354 1163 τὸ
363 1136 392 1163 δὲ
412 1136 519 1171 ἐπινοίᾳ
533 1136 622 1162 δοκεῖν
641 1135 720 1170 μόνον
731 1142 738 1149 ·
754 1134 791 1165 ὡς
813 1131 883 1159 εἶναι
899 1133 946 1159 καὶ

159 1182 208 1216 τῆς
235 1182 305 1208 κατὰ
328 1181 422 1208 τούσδε
455 1182 520 1216 μιᾶς
552 1181 659 1215 φύσεως
673 1177 755 1205 αὑτοῦ
766 1176 945 1212 ἀνύπαρκτον

158 1228 254 1262 ἥμισυ,
263 1228 310 1254 καὶ
324 1228 364 1259 είς
377 1228 462 1263 ἥμισυ
477 1227 586 1261 φύσεως
601 1226 681 1261 μόνον
708 1224 876 1258 καταντῆσαι
895 1224 945 1249 αὑ-

159 1273 214 1300 τῶν
226 1274 273 1308 τὴν
286 1274 331 1300 ἐπὶ
342 1273 459 1307 Χριστοῦ
469 1271 645 1307 φυσιολογίαν
654 1280 661 1287 ’
672 1271 720 1298 καὶ
742 1270 809 1306 μηδὲ
825 1271 865 1301 εἰς
881 1270 945 1304 μίαν

165 1319 248 1353 ᾡύσιν
258 1319 372 1351 τελείαν,
383 1319 422 1350 ὡς
439 1318 577 1351 λέγουσιν.

193 1456 242 1479 κε’.
269 1453 330 1480 Ἔτι
346 1453 408 1479 επεὶ
436 1451 491 1478 τῶν
506 1451 615 1486 φύσεων
641 1451 743 1485 δηλαδὴ
771 1451 820 1485 τὴν
836 1451 944 1477 σύνοδον

1023 229 1045 247 Γ.

1023 229 1045 247 r.

994 225 1019 248 te
1027 266 1071 293 24.
1084 266 1181 293 Adhuc
1196 265 1392 300 inquirendum
1406 264 1440 292 ab
1456 265 1511 292 illis
1526 273 1533 290 :
1547 272 1562 291 e
1577 264 1687 291 duabus
1703 268 1783 291 natu-

993 312 1032 339 ris
1048 320 1077 338 re
1095 311 1278 338 elﬁcientibus
1293 310 1433 338 Christum
1452 310 1558 340 dicunt,
1574 314 1622 336 aut
1637 317 1670 336 ex
1686 317 1782 336 carum

993 359 1094 389 altera,
1111 357 1220 384 scilicet
1241 357 1413 384 humanitate
1433 357 1511 391 juxta
1530 356 1726 391 cogitationem
1748 355 1782 382 ab

993 403 1060 438 ipsis
1073 403 1204 438 plasmata
1217 407 1281 429 ante
1294 402 1506 435 adunationem;
1521 402 1545 429 si
1557 401 1630 429 enim
1644 409 1676 428 ex
1688 394 1782 428 ambo-

993 450 1045 477 bus
1059 450 1147 484 reipsa
1161 449 1424 484 prmexsisleutibus,
1437 457 1497 484 qum
1510 452 1570 476 erat
1581 452 1608 475 et
1621 448 1667 475 ubi
1681 448 1781 474 iterum

993 503 1148 530 quacremus
1165 495 1275 522 subtilis
1293 495 1413 521 humana
1432 498 1531 521 natura
1547 499 1610 521 ante
1628 493 1780 524 Christum,

966 542 975 548 ‘
993 542 1064 568 facta
1080 545 1122 568 est
1140 540 1241 568 deinde
1259 541 1286 567 iu
1305 539 1416 567 Christo
1434 540 1507 566 intra
1524 544 1651 566 sanctum
1670 543 1780 565 uterum

993 592 1124 622 concepta
1148 595 1155 612 :
1182 587 1204 614 si
1225 594 1291 613 vero
1316 586 1431 612 alteram
1454 590 1618 618 naturarum
1643 593 1658 612 e
1681 584 1783 619 quibus

993 633 1132 660 Christum
1154 633 1249 660 dicunt
1268 632 1346 666 quasi
1369 631 1403 658 de
1422 639 1494 658 novo
1516 635 1545 658 et
1564 631 1697 658 anteriori
1721 630 1779 664 pla—

994 683 1094 711 smant,
1105 679 1224 713 primum
1239 677 1351 713 quidem
1368 681 1416 704 aut
1429 684 1443 703 a
1455 677 1530 703 nulla
1544 676 1783 711 apprehendentes

993 733 1065 753 verae
1081 724 1256 760 cogitationis
1271 724 1418 751 exordium
1429 744 1437 754 .
1452 723 1614 750 mendacem
1634 722 1783 756 plasmatu-

994 778 1051 798 ram
1068 778 1127 798 eam
1145 770 1304 802 stabiliunt;
1323 774 1371 797 aut
1388 769 1630 804 apprehendentes
1646 777 1661 795 e
1679 768 1781 795 Christi

993 820 1057 844 ante
1073 816 1270 843 adunationcm
1286 815 1512 843 consideratione
1528 815 1695 850 agnitionem
1713 814 1783 841 sicut

994 863 1114 889 duarum
1131 866 1293 889 naturarum
1311 865 1338 888 et
1358 862 1464 892 talium,
1478 861 1527 888 has
1543 866 1571 888 ct
1586 861 1707 895 cogitant
1722 865 1785 887 ante

995 908 1094 943 ipsum.
1105 908 1247 941 Quomodo
1255 915 1319 942 ergo
1330 915 1384 934 non
1399 907 1468 934 duas
1477 910 1630 941 agnoscunt
1642 910 1702 940 post
1714 905 1783 932 adu-

994 955 1135 982 nationem
1163 954 1212 989 qui
1240 954 1360 989 ipsarum
1387 954 1633 988 prmcxsistentiam
1646 958 1783 988 quaeante

995 1001 1189 1028 adunationcm
1205 1005 1279 1028 esset
1291 1001 1448 1035 excogitant
1462 1008 1495 1027 ex
1512 1008 1606 1027 earum
1626 1000 1784 1034 cognitione

994 1054 1075 1081 quam
1092 1047 1283 1081 habentjuxta
1300 1044 1515 1078 adunationem;
1535 1046 1626 1073 adhuc
1642 1046 1663 1072 si
1682 1046 1785 1081 cogita~

996 1093 1071 1120 tione
1089 1092 1201 1126 quidem
1221 1093 1335 1119 alterum
1357 1096 1384 1119 et
1403 1092 1520 1119 veritate
1539 1092 1652 1119 alteram
1672 1096 1783 1118 natura—

996 1146 1055 1165 rum
1081 1147 1096 1165 e
1119 1138 1223 1172 quibus
1250 1137 1378 1165 Christus
1404 1138 1516 1169 dicunt,
1537 1141 1598 1164 erat
1619 1145 1732 1164 necesse
1758 1141 1785 1163 ct

994 1184 1133 1211 Christum
1152 1185 1252 1218 ipsum,
1267 1185 1366 1219 partim
1384 1185 1643 1211 veritateex‘sistere
1660 1185 1782 1214 rcaliter.

994 1230 1094 1264 partim
1111 1230 1278 1264 cogitatione
1297 1234 1403 1256 tantum
1421 1238 1482 1257 esse
1495 1230 1598 1262 videri;
1618 1230 1694 1264 quasi
1712 1233 1785 1256 essrt

996 1280 1053 1302 tum
1076 1276 1157 1303 unius
1181 1280 1284 1302 naturm
1306 1276 1391 1310 ipsius
1410 1276 1487 1310 juxta
1509 1275 1621 1302 eosdem
1637 1283 1692 1302 non
1709 1275 1783 1301 exsi-

996 1326 1071 1349 stens
1087 1323 1176 1349 media
1194 1330 1267 1357 pars,
1282 1326 1337 1348 ttun
1356 1321 1445 1348 media
1461 1326 1566 1348 naturae
1582 1325 1660 1355 parte
1677 1325 1782 1348 tantum

995 1366 1028 1392 ad
1051 1366 1127 1400 ipsos
1147 1366 1305 1400 pervertisse
1327 1366 1524 1401 physiologiam
1543 1365 1661 1398 Christi,
1680 1369 1708 1392 et
1729 1373 1782 1392 non

995 1411 1117 1445 perfecta
1132 1411 1213 1438 unica
1228 1415 1337 1443 natura,
1348 1415 1378 1437 ut
1393 1411 1501 1438 dicunt.

1029 1456 1073 1483 25.
1091 1456 1188 1484 Adhuc
1212 1457 1333 1484 scientes
1353 1464 1402 1483 vos
1423 1460 1584 1483 naturarum
1606 1461 1782 1491 coagmenta-

157 1497 225 1528 ἴστε,
244 1497 290 1524 καὶ
302 1497 350 1524 σὺν
360 1497 425 1531 ἡμῖν
439 1496 470 1522 τὸ
481 1495 634 1531 ἀσύγχυτον
650 1497 806 1531 ὁμολογεῖτε
814 1497 869 1523 τῶν
881 1506 940 1523 συν-

996 1502 1098 1528 tionem
1112 1506 1140 1527 et
1153 1501 1298 1528 nobiscum
1314 1501 1487 1528 inconfusum
1505 1501 1668 1528 conﬁtentes
1684 1508 1784 1527 convv—

154 1541 302 1575 ελοόντων,
332 1541 414 1569 πόθεν
441 1542 522 1569 τοῦτο
567 1542 715 1578 θεωρεῖτε,
756 1543 941 1579 ἀποκρίνασθε

154 1588 222 1622 ἡμῖν
232 1595 240 1602 ο
252 1587 277 1613 εί
288 1587 342 1622 γὰρ
361 1587 402 1614 δτι
420 1587 550 1623 ἀνελλιπῆ
562 1587 598 1614 τὰ
609 1588 670 1615 οεῖοι
679 1588 768 1614 καὶτὰ
783 1588 942 1623 ἀνθρώπινα

154 1633 185 1658 ὲν
202 1631 241 1667 τῷ
257 1632 330 1667 αὐτῷ
359 1632 486 1668 θεωρεῖτε
502 1632 652 1668 προσώπῳ,
676 1633 746 1660 σῶον
763 1634 878 1660 ἑκάστου
897 1633 942 1660 τὸν

153 1678 271 1711 φυσικὸν
287 1677 365 1710 λόγον
384 1676 428 1703 διὰ
449 1677 500 1711 τῆς
525 1677 579 1704 τῶν
599 1678 754 1712 ἰδιωμάτων
779 1678 941 1710 ἀντιδόσεως

153 1725 232 1761 ἐντῷ
246 1725 287 1751 ἑνὶ
301 1725 480 1760 συγκρίματι,
501 1725 663 1758 γινώσκετε,
689 1726 769 1761 δῆλον
794 1726 872 1753 ἔσται
901 1727 942 1753 ὅτι

153 1769 187 1796 ιχ
210 1778 283 1801 τινος
307 1770 410 1796 τελείου
439 1778 469 1796 τε
485 1770 563 1797 τοῦδε
588 1771 638 1803 τὰς
668 1771 808 1806 ἐνεργείας
833 1772 881 1798 καὶ
908 1772 942 1798 τὰ

155 1814 229 1849 πάθη
248 1815 321 1841 κατὰ
348 1814 451 1841 τελείου
471 1815 519 1842 καὶ
536 1816 567 1841 οὑ
603 1815 667 1842 κατ’
702 1816 808 1847 οὐδενὸς
836 1816 943 1850 λογίζε-

154 1859 221 1886 σθεο
253 1859 369 1894 ἐπείπερ
400 1860 549 1893 ἀναγκαῖον
585 1860 633 1886 καὶ
659 1860 708 1891 τὰς
736 1860 828 1891 αἰτίας
854 1859 942 1890 οὕτως

152 1905 226 1940 ἔχειν
239 1905 286 1931 καὶ
299 1904 482 1939 φυλάττεσθαι
501 1905 647 1939 διαφόρους
658 1905 706 1931 καὶ
719 1904 836 1936 τελείας,
848 1904 942 1939 ὥσπερ

151 1952 186 1978 τὰ
203 1951 258 1978 ἴδια
268 1951 370 1978 τούτων
386 1950 518 1986 ἰδιώματα
531 1951 578 1978 καὶ
589 1951 692 1986 προῦλή
698 1959 770 1986 ματα
782 1959 789 1966 -
807 1951 868 1977 ἐπεὶ
896 1950 943 1976 οὖν

152 1997 273 2032 διάφορά
283 1997 314 2022 τέ
328 1996 437 2022 είσικαὶ
447 1996 534 2028 διττὰ,
552 1997 612 2023 θεῖά
630 2005 658 2022 τε
672 1996 738 2022 ὄντα
765 1996 812 2023 καὶ
838 1995 942 2022 ἀνθρώ-

153 2051 230 2075 πινα,
245 2043 364 2076 διάφορα
379 2042 456 2068 ἔσται
467 2042 515 2068 καὶ
528 2042 577 2075 δύο
591 2043 640 2068 καὶ
656 2043 720 2069 τάδε
730 2050 738 2058 ο
755 2043 841 2069 ταῦτα
855 2043 884 2069 δὲ
908 2043 942 2069 τὰ

151 2089 228 2116 αῐτια
244 2088 299 2114 τῶν
317 2087 390 2114 ἰδίων
405 2088 485 2121 εἰπερ
500 2087 595 2121 φύσεις
620 2085 692 2114 εἶναι
718 2087 884 2122 ὁμολογεῖτε,
910 2088 942 2114 ὲκ

150 2134 199 2161 δύο
227 2135 281 2169 ἄρα
297 2134 352 2161 τῶν
373 2133 479 2167 φύσεων
509 2134 633 2169 προϊέναι
665 2134 715 2166 τὰς
743 2135 877 2170 ἰδιότητας
893 2135 940 2162 καὶ

151 2181 231 2215 ὑμεῖς
242 2180 408 2215 ὁμολογεῖτε.

187 2229 247 2259 κς’.
275 2226 375 2253 Ἔτιεί
396 2226 446 2262 τὴν
468 2227 588 2261 φυσικὴν
609 2227 741 2262 διαφορὰν
762 2227 939 2261 ὁμολογοῦσιν

150 2273 179 2298 ὲν
196 2271 317 2307 Χριστῷ.
338 2269 394 2306 ἆρά
419 2280 452 2305 γε
471 2272 552 2299 τινῶν
575 2272 660 2299 ὅντων
687 2273 736 2307 ήδη
767 2271 837 2299 εἶναι
854 2272 939 2309 αὐτὴν

150 2317 294 2352 διαφορὰν,
310 2317 327 2351 ἢ
342 2316 422 2343 τινῶν
434 2317 471 2351 μὴ
484 2317 568 2343 ὄντων
587 2318 713 2351 λέγουσιν
727 2316 797 2345 εἶναι
813 2318 862 2353 τὴν
878 2319 936 2346 δια-

150 2363 236 2398 φορὰν
257 2363 286 2388 ὲν
304 2362 426 2397 Χριστῷ,
435 2363 495 2389 ἐπεὶ
504 2361 549 2389 οὖν
563 2364 684 2395 πάντως,
693 2363 777 2390 ὄντων
791 2364 908 2397 ἐροῦσιν,
920 2365 936 2399 ἦ

149 2407 196 2434 δύο
207 2408 308 2434 τούτων
319 2408 419 2444 δηλαδὴ
430 2409 446 2443 ἦ
463 2409 759 2444 πλειόνων,λεγέτωσαν
776 2407 821 2437 οὖν
830 2411 938 2436 ὁπόσων

148 2453 230 2479 τινῶν
250 2453 391 2488 βούλονται
414 2451 484 2481 εἶναι
506 2455 600 2490 αὐτὴν,
626 2456 672 2482 καὶ
699 2456 737 2491 μὴ
754 2456 937 2483 εὐλαϐείσθω-

149 2508 208 2526 σαν.
457 2524 460 2526 .

181 2544 234 2576 κζ’.
249 2545 309 2571 Ἔτι
329 2547 353 2572 εί
366 2546 396 2572 τὸ
409 2546 500 2581 λέγειν
511 2547 568 2580 δύο,
590 2549 716 2583 χωρίζειν
734 2549 802 2581 ἐστὶ,
817 2550 876 2581 πῶς
889 2550 936 2576 δύο

146 2590 272 2624 λέγοντες
285 2592 334 2623 τὰς
350 2592 485 2628 ἰδιότητας
510 2594 557 2620 καὶ
571 2595 649 2621 αὐτοὶ
663 2596 713 2628 τὴν
725 2595 823 2622 ἕνωσιν
838 2597 868 2623 οὐ
887 2606 935 2631 με-

147 2636 286 2671 ρίζουσιν;
304 2638 376 2664 Ἀλλ’
388 2639 453 2671 ἴσως
467 2639 580 2673 εἴποιεν,
594 2641 634 2667 ὅτι
651 2641 729 2668 τοῦτο
739 2642 867 2677 χωρίζειν
884 2646 934 2679 τὴν

145 2681 228 2716 φύσιν
243 2684 274 2709 οὑ
284 2685 419 2717 πέφυκεν·
436 2685 491 2712 ἔδοὺ
507 2686 552 2712 καὶ
568 2687 598 2712 ἐν
613 2689 669 2719 τοῖς
682 2688 743 2714 καθ’
759 2688 873 2720 ἕκαστα,
886 2691 933 2715 καὶ

145 2728 174 2755 ὲν
185 2728 256 2763 αὐτῇ
269 2730 302 2764 τῇ
317 2730 383 2765 ἁγίᾳ
403 2731 510 2765 Τριάδι,
528 2732 637 2764 πλείους
652 2735 700 2768 μὲν
716 2734 766 2766 τὰς
787 2734 931 2770 ἰδιότητας,

146 2773 210 2806 μίαν
219 2774 248 2800 δὲ
259 2773 308 2809 τὴν
319 2775 401 2809 φύσιν
414 2778 521 2812 ὁρῶμεν
533 2786 539 2793 ⁶
557 2779 643 2805 ταῦτα
656 2780 682 2805 δὲ
699 2781 748 2815 οὐχ
763 2780 849 2812 οὕτως
867 2791 932 2816 φρο-

144 2818 253 2851 νοῦντες
279 2821 303 2846 οἱ
326 2821 436 2854 πλείους
467 2825 556 2851 αὐτῶν
577 2835 668 2859 φασιν,
689 2827 710 2852 εξ
738 2827 784 2854 καὶ
807 2828 873 2863 προς
902 2829 930 2854 τὲ

991 1547 1139 1578 nientium,
1155 1547 1228 1574 unde
1246 1547 1313 1574 illud
1332 1547 1525 1578 consideratis,
1549 1546 1708 1581 respondite
1731 1555 1782 1573 no—

993 1593 1036 1620 bis
1054 1590 1100 1620 :'si
1117 1594 1206 1625 enim,
1222 1594 1288 1628 quia
1305 1594 1441 1628 completa
1459 1593 1552 1619 divina
1571 1597 1599 1619 et
1616 1593 1735 1620 humana
1755 1593 1783 1619 in

992 1639 1087 1667 eadem
1103 1640 1202 1668 videtis
1216 1647 1343 1674 persona,
1359 1639 1464 1665 salvum
1483 1639 1615 1673 cujusque
1628 1639 1783 1666 naturalem

992 1693 1148 1712 sermonem
1163 1693 1212 1720 per
1224 1685 1385 1712 idiontatutn
1402 1684 1602 1711 mutualionem
1618 1684 1645 1710 in
1658 1691 1714 1710 uno
1730 1684 1783 1711 hee

993 1724 1145 1765 composito
1175 1731 1358 1766 cognoscitis,
1382 1730 1560 1766 perspicuum
1590 1730 1644 1757 erit
1667 1730 1740 1765 quod
1767 1738 1782 1756 e

993 1777 1115 1812 perfecto
1127 1777 1246 1811 quodam
1264 1777 1347 1812 hujus
1364 1777 1540 1812 operationes
1555 1780 1582 1803 et
1594 1776 1735 1811 passiones
1748 1777 1783 1802 de

993 1822 1115 1857 perfecto
1130 1827 1156 1849 et
1170 1830 1225 1849 non
1243 1823 1276 1849 de
1294 1822 1369 1849 nullo
1386 1822 1539 1857 exponitis;
1558 1821 1782 1856 quandoquidem

992 1868 1180 1896 necessarium
1199 1873 1227 1896 et
1242 1876 1340 1896 causas
1356 1868 1396 1896 sic
1411 1876 1470 1896 esse
1486 1873 1513 1895 et
1528 1869 1633 1896 servari
1649 1867 1779 1894 ditl’eren—

994 1919 1035 1942 tes
1052 1918 1080 1941 et
1096 1914 1248 1949 perfectas,
1266 1915 1338 1942 sicut
1357 1915 1468 1949 propria
1487 1915 1584 1942 horum
1606 1915 1736 1941 idiontata
1754 1919 1781 1940 (ιι
1812 1920 1813 1928 ‘

993 1960 1175 1995 quaestiones;
1194 1969 1256 1987 cum
1272 1968 1338 1995 ergo
1355 1960 1511 1988 diﬂ‘erentia
1529 1961 1584 1987 sint
1599 1964 1627 1987 et
1643 1959 1779 1994 duplicia.

993 2006 1086 2033 divina
1102 2011 1129 2033 et
1146 2007 1276 2039 humatta,
1289 2007 1445 2034 dill'crentia
1461 2010 1544 2034 erunt
1558 2011 1586 2033 et
1602 2007 1656 2033 duo
1675 2010 1703 2033 et
1717 2006 1778 2032 ista.

993 2052 1056 2079 Haec
1068 2059 1134 2079 vero
1148 2060 1208 2086 qua:
1222 2060 1302 2079 causa
1318 2057 1382 2080 sunt
1393 2053 1579 2088 propriorum,
1590 2052 1655 2079 licet
1667 2056 1780 2078 naturas

992 2106 1052 2126 esse
1067 2099 1253 2126 conﬁteamini
1264 2119 1270 2131 ,
1287 2103 1313 2126 et
1328 2099 1443 2126 duarum
1459 2103 1698 2134 ergonaturarum
1713 2105 1779 2132 pro-

994 2143 1080 2171 llu'ere
1095 2145 1277 2179 proprietates
1290 2149 1318 2171 et
1329 2152 1378 2171 vos
1392 2143 1573 2171 conﬁtemini.

1025 2234 1068 2261 26.
1087 2234 1185 2261 Adhuc
1206 2234 1229 2261 si
1250 2233 1390 2269 physicam
1411 2233 1598 2260 differentiam
1620 2232 1646 2259 in
1667 2233 1778 2260 Christo

990 2281 1169 2312 conﬁtentur,
1182 2281 1238 2315 jant
1256 2288 1322 2315 ergo
1339 2288 1455 2315 quarum
1475 2287 1567 2307 rerum
1585 2279 1777 2307 exsistentiunt

989 2333 1050 2354 esse
1067 2326 1137 2353 hanc
1151 2326 1336 2353 differentiam
1347 2345 1354 2357 ,
1370 2330 1416 2353 aut
1432 2333 1549 2361 quarum
1566 2333 1621 2353 non
1641 2325 1777 2353 cxsisten<

989 2373 1058 2399 tium
1084 2373 1180 2399 dicunt
1203 2380 1264 2399 esse
1293 2372 1478 2400 dilferentiam
1507 2372 1535 2399 in
1561 2371 1690 2403 Christo,
1714 2379 1775 2398 cum

989 2418 1111 2452 penitus.
1125 2418 1334 2449 exsistentium,
1349 2418 1460 2452 dicunt;
1476 2417 1520 2444 vel
1540 2417 1658 2444 duarum
1678 2417 1776 2443 harum

988 2464 1030 2491 vel
1045 2464 1165 2498 plurium
1179 2464 1272 2492 dicant
1284 2473 1349 2499 ergo
1362 2463 1479 2497 quarum
1495 2464 1595 2491 harum
1607 2463 1704 2491 volunt
1715 2471 1776 2490 esse

987 2510 1077 2541 illam,
1091 2515 1118 2537 ct
1132 2518 1186 2537 non
1204 2515 1386 2545 prtrcaveant.

1021 2556 1065 2583 9.7.
1078 2556 1175 2593 Adhuc
1193 2557 1216 2584 si
1234 2557 1327 2584 dicere
1347 2557 1412 2589 duo,
1426 2557 1552 2584 dividere
1567 2561 1619 2588 cst,
1635 2555 1774 2590 quomodo

986 2603 1033 2637 qui
1054 2603 1123 2629 duas
1144 2603 1241 2630 dicunt
1259 2603 1443 2638 proprietates
1460 2607 1489 2631 et
1506 2603 1557 2638 ipsi
1578 2602 1772 2630 adunationcm

985 2656 1040 2675 non
1065 2648 1211 2676 dividunt?
1236 2649 1289 2677 Sed
1316 2650 1444 2677 similiter
1468 2649 1578 2681 dicant,
1604 2647 1677 2682 quod
1706 2647 1771 2674 illm.l

985 2698 1125 2728 naturam,
1140 2702 1195 2721 non
1210 2695 1313 2722 divisit.
1328 2695 1399 2722 Ecce
1412 2695 1484 2722 enim
1501 2699 1528 2722 et
1554 2695 1580 2721 in
1600 2694 1683 2721 rebus
1711 2702 1771 2728 qua-

984 2747 1034 2774 per
1048 2739 1153 2774 singula
1167 2740 1351 2774 inspiciuntur
1362 2744 1390 2766 ct
1407 2740 1432 2767 in
1450 2741 1507 2774 ipsa
1520 2743 1612 2766 sancta
1625 2738 1769 2767 Trinitatc.

984 2785 1075 2819 plures
1095 2786 1207 2820 quidem
1232 2785 1428 2821 proprietates,
1448 2793 1530 2812 unam
1553 2792 1620 2811 vero
1645 2789 1770 2811 naturam

984 2830 1122 2863 videmus;
1150 2831 1206 2858 haec
1229 2840 1292 2858 vero
1318 2839 1372 2857 non
1400 2831 1437 2858 sic
1465 2830 1618 2864 cogitantes
1645 2829 1770 2863 pieriquc
