1963 3077
193 115 256 145 ῐῖὶΠ

191 214 341 249 proferant,
358 216 429 243 sicut
450 216 477 242 in
497 217 604 244 caeteris
624 221 808 244 monstratum
829 223 881 245 est.
900 218 977 244 Atta-

191 268 252 287 men
267 260 392 288 dicamus
408 261 440 288 ad
457 261 531 296 ipsos
546 271 552 287 :
569 262 620 294 Qui
633 270 699 297 ergo
714 263 786 290 circa
801 264 873 298 ipsas
886 264 978 290 dicitis

189 306 244 332 duo
260 313 323 338 vos,
339 315 399 341 qua:
416 307 543 340 fuerunt,
559 315 613 334 non
629 314 770 341 naturam,
784 309 831 336 sed
848 310 976 345 hyposta-

189 360 234 379 ses
251 360 430 386 personarum
451 353 533 379 unius
552 358 658 380 natura:
675 353 814 387 dividere;
832 363 894 381 nam
915 363 978 390 pro-

191 398 354 431 prietatibus
378 399 443 433 ipsae
465 398 639 430 dividuntur.
655 404 683 426 et
705 400 856 427 secundum
877 407 926 428 vos
950 406 977 427 et

189 443 341 469 secundum
360 451 410 470 nos
428 453 433 470 :
450 443 584 475 dicentes,
600 445 722 479 inquam,
737 445 812 471 circa
828 445 900 479 ipsas
916 450 976 472 tan-

191 492 247 514 tum
273 489 456 522 proprietates
476 490 510 515 de
531 489 642 516 Christo
664 490 868 524 duplicitatem,
889 490 976 526 hypo-

188 539 276 561 slases
293 543 476 569 personarum
494 535 562 563 duas
578 537 655 563 scitis
683 537 800 569 Christi,
816 538 868 564 etsi
895 545 975 564 unam

188 580 247 613 t-jns
263 584 387 606 naturam
400 581 581 608 conﬁtemini.
594 581 672 614 Quod
691 582 765 608 absit
781 590 796 609 a
813 583 906 614 vobis,
922 583 976 610 fra-

190 629 260 656 tres,
273 625 430 652 admittere.
445 626 472 652 Si
492 631 582 653 autem
601 627 700 654 dicatis
717 635 767 655 nec
782 633 908 654 natumut
926 635 977 655 nec

190 667 358 704 hypostasint
374 671 560 706 proprietates
577 672 701 699 dividere
711 692 717 704 ,
731 680 783 699 nec
798 673 898 699 Paulus
911 681 975 708 ergo

189 723 203 742 a
220 715 318 747 Petro,
334 725 384 743 nec
399 725 412 743 a
430 717 510 744 Patre
526 718 613 745 Filius
627 718 782 745 secundum
795 719 860 753 quid
876 719 975 746 discer-

189 762 280 792 nitur,
302 766 402 788 natura
426 763 527 798 quippe
550 763 648 796 iidem,
670 764 890 798 proprietatibus
910 772 976 791 vero

190 807 423 842 indistinguibiles
437 813 464 835 et
481 813 547 835 notu
563 809 758 843 impossibiles.

212 853 267 883 :28.
283 853 309 881 Si
326 854 515 881 diversitatem
532 854 643 885 dicunt,
656 858 685 881 et
697 854 884 889 duplicitatem
899 853 975 889 peni-
993 847 1012 876 Β

190 903 233 924 Ius
255 899 442 926 tlill‘erentium
465 899 558 926 dicere
583 905 728 935 cogentur;
752 908 813 927 natn
836 905 864 927 et
884 908 975 927 rerum

187 944 304 971 diversa:
318 949 423 972 natura;
436 945 620 975 enumeratio.
632 950 661 972 et
672 945 854 976 accidentium
869 949 976 972 mutan-

190 990 256 1015 llum
270 990 420 1018 secundum
435 990 516 1024 quid,
527 996 574 1018 aut
589 993 696 1018 tandem
712 991 850 1018 nudarunt
867 992 975 1018 numeri

189 1035 307 1070 partium
332 1037 380 1063 aut
403 1036 547 1063 subtilium
571 1037 752 1071 quarumdam
777 1037 975 1072 cogitationum

188 1081 209 1107 si
232 1081 310 1108 ﬁeret
329 1082 447 1113 mentio,
464 1090 498 1110 ex
516 1083 673 1111 ditl'erentia
693 1091 753 1117 qua:
773 1084 882 1111 exsistit
902 1084 975 1111 circa

190 1127 321 1157 \erbum.
338 1128 381 1154 vel
404 1128 530 1155 ordinem
551 1130 593 1155 vel
616 1133 740 1164 tempus,
759 1130 799 1157 vel
822 1130 911 1157 locum
933 1130 975 1157 vel

189 1173 323 1204 habitum,
337 1173 419 1200 etilla
437 1174 580 1201 evidenter
593 1175 748 1209 praecedet:
768 1179 816 1202 aut
835 1183 900 1210 ergo
921 1183 974 1202 non

188 1217 384 1250 diderentiam,
399 1224 447 1245 aut
459 1223 487 1246 et
501 1227 647 1247 numerum
663 1219 850 1247 diﬂ‘erentium
865 1225 976 1248 natura-

189 1271 248 1289 rum
262 1263 365 1291 dicant.

222 1309 298 1337 29.δὶ
312 1318 326 1337 e
340 1310 449 1337 duobus
461 1310 586 1338 dicentes
596 1311 865 1345 naturisChristum,
877 1321 975 1347 nempe

188 1362 203 1381 e
224 1355 364 1382 communi
386 1355 531 1384 divinitate
553 1361 581 1384 et
600 1357 787 1390 humanitate,
803 1358 872 1385 duas
894 1359 975 1386 hasce

188 1404 216 1426 et
241 1403 304 1434 post
327 1401 523 1428 adunatiouem
548 1410 603 1429 non
627 1408 812 1438 cognoscunt,
834 1412 899 1439 ergo
920 1413 975 1431 non

189 1449 358 1480 cognoscunt
382 1451 445 1481 post
469 1448 649 1475 oeconomiam
672 1448 870 1476 incarnationis
895 1450 974 1477 Verbi

190 1498 352 1518 eotnmunes
365 1491 433 1519 duas
449 1491 629 1519 humanitatis
642 1495 670 1519 et
682 1492 836 1519 divinitatis
852 1498 974 1527 naturas,

191 1544 240 1563 nec
253 1537 399 1571 separatim
415 1545 462 1564 cas
476 1541 639 1570 numerant,
652 1546 703 1565 nec
717 1545 778 1565 esse
793 1545 907 1572 prorsus
922 1539 977 1566 duo

190 1582 280 1609 adhuc
292 1582 429 1617 reliquum
445 1582 541 1609 dicunt
554 1591 560 1609 :
575 1591 638 1609 nam
654 1591 669 1609 a
682 1583 843 1618 duplicitate
857 1592 977 1613 cessasse

191 1629 364 1656 contendunt
378 1629 436 1656 lnec
449 1637 463 1656 a
478 1629 579 1664 quibus
592 1629 745 1656 exsurrexit
756 1630 897 1658 adunatio.
911 1631 977 1659 Esse

189 1681 255 1700 vero
268 1681 300 1700 ca
316 1669 477 1701 communes
489 1679 602 1704 naturas
617 1674 795 1702 conﬁtentur.

225 1719 266 1747 50.
287 1719 315 1746 Si
339 1725 482 1754 propterea
508 1720 581 1755 quod
601 1725 763 1747 naturarum
784 1721 914 1750 adunatio
935 1727 977 1750 est

191 1773 271 1791 unatn
299 1770 469 1799 cognoscunt
489 1770 617 1793 naturam
645 1774 677 1793 ea
702 1774 763 1801 quae
787 1773 976 1795 convenerunt

192 1810 249 1837 lieri
260 1831 267 1842 ,
281 1815 309 1837 et
325 1810 390 1843 quia
407 1815 567 1837 naturarum
585 1811 742 1839 diﬂ'erentia
758 1817 815 1844 est,
832 1813 901 1841 duas
921 1814 977 1841 haec

190 1859 364 1890 cognoscant.
382 1855 440 1882 Non
460 1856 531 1883 enim
553 1856 626 1890 quod
647 1857 698 1891 ipsi
719 1862 761 1884 est
780 1858 814 1884 ob
834 1858 977 1885 adunatio—

191 1908 270 1932 nem,
294 1900 362 1928 illud
385 1906 413 1928 et
435 1901 470 1928 ob
494 1901 677 1929 dillercntiam
704 1903 854 1937 putabunt,
875 1904 923 1931 sed
949 1905 975 1931 in

191 1947 277 1974 altero
299 1947 383 1974 verbo
404 1947 532 1974 alterum.
548 1947 616 1975 Cum
639 1957 704 1984 ergo
722 1955 750 1977 et
768 1950 922 1977 cssentialis
943 1951 977 1978 iis

191 2001 251 2028 qua:
265 1994 436 2021 conveniunt
449 1994 531 2021 rebus
546 1995 712 2027 differentia,
726 2001 754 2023 et
766 1996 871 2031 adjecta
885 2004 977 2024 essen-

192 2041 237 2067 tiis
253 2039 395 2073 adunatio,
410 2040 480 2067 bene
495 2041 630 2068 essentias
644 2042 756 2076 praprio
771 2042 839 2077 ipsis
850 2050 977 2070 sermone

190 2085 398 2118 discernentes,
424 2086 495 2113 duas
526 2086 643 2113 dicimus
672 2095 769 2122 nempe
798 2087 975 2120 diversitate;

191 2139 336 2166 personam
348 2140 414 2159 vero
429 2132 497 2167 ipsis
511 2139 592 2159 unam
609 2133 775 2160 adunationc
791 2133 940 2160 credimus.

227 2233 271 2260 3i.
289 2231 385 2259 Adhuc
405 2232 495 2259 omnis
514 2231 657 2266 compositi
680 2231 791 2265 perfecti
808 2239 859 2258 nec
878 2239 976 2265 supcr-

190 2278 350 2309 abundare,
374 2286 426 2305 nec
454 2277 573 2305 deiicere
598 2282 708 2311 oportet
733 2284 905 2308 sermonem,
929 2277 976 2303 sed

191 2324 371 2352 suﬂicientem
394 2331 470 2357 esse;
491 2323 641 2358 duplicitas
661 2323 749 2357 prima
770 2322 933 2357 compositio
950 2326 978 2349 et

191 2368 296 2402 primus
314 2368 452 2395 sufﬁciens
470 2376 618 2400 numerus;
636 2368 774 2402 quomodo
791 2375 856 2402 ergo
875 2367 977 2402 impor-

191 2419 287 2441 tunum
308 2414 361 2441 erit
381 2415 414 2441 de
432 2414 594 2449 compositis
615 2415 722 2441 naturis
739 2417 767 2440 et
783 2421 868 2440 unutn
886 2413 977 2447 perfe-

190 2464 265 2486 ctum
283 2459 503 2494 eomplcntibus,
519 2459 708 2494 duplicitatem
724 2458 832 2489 dicere,
848 2457 978 2492 hyposta-

190 2513 252 2532 suos
268 2512 333 2532 vero
351 2505 502 2533 unitatem?
519 2505 579 2532 Non
596 2505 669 2531 enim
687 2503 721 2530 ad
738 2503 856 2530 invicem
875 2510 978 2530 conve-

191 2555 291 2578 ncrunt
303 2551 364 2579 dum
378 2552 540 2587 hypostases
553 2551 626 2578 sicut
637 2557 665 2577 ct
679 2554 795 2576 naturae.

225 2598 268 2625 52.
288 2597 386 2624 Adhuc
408 2597 499 2624 omnis
524 2596 617 2624 unitas
641 2597 665 2623 si
691 2595 803 2622 omnino
829 2595 856 2622 in
880 2594 976 2622 eodem

190 2651 272 2671 sensu
285 2644 433 2671 verborum
449 2643 601 2671 secundum
614 2650 698 2669 unum
712 2642 746 2669 de
760 2641 853 2676 aliquo
865 2641 976 2673 dicitur,

189 2692 218 2715 et
240 2688 389 2723 duplicitas
411 2692 474 2715 ante
496 2687 599 2715 dictam
623 2687 649 2713 in
672 2695 705 2714 eo
729 2686 879 2714 secundum
905 2686 977 2714 idem

191 2732 379 2767 duplicitatem
400 2737 444 2760 est
462 2732 558 2760 etiam.
575 2731 602 2759 Si
623 2739 689 2759 vero
712 2736 772 2766 post
790 2731 977 2766 duplicitatem

192 2778 311 2810 dicatur,
325 2783 373 2806 aut
384 2787 438 2806 non
453 2779 479 2805 in
493 2778 590 2806 eodem
604 2777 706 2805 dicitur
719 2778 867 2805 verborum
883 2785 976 2808 sensu,

191 2831 238 2852 aut
257 2824 348 2854 unitas
368 2823 493 2852 non‘est.
511 2825 568 2851 Non
588 2824 660 2851 enim
684 2823 765 2850 habet
784 2828 907 2850 naturam
930 2827 977 2850 aut

821 118 975 149 LEONTII
999 117 1085 146 BYZA
1092 117 1151 146 NTl
1159 117 1201 146 XT

189 178 284 196 eorum
307 170 416 202 dicunt,
435 170 499 198 licet
521 179 571 206 pro
595 180 685 198 rerum
712 176 784 199 statu
810 174 874 200 talia
899 173 976 200 nobis

1031 172 1116 206 παρὸν
1132 173 1195 198 τάδε
1213 173 1280 206 ἡμῖν
1296 171 1505 206 προῦά).λονται,
1519 171 1554 201 it;
1573 171 1601 196 ἐν
1617 172 1720 205 ἑτέροις

1214 86 1227 93 ι

1748 114 1815 146 1788

1747 172 1815 198 ἐδεί-

1029 217 1091 252 χθη.
1109 217 1181 251 Πλὴν
1206 218 1330 251 εἴποιμεν
1345 216 1411 251 πρὸς,
1432 216 1530 247 uota-3;
1543 224 1550 232 ⁸
1571 217 1648 242 Ἐπεὶ
1674 215 1721 243 οὖν
1746 223 1814 245 κατὰ

1028 263 1231 296 ταύτας).έγετε
1245 262 1274 288 τὸ
1290 259 1336 288 δῦο
1350 262 1438 297 ὑμεῖς,
1455 262 1483 287 αἱ
1500 262 1634 296 πέῳυκαν,
1650 263 1681 288 οὐ
1698 263 1747 297 τὴν
1764 263 1820 297 φύε

1029 317 1070 335 σιν
1094 308 1231 344 χωρίζειν,
1260 308 1328 339 ἀλλὰ
1349 308 1397 339 τὰς
1414 308 1580 338 ὑποστάσεις
1594 308 1649 334 τῶν
1660 309 1815 342 προσώπων

1027 354 1077 387 τῆς
1091 354 1155 388 μιᾶς
1184 353 1292 387 φύσεως
1303 361 1309 367 '
1328 355 1385 383 ταῖς
1400 352 1454 387 γὰρ
1482 353 1610 388 ἰδιότησιν
1637 351 1716 380 αὗται
1730 355 1814 389 χωρί-

1028 399 1128 431 ζονται,
1148 399 1208 425 καθ’
1229 400 1301 434 ὑμᾶς
1314 407 1344 424 τε
1364 399 1411 425 καὶ
1435 398 1497 425 καο“
1514 399 1598 433 ἡμᾶς,
1617 399 1743 432 λέγοντες
1761 401 1814 434 ἄρα

1027 445 1098 472 κατὰ
1111 445 1212 476 ταύτας
1229 445 1310 479 μόνον
1321 444 1403 480 ἤγουν
1416 445 1464 475 τὰς
1479 444 1615 480 ἰδιότητας
1633 445 1680 470 ἐπὶ
1697 446 1815 480 Χριστὸν

1026 491 1076 526 τὴν
1088 491 1182 523 δυάδα,
1198 491 1246 522 τὰς
1259 490 1423 521 ὑποστάσεις
1445 490 1499 517 τῶν
1521 490 1676 524 προσώπων
1691 491 1737 517 δύο
1757 491 1812 517 ἴστε

1027 536 1073 562 τοῦ
1090 537 1219 571 Χριστοῦ,
1244 537 1269 562 εἰ
1294 537 1341 563 καὶ
1369 537 1433 570 μίαν
1447 537 1497 570 τὴν
1523 536 1605 570 φύσιν
1622 537 1814 571 αὐτοῦὸμολοη

1027 583 1117 615 γείτε·
1137 583 1205 618 ὅπερ
1220 582 1256 617 μὴ
1270 582 1312 616 εἴη
1329 581 1414 616 ὑμᾶς,
1430 581 1551 616 ἀδελφοὶ,
1566 582 1778 617 καταδέχεσθαι·
1790 585 1813 609 εἰ

1026 627 1053 653 δὲ
1064 628 1165 653 εἴποιτε
1184 628 1252 662 μήτε
1267 627 1316 662 τὴν
1328 627 1408 661 φύσιν
1437 627 1506 661 μήτε
1524 627 1573 662 ιιὴν
1599 627 1748 654 ὑπόστασιν
1765 629 1814 660 τὰς

1029 668 1163 706 ἱδιότῇτας
1180 672 1319 708 χωρίζειν,
1337 671 1399 698 οΰτε
1416 672 1522 704 Παῦλος
1549 672 1604 707 ἄρα
1619 673 1733 708 Πέτρου,
1753 673 1814 699 οὔτε

1026 717 1073 744 τοῦ
1088 718 1195 753 Πατρὸς
1211 717 1297 749 ὁΥίὸς
1308 718 1378 744 κατά
1391 726 1417 744 τι
1431 718 1608 752 διακρίνεται,
1624 719 1657 754 τῇ
1673 718 1814 753 μὲνφύσει

1027 765 1102 794 ὄντες
1119 764 1221 796 mutat,
1236 764 1296 794 ταῖς
1309 763 1338 790 δὲ
1353 763 1481 798 ἰδιότησιν
1497 763 1649 798 ἁδιάκριτοι
1668 764 1714 792 καὶ
1737 764 1813 791 ἀδιά-

1026 819 1154 844 γνωστοι.

1063 859 1114 883 κη’.
1132 857 1162 882 Εἰ
1173 855 1306 890 διαφορὰν
1320 855 1440 889 λέγουσι,
1459 855 1505 882 καὶ
1516 855 1598 882 δυάδα
1608 856 1715 887 πάντως
1726 857 1813 882 εἰπεῖν

1027 903 1081 929 τῶν
1110 902 1306 937 διαφερόντων,
1334 900 1588 936 ἀναγκασθήσονται
1603 901 1724 936 δηλονότι
1737 909 1743 916 ·
1758 902 1814 928 τῶν

1026 958 1055 975 τε
1071 950 1124 984 γὰρ
1141 948 1294 983 ὲτεροφυῶν
1312 948 1484 983 πραγμάτων
1507 948 1522 983 ἡ
1539 948 1739 983 ἀπαρίθμησις,
1758 948 1814 974 τῶν

1026 1003 1055 1020 τε
1072 993 1284 1028 συμῆεόηχὸτων
1302 993 1356 1019 τῶν
1373 992 1590 1025 ὲξαλλασσόντων
1608 993 1678 1019 κατά
1688 1001 1725 1024 τι,
1747 993 1764 1028 ἢ
1782 993 1816 1019 τό

1027 1048 1058 1074 γε
1078 1039 1201 1073 ἔσχατον,
1213 1038 1324 1073 γυμνῶν
1339 1038 1394 1064 τῶν
1408 1038 1455 1064 τοῦ
1475 1038 1592 1072 ἀριθμοῦ
1614 1038 1717 1073 μορίων
1733 1038 1748 1072 ἢ
1767 1039 1814 1072 ψι-

1026 1084 1080 1111 λῶν
1095 1093 1176 1110 τινων
1193 1084 1384 1118 ἐπινοημάτων
1403 1085 1427 1109 εἰ
1442 1083 1545 1116 γένοιτο
1559 1084 1690 1118 μὲτρησις
1716 1083 1748 1110 ἐκ
1763 1083 1813 1118 τῆς

1027 1130 1157 1164 διαφορᾶς
1174 1131 1223 1164 τῆς
1244 1130 1315 1156 κατὰ
1332 1128 1450 1164 λόγον,ἢ
1466 1129 1553 1161 τάξιν,
1568 1128 1701 1163 ἢχρόνον.
1721 1129 1737 1164 ἦ
1767 1129 1812 1155 τό-

1027 1187 1087 1210 πον,
1102 1177 1116 1211 ἦ
1139 1177 1241 1211 σχέσιν,
1258 1177 1305 1202 καὶ
1313 1175 1388 1210 αὕτη
1410 1175 1578 1211 προϐήσεται
1594 1175 1704 1208 σαφῶςο
1731 1175 1747 1210 ἦ
1765 1174 1813 1202 οὖν

1028 1227 1095 1258 μήτε
1112 1223 1254 1257 διαφορὰν,
1326 1222 1372 1248 καὶ
1397 1221 1442 1248 τὸν
1458 1221 1573 1256 ἀριθμὸν
1587 1221 1740 1256 λεγέτωσαν
1758 1222 1814 1249 τῶν

1026 1269 1209 1304 διαφερουσῶν
1224 1269 1342 1302 φύσεων..

1062 1314 1112 1341 κθ’.
1135 1315 1165 1342 Εἰ
1185 1316 1217 1341 ὲκ
1242 1314 1289 1341 δύο
1308 1314 1433 1348 λέγοντες
1456 1313 1564 1347 φύσεων
1579 1313 1624 1340 τὸν
1644 1313 1761 1348 Χριστὸν
1776 1312 1812 1344 ὡς

1027 1362 1058 1387 ἐκ
1074 1361 1123 1394 τῆς
1138 1361 1227 1394 κοινῆς
1243 1361 1368 1395 Θεότητος
1381 1360 1429 1386 καὶ
1448 1359 1668 1394 ἀνθρωπότητος,
1685 1358 1731 1385 δύο
1745 1359 1813 1384 τάσ-

1026 1406 1053 1431 δε
1070 1406 1117 1432 καὶ
1130 1405 1199 1440 μετὰ
1214 1405 1262 1440 τὴν
1277 1405 1375 1431 ἕνωσιν
1391 1404 1421 1431 οὐ
1439 1403 1631 1437 γινώσκουσιν,
1645 1403 1739 1438 ἄραγε
1753 1404 1813 1430 οὐδὲ

1028 1452 1102 1478 ἴσασι
1132 1451 1202 1486 μετὰ
1236 1451 1285 1485 τὴν
1318 1449 1476 1485 οἰκονομίαν
1503 1449 1554 1483 τῆς
1577 1448 1742 1484 σαρκώσεως
1765 1449 1813 1476 τοῦ

1027 1497 1114 1529 Λόγου
1131 1496 1177 1527 τὰς
1190 1495 1282 1527 κοινὰς
1298 1495 1344 1521 δύο
1355 1495 1451 1529 φύσεις
1468 1494 1677 1529 ἀνθρωπὸτητος
1693 1494 1741 1520 καὶ
1756 1494 1813 1520 0:6-

1027 1550 1120 1576 τητος.
1146 1541 1207 1567 οὐδὲ
1229 1540 1416 1575 διωρισμένως
1440 1540 1525 1571 αὑτὰς
1551 1538 1729 1574 ἀριθμοῦσιν,
1753 1539 1813 1566 οὐδὲ

1027 1583 1098 1611 εἶναι
1117 1585 1185 1616 ὅλως
1209 1584 1256 1611 δύο
1283 1584 1322 1611 ἔτι
1337 1584 1431 1611 λοιπόν
1447 1593 1514 1618 φασι
1524 1593 1531 1599 ·
1547 1583 1611 1610 τάδε
1637 1584 1690 1619 γὰρ
1705 1583 1814 1610 πεπαῦ-

1029 1631 1090 1656 σθαι
1106 1631 1155 1665 τῆς
1178 1630 1274 1662 δυάδος
1291 1631 1374 1665 φασὶν
1399 1627 1440 1661 οἷς
1464 1629 1648 1663 προσγέγονεν
1663 1629 1679 1664 ἡ
1698 1628 1794 1660 Evam;
1806 1638 1812 1643 '

1027 1673 1097 1702 εἶναι
1113 1676 1140 1702 δὲ
1156 1676 1252 1709 ταῦτα,
1265 1676 1314 1707 τὰς
1332 1675 1426 1706 κοινὰς
1441 1674 1542 1709 φύσεις
1551 1674 1741 1709 ὁμολογοῦσιν.

1062 1722 1092 1748 λ’.
1112 1723 1142 1748 Et
1158 1721 1201 1748 διὰ
1226 1722 1257 1748 τὸ
1279 1723 1340 1753 ταῖς
1358 1721 1472 1755 φύσεσιν
1496 1720 1621 1754 ἡνῶσθαι
1648 1720 1713 1755 μίαν
1727 1720 1814 1748 οἴδασι

1028 1768 1110 1801 φύσιν
1135 1768 1169 1794 τὰ
1197 1767 1371 1800 συνελθόντα,
1389 1768 1435 1793 καὶ
1448 1767 1491 1793 διὰ
1505 1767 1536 1793 τὸ
1551 1767 1648 1800 φύσεσι
1663 1767 1814 1803 διαφέρειν,

1026 1813 1072 1839 δύο
1080 1813 1165 1840 ταῦτα
1180 1814 1405 1846 γινωσκέτωσαν·
1417 1813 1461 1840 διά
1471 1821 1500 1839 τε
1514 1813 1568 1848 γὰρ
1579 1813 1676 1840 ἕνωσιν
1691 1813 1719 1840 ἓν
1731 1814 1815 1849 πρόσ-

1026 1867 1108 1885 ωπον.
1126 1861 1172 1885 καὶ
1185 1859 1227 1885 διὰ
1244 1859 1294 1894 τὴν
1310 1858 1442 1892 διαφορὰν
1467 1859 1494 1885 αἱ
1517 1858 1565 1884 δύο
1582 1858 1677 1892 φύσεις
1688 1867 1694 1873 ·
1713 1859 1743 1885 οὐ
1759 1860 1814 1895 γὰρ

1026 1904 1095 1938 ὅπερ
1111 1904 1185 1938 αὑτῷ
1200 1904 1259 1930 ἐστι
1276 1904 1321 1930 διὰ
1336 1904 1386 1938 τὴν
1401 1903 1509 1935 ἕνωσιν,
1523 1903 1603 1930 τοῦτο
1624 1904 1672 1930 καὶ
1695 1904 1740 1941 ana;
1763 1905 1814 1940 τὴν

1027 1947 1158 1982 διαφορὰν
1174 1947 1372 1982 ὑπολήψονται,
1388 1947 1446 1974 ἀλλ’
1465 1949 1494 1974 ὲν
1516 1947 1623 1982 θατέρῳ
1639 1948 1677 1983 τῷ
1690 1948 1763 1983 λύγῳ
1784 1949 1814 1975 τὸ

1026 1993 1129 2028 ἕτερον.
1155 1993 1231 2020 Ἐπεὶ
1247 1990 1293 2020 οὖν
1312 1993 1360 2019 καὶ
1376 1993 1507 2028 οὐσιώδης
1523 1994 1572 2028 μὲν
1592 1995 1650 2025 τοῖς
1670 1994 1815 2021 συνελθοῦ-

1028 2047 1069 2064 σιν
1084 2040 1100 2074 ὴ
1123 2039 1252 2074 διαφορὰ,
1273 2038 1421 2073 ἐπίκτητος
1437 2038 1465 2065 δὲ
1481 2039 1541 2069 ταῖς
1557 2039 1688 2074 οὺσίαιςὴ
1704 2039 1814 2071 ἕνωσις,

1027 2085 1117 2116 καλῶς
1130 2084 1180 2115 τὰς
1196 2085 1245 2120 μὲν
1260 2085 1354 2115 οὐσίας
1374 2084 1414 2119 τῷ
1436 2084 1494 2119 ἰδίῳ
1515 2084 1605 2111 αὐτῶν
1620 2085 1692 2120 λόγῳ
1708 2085 1818 2121 διακρί-

1028 2139 1133 2162 ναντες,
1149 2130 1196 2156 δύο
1213 2130 1313 2164 φαμὲν,
1326 2131 1410 2166 ἤγουν
1423 2132 1455 2165 τῇ
1476 2130 1608 2165 διαφορᾷ”
1624 2131 1654 2157 τὸ
1676 2131 1704 2158 δὲ
1729 2133 1814 2167 πρόσ-

986 2176 1013 2205 D
1026 2185 1109 2207 ωπον,
1125 2177 1219 2208 αὑταῖς
1233 2176 1263 2202 ἓν
1277 2177 1309 2211 τῇ
1324 2176 1418 2202 ἑνώσει
1432 2176 1590 2210 δοξάζομεν.

1063 2230 1114 2258 λα’.
1136 2231 1196 2256 Ἐτι
1217 2230 1320 2261 παντὸς
1349 2229 1478 2256 συνθέτου
1504 2230 1612 2257 τελείου
1633 2230 1696 2257 οὕτε
1724 2239 1815 2266 περι-τ⁵

1028 2275 1118 2302 τεύειν
1137 2275 1200 2301 οὒτε
1214 2275 1349 2301 ἐλλείπειν
1361 2274 1402 2300 δεῖ
1420 2274 1466 2300 τὸν
1482 2274 1570 2307 λόγον,
1590 2274 1646 2301 ἀλλ’
1665 2275 1758 2311 ἄρτιον
1774 2274 1816 2302 εἷ-

1028 2330 1089 2348 ναι·
1108 2320 1175 2352 δυὰς
1198 2321 1227 2347 δὲ
1250 2319 1346 2355 πρώτη
1373 2319 1509 2355 σύνθεσις,
1525 2321 1573 2347 καὶ
1589 2321 1697 2354 πρῶτος
1721 2321 1815 2356 ἄρτιος

1028 2367 1156 2402 ἀριθμός·
1171 2367 1228 2398 πῶς
1245 2364 1291 2393 οὖν
1309 2366 1483 2401 ἁπρόσφορον
1494 2365 1570 2392 ἔσται
1586 2366 1633 2392 ἐπὶ
1648 2367 1702 2393 τῶν
1723 2376 1816 2394 συντε-

1028 2412 1127 2438 θεισῶν
1147 2412 1253 2446 φύσεων
1273 2412 1320 2438 καὶ
1342 2411 1372 2437 τὸ
1388 2411 1417 2437 ἓν
1437 2411 1540 2437 τέλειον
1558 2411 1720 2446 πληρουσῶν
1731 2412 1816 2440 δυάδα

1027 2456 1127 2491 λέγειν,
1140 2456 1243 2490 μονάδα
1256 2456 1284 2483 δὲ
1301 2456 1496 2489 ὑποστάσεω;;
1514 2456 1544 2482 οὐ
1559 2457 1614 2492 γὰρ
1630 2458 1815 2494 συνετέθησιιν

1029 2503 1077 2530 δύο
1089 2503 1219 2539 ἀλλήλαις
1233 2503 1281 2530 καὶ
1296 2503 1460 2533 ὑποστάσεις
1474 2503 1513 2534 ὡς
1524 2503 1553 2528 αἱ
1568 2503 1674 2538 φύσεις.

1065 2590 1112 2625 λβ¹.
1131 2590 1192 2616 Ἔτι
1213 2590 1288 2615 πᾶσα
1305 2588 1389 2624 μονὰς
1410 2589 1434 2614 εἰ
1458 2589 1546 2624 πάντη
1572 2590 1601 2614 ἐν
1626 2589 1718 2624 ταυτῷ
1746 2591 1817 2626 λόγῳ

1028 2637 1137 2671 λέγεται
1161 2636 1231 2662 κατὰ
1246 2644 1320 2667 τινος
1335 2635 1396 2662 καθ’
1410 2635 1451 2662 ἓν.
1465 2636 1513 2661 καὶ
1537 2634 1604 2666 δυὰς
1632 2635 1686 2670 πρὸ
1710 2635 1761 2670 τῆς
1788 2638 1817 2663 ἐν

1029 2683 1102 2719 αὐτῷ
1118 2682 1190 2709 κατὰ
1209 2681 1240 2708 τὸ
1253 2681 1318 2708 αὐτὸ
1337 2681 1488 2716 λεγομένης
1505 2680 1599 2712 δυάδος
1618 2681 1692 2707 ἐστὶν
1713 2682 1776 2717 ἥδε·
1792 2685 1817 2710 εἱ

1030 2730 1059 2757 δὲ
1075 2729 1144 2764 μετὰ
1161 2727 1210 2762 τὴν
1228 2726 1312 2754 δυάδα
1335 2726 1450 2760 λέγοιτο,
1467 2725 1545 2761 ἢούκ
1562 2726 1591 2751 ἐν
1605 2726 1694 2761 ταυτῷ
1707 2727 1816 2761 λέγεται

1029 2773 1101 2808 λόγῳ
1116 2773 1132 2808 ἢ
1151 2773 1181 2798 οὐ
1200 2771 1284 2806 μονάς
1299 2773 1388 2797 ἐστιν·
1405 2771 1436 2797 οὐ
1452 2770 1505 2805 γὰρ
1522 2770 1578 2805 εχει
1596 2770 1677 2802 φύσιν
1701 2773 1717 2808 ἢ
1739 2773 1817 2806 τάξιν

1031 2820 1058 2846 ἔν
1081 2827 1133 2845 τινι
1148 2818 1184 2851 τῷ
1200 2816 1275 2853 αὐτῷ
1296 2825 1360 2843 ποτε
1384 2816 1467 2851 μονὰς
1486 2815 1555 2852 μετὰ
1579 2818 1628 2854 τὴν
1651 2818 1732 2845 δυάδα
1748 2819 1815 2845 θεω.
