1963 3077
165 111 231 142 1739

168 115 231 147 tibi!)
729 115 877 145 CONTRA
903 116 1200 146 MONOI‘HYSITAS.

1720 115 1727 146 i
1735 115 1785 146 ΤῩξΟ

162 165 281 200 μεῖσθαι.
304 165 365 197 Πῶς
389 163 435 193 οὖν
449 166 473 192 εί
492 167 542 202 τὴν
562 167 648 203 αὐτὴν
673 165 745 195 εἶναι
758 178 824 203 φασι
846 170 906 200 ταῖς
919 169 946 201 ἐξ

1000 171 1202 198 ordinationem
1233 171 1260 197 in
1291 171 1383 205 aliquo
1416 171 1513 199 eodem
1541 177 1662 204 unquam
1696 170 1786 196 unitas

159 208 197 237 ὧν
211 213 269 237 ἐστι
283 212 380 245 φύσεσι
397 213 445 247 τὴν
464 213 527 247 μίαν
541 213 631 248 φύσιν,
648 214 712 246 δυὰς
728 215 835 249 πρῶτον
851 216 945 249 γέγονε

160 257 268 290 φύσεων
284 258 330 283 καὶ
343 257 404 284 τότε
425 259 508 293 μονὰς
524 259 629 293 φύσεως
643 269 649 292 ;
668 261 704 295 μὴ
723 260 881 296 ὑπαρξάσης
893 261 947 294 γὰρ

163 303 275 336 μονάδος
296 304 368 330 κατά
382 312 420 336 τι,
437 305 467 330 οὐ
489 304 600 331 δυνατὸν
619 306 669 340 τὴν
692 306 761 332 κατὰ
783 306 862 332 τοῦτο
883 306 949 332 αὐτὸ

160 349 243 375 δυάδα
269 349 386 383 φανῆναι
400 357 406 363 “
431 350 512 385 stat-sp
541 352 572 377 ἐκ
588 351 702 386 μονάδος
718 353 734 386 ἡ
749 351 824 383 δυὰς,
838 352 884 378 καὶ
903 352 952 377 οὐκ

161 395 191 421 ἐκ
206 394 302 426 δυάδος
316 396 332 429 ὴ
354 396 439 429 μονάς
451 403 458 410 θ
475 396 502 422 αἳ
515 396 554 422 δεῖ
568 394 614 423 οὖν
625 398 649 422 εί
667 397 842 431 προέφθασαν
858 397 952 430 φύσεις

132 455 142 459 —
160 440 206 469 δύο
220 437 301 471 εἶναι,
318 441 447 468 οὐδέποτε
468 442 516 476 μία
529 451 570 474 τε,
588 443 634 469 καὶ
647 444 673 468 αἱ
687 444 767 469 αὐταὶ
780 444 951 478 γενήσονται,

162 487 221 513 ἀλλ’
233 487 256 521 ¹ἢ
274 487 334 512 κατ’
351 487 425 519 ἄλλο,
441 488 457 521 ἢ
475 488 528 523 πρὸ
545 489 635 515 αὐτῶν
648 489 725 515 ἔσται
739 490 755 523 ὴ
770 489 830 523 μία.

1000 219 1144 250 postquam
1161 216 1308 250 duplicitas
1323 216 1433 243 inventa
1447 221 1489 244 est
1503 225 1510 243 :
1528 215 1667 251 quomodo
1681 222 1747 249 ergo
1762 214 1784 241 si

1000 261 1124 289 eamdem
1150 270 1211 289 esse
1238 262 1335 289 dicunt
1357 270 1439 297 quam
1467 266 1566 290 natura
1591 270 1606 290 e
1632 261 1733 296 quibus
1757 259 1787 287 ﬁt

1004 308 1085 334 unica
1106 312 1217 340 natura,
1231 308 1308 342 prius
1328 305 1490 335 naturarum
1512 308 1565 335 fuit
1585 306 1743 342 duplicitas,
1758 310 1786 332 et

1006 358 1070 380 tunc
1084 353 1175 380 unitas
1188 354 1308 380 naturae?
1323 354 1382 381 Non
1393 354 1465 381 enim
1477 354 1626 380 exsistente
1635 351 1786 380 secundum

1005 398 1108 433 aliquid
1133 398 1250 429 unitate,
1270 398 1402 433 possibile
1427 403 1470 426 est
1491 398 1644 425 set-undum
1668 396 1785 430 idipsum

1006 444 1195 478 duplicitatem
1208 443 1311 475 videri;
1325 445 1450 478 quamvis
1465 452 1498 471 ex
1511 444 1613 470 unitate
1628 441 1784 476 duplicitas,

1006 494 1034 517 et
1049 497 1103 516 non
1120 497 1153 516 ex
1170 489 1330 523 duplicitate
1347 489 1454 521 unitas;
1471 493 1580 524 oportet
1596 495 1660 523 ergo
1676 487 1698 513 si
1716 493 1784 521 prte—

161 536 299 558 venerunt
318 537 423 560 natura:
439 533 500 560 dua:
514 541 592 566 esse,
609 535 687 562 nullo
704 535 786 562 modo
803 539 831 562 et
848 543 900 562 una
920 539 948 562 et
967 535 1062 562 eadem
1079 535 1156 568 ﬁent,
1174 535 1222 562 sed
1248 540 1295 562 aut
1328 535 1479 562 secundum
1505 535 1579 563 aliud
1597 538 1644 561 aut
1660 536 1722 560 ante
1738 539 1784 558 eas

160 578 214 604 erit
227 586 278 604 una
295 578 361 605 inec.

195 622 246 655 λγ¹.
270 625 330 650 Ἐτι
347 625 402 660 μὴν
424 626 448 652 εί
470 627 518 652 καὶ
542 626 586 653 διὰ
607 627 657 662 τὴν
670 627 779 658 ἕνωσιν,
799 627 889 654 οὐκέτι
902 627 948 653 δύο

159 670 210 702 τὰς
229 671 275 698 δύο
287 672 398 707 ,εἰδέναι
414 673 481 707 φασὶ
498 674 556 707 (τὸν
576 674 631 709 γὰρ
647 675 786 709 χωρισμὸν
803 675 887 700 αἴτιον
900 676 949 709 τῆς

159 717 256 748 δυάδος
276 717 344 744 εἶναι
365 718 496 753 λέγουσι),
522 720 651 746 σπευστέον
665 720 765 752 αὐτῶν,
784 719 839 755 ἆρά
857 729 887 754 γε
904 721 949 746 ἐπὶ

160 763 198 798 τῷ
212 763 321 799 θανάτῳ
338 764 384 790 τοῦ
411 766 513 800 Κυρίου
537 766 609 792 ἴσασι
632 766 773 801 χωρισμόν
795 775 854 792 τινα
868 766 948 792 τινῶν

160 809 282 858 φύσεων(
294 810 395 858 ῆιοὺχίᾘ
409 811 437 836 El
449 812 499 844 μὲν
510 809 556 837 οὖν
569 812 639 846 οὐχὶ,
652 811 789 846 φαντασία
802 820 830 838 τε
844 813 858 838 ὁ
868 811 947 838 θάνοι·
962 830 985 858 Β

159 863 216 886 τος,
240 856 288 881 καὶ
302 855 405 890 ψευδὴς
419 857 435 890 ἡ
453 857 519 892 περὶ
543 858 625 883 αὐτοῦ
651 857 714 890 δόξα
736 859 764 883 ὲν
774 857 812 892 τῷ
836 857 946 892 Κυρίῳ·

160 899 275 931 θάνατος
299 901 354 936 γὰρ
381 902 522 936 χωρισμός
546 903 604 929 ἐστι
630 903 720 938 ψυχῆς
742 903 797 930 ἀπὸ
821 892 948 937 σώματος

159 942 378 978 ἁναντιρῤήτως·
393 945 453 970 εἰδὲ
468 945 552 977 ὅντως
562 948 701 982 χωρισμὸς
716 947 810 980 γέγονε
824 947 947 980 Qua-mo;

161 987 269 1019 πάντως
285 990 333 1015 καὶ
348 991 418 1016 κατὰ
434 991 526 1018 τούσδε
541 992 588 1018 δύο
601 992 695 1026 φύσεις
707 993 739 1019 τὰ
756 993 947 1028 κεχωρισμένα

158 1033 214 1065 τῶν
238 1033 370 1068 Χριστοῦ.
389 1036 459 1071 Ἀρα
472 1037 519 1064 οὖν
543 1038 567 1063 εξ
589 1038 750 1073 ὁμολογοῦσι
774 1039 820 1064 τὸν
834 1039 948 1065 Θάνατον

158 1079 206 1105 τοῦ
227 1080 341 1115 Κυρίου,
356 1082 403 1108 καὶ
421 1082 467 1109 δύο
485 1082 580 1116 φύσεις
598 1085 679 1111 αὑτοῦ
696 1094 770 1116 τινας
790 1082 860 1111 εἷναί
882 1093 947 1111 ποτε

160 1126 293 1154 ὃώσουσι’
309 1127 390 1154 τοῦτο
407 1127 434 1155 δὲ
457 1128 473 1162 ἢ
496 1129 545 1164 τῆς
572 1131 637 1165 μιᾶς
653 1129 698 1166 ἦν,
716 1131 793 1164 φασὶ,
811 1139 948 1166 κατακερ-

161 1172 353 1206 ματιεθεισης,
380 1174 396 1208 ἢ
409 1174 516 1209 ’ἑτέρας
533 1175 759 1210 ὲπιγεννηοείσης
773 1175 883 1210 Χριστῷ
897 1176 947 1209 φύ-

160 1226 246 1249 σεως·
258 1218 446 1253 συλνογιστέον
460 1221 487 1247 δὲ
503 1221 601 1252 αὐτοὺς
617 1221 656 1247 ἔτι
672 1222 705 1248 ὲκ
719 1221 833 1253 τούτων,
851 1223 896 1248 καὶ
906 1222 947 1248 ὅτι

159 1264 276 1299 ἐπείπερ
304 1265 335 1291 ἐκ
359 1265 405 1291 δύο
428 1266 536 1300 φύσεων
564 1267 613 1302 τὴν
633 1268 760 1302 γέννησιν
786 1267 947 1302 ὁμολογοῦσι

161 1309 290 1343 Χριστοῦ,
309 1311 340 1336 ὲκ
360 1310 486 1346 θεότητος
504 1321 532 1338 τε
549 1313 595 1338 καὶ
616 1313 824 1348 ἁνθρωπότητος
844 1313 946 1348 ταύτην

161 1353 267 1380 νοοῦσι·
280 1356 319 1386 εἰς
332 1354 379 1381 δύο
397 1356 425 1382 δὲ
449 1357 544 1391 φύσεις
569 1358 734 1392 διαιρεῖσθαι
753 1358 825 1385 κατὰ
839 1359 883 1385 τὸν
898 1358 945 1384 06t-

160 1407 239 1425 νατον
256 1400 345 1432 δόντες
360 1401 410 1428 οὐκ
423 1403 464 1432 εἰς
479 1403 596 1436 τοιάσδε,
613 1404 671 1430 ἀλλ’
685 1405 723 1435 εἰς
737 1404 840 1439 ἄψυχον
855 1404 944 1439 σῶμα,

160 1444 206 1474 καὶ
234 1446 274 1476 εἰς
294 1445 385 1473 ἔνθεον
408 1447 496 1482 ψυχὴν
523 1448 628 1480 λέξουσι
651 1451 698 1475 καὶ
731 1450 820 1479 αὐτοὶ,
834 1450 941 1484 ἀνάγκη

1035 626 1078 653 55.
1092 626 1190 653 Adhuc
1205 625 1227 652 si
1245 630 1357 660 propter
1369 624 1580 655 adunationem,
1597 631 1650 650 non
1667 623 1783 657 amplius

999 671 1069 698 duas
1086 671 1146 697 illas
1161 678 1276 697 noscere
1292 670 1388 696 dicunt
1402 670 1475 703 (nam
1491 668 1653 697 divisionem
1670 667 1783 701 duplici~

1000 717 1063 744 latis
1078 724 1187 743 causam
1204 723 1263 742 esse
1292 715 1408 747 dicunt),
1441 713 1639 748 inquirendum
1682 713 1716 739 ab
1733 713 1785 744 eis,

999 771 1065 789 num
1086 762 1119 789 de
1140 761 1248 789 Domini
1268 766 1357 788 morte
1374 764 1493 787 noscunt
1509 759 1654 794 quamdam
1672 761 1785 785 natura-

1000 818 1060 836 rum
1081 809 1261 856 quarumdam
1284 808 1504 839 distinctionem,
1523 814 1557 834 an
1578 805 1651 832 non?
1671 805 1698 832 Si
1721 812 1785 839 ergo

999 853 1110 890 quidem
1126 851 1191 886 non,
1205 859 1233 881 ct
1247 854 1396 881 ludibrium
1413 861 1497 885 mors,
1510 857 1537 879 et
1551 852 1629 879 fallax
1643 851 1676 878 de
1692 851 1744 878 hoc
1758 851 1783 877 in

999 902 1116 929 Domino
1138 901 1223 936 gloria
1250 910 1255 927 :
1279 909 1354 927 mors
1371 901 1445 927 enim
1470 899 1570 926 divisio
1593 903 1635 925 est
1653 898 1750 925 anima:
1769 906 1783 924 ιι

999 956 1115 983 corpore
1138 948 1344 979 indubitanter;
1365 947 1387 973 si
1405 954 1471 973 vero
1493 945 1581 979 reipsa
1599 944 1698 971 divisio
1715 943 1784 970 facta

998 999 1041 1021 est
1058 993 1201 1025 naturalis,
1216 1000 1332 1027 prorsus
1351 997 1377 1018 et
1399 990 1550 1018 secundum
1571 993 1683 1016 naturas
1703 988 1784 1015 hasce

998 1039 1085 1073 duas,
1106 1039 1132 1065 in
1158 1038 1270 1066 Christo
1294 1037 1493 1072 proprietatum
1519 1034 1659 1061 distincta.
1680 1032 1783 1060 Conse-

998 1090 1115 1120 quenter
1127 1085 1149 1112 si
1163 1084 1264 1111 Christi
1281 1087 1398 1110 mortem
1414 1081 1592 1112 conﬁtentur,
1604 1083 1633 1106 et
1645 1079 1713 1106 duas
1725 1079 1785 1112 ejus

997 1136 1112 1158 naturas
1124 1129 1256 1164 quasdam
1270 1137 1330 1156 esse
1344 1128 1413 1155 forte
1425 1126 1579 1154 concedent
1592 1134 1598 1151 :
1613 1124 1679 1151 illud
1693 1128 1783 1150 autem

997 1179 1044 1201 aut
1072 1175 1153 1201 unius
1178 1174 1231 1201 illa:
1259 1180 1340 1208 quam
1368 1172 1464 1199 dicunt
1487 1171 1608 1198 minutas
1638 1169 1665 1197 in
1694 1173 1784 1203 partes

997 1221 1109 1252 divisze,
1133 1225 1180 1247 aut
1205 1219 1319 1246 alterius
1346 1221 1502 1252 supernatze
1529 1215 1639 1243 Christo
1667 1219 1782 1241 naturae.

996 1265 1169 1292 Concludere
1181 1272 1247 1291 vero
1262 1263 1364 1290 debent
1379 1263 1469 1289 adhuc
1484 1261 1516 1288 de
1535 1260 1598 1293 illis,
1611 1259 1677 1294 quia
1694 1267 1782 1292 quan-

997 1311 1146 1346 doquidem
1171 1319 1185 1338 e
1208 1310 1316 1336 duahus
1336 1307 1444 1335 naturis
1465 1306 1671 1342 generationem
1697 1304 1783 1332 conli-

997 1362 1089 1385 tentur
1113 1356 1231 1387 Christi,
1255 1363 1270 1382 e
1294 1354 1439 1381 divinitate
1464 1357 1492 1380 et
1515 1350 1688 1378 humanitate
1713 1350 1783 1376 hanc

996 1404 1126 1438 cogitant.
1143 1402 1174 1428 In
1191 1402 1260 1428 duas
1276 1408 1342 1427 vero
1360 1403 1474 1426 naturas
1494 1396 1580 1424 dividi
1600 1403 1649 1430 per
1665 1399 1781 1422 mortem

996 1448 1179 1477 concedentes
1194 1455 1248 1475 non
1267 1447 1293 1473 in
1310 1445 1461 1481 quaslibet,
1476 1443 1524 1470 sed
1547 1443 1575 1469 in
1595 1441 1783 1472 exanimatum

161 1489 268 1521 πάντως
283 1491 380 1525 ἑτέρας
395 1493 495 1519 εἰδέναι
519 1493 599 1520 τάσδε
614 1495 663 1526 τὰς
679 1495 726 1521 ἐπὶ
755 1495 793 1530 τῷ
810 1495 944 1530 χωρισμῷ

1000 1502 1098 1530 corpus
1116 1498 1144 1521 et
1163 1494 1190 1520 in
1210 1493 1327 1520 animum
1349 1499 1364 1518 a
1386 1491 1443 1518 Deo
1463 1490 1622 1524 inspiratam
1644 1487 1738 1514 dicent
1756 1493 1783 1513 et

160 1537 292 1569 φανείσας
308 1537 363 1563 τῶν
379 1538 433 1573 πρὸ
448 1540 497 1572 τῆς
514 1539 637 1571 ἐνώσεως
659 1541 751 1572 αὑτοῖς
767 1540 923 1574 λεγομένων
935 1559 943 1572 ,

160 1583 228 1608 ἀλλὰ
244 1583 291 1609 καὶ
311 1583 361 1617 τὴν
382 1584 447 1618 μίαν
464 1585 545 1619 φύσιν
574 1585 643 1612 κατὰ
665 1586 758 1612 τούσδε
774 1586 823 1621 τὴν
847 1585 945 1612 ἐκτῶν

158 1629 269 1662 φύσεων
285 1630 334 1664 τῆς
356 1638 386 1655 τε
409 1629 535 1665 θεότητος
555 1632 603 1657 καὶ
625 1631 836 1667 ἀνθρωπότητος
850 1629 944 1663 οὖσαν,

160 1675 258 1710 ἑτέραν
281 1672 351 1702 εἶναι
366 1675 442 1710 παρὰ
454 1676 503 1710 τὴν
517 1676 546 1709 ἑξ
563 1676 655 1703 ἐνθέου
670 1676 761 1712 ψυχῆς
779 1678 824 1703 καὶ
841 1677 945 1711 ἀψύχου

160 1721 286 1756 σώματος
299 1721 364 1757 μίαν
380 1721 460 1755 φύσιν
473 1722 542 1756 μετὰ
559 1723 608 1757 τὴν
621 1723 770 1750 ἀνάστασιν
782 1723 830 1749 τοῦ
843 1723 945 1757 Κυρίου

160 1769 310 1803 νοουμένην
330 1769 389 1795 κατ’
404 1768 514 1799 αὐτούς’
530 1766 568 1795 ὧν
589 1769 644 1805 γὰρ
659 1769 775 1803 διάφορα
812 1768 847 1795 τὰ
874 1769 947 1794 ἁπλᾶ

161 1815 244 1849 μέρη,
259 1814 376 1850 διάφορα
388 1809 464 1841 ἔσται
482 1815 528 1841 καὶ
544 1814 576 1841 τὰ
600 1814 725 1840 σύνθετα.
751 1814 883 1840 Ἔσονται
900 1812 946 1839 οὖν

159 1861 184 1886 ot
202 1860 248 1886 δύο
271 1861 367 1894 φύσεις
384 1860 527 1895 ἡνωμένας
552 1859 671 1895 Χριστοῦ
697 1860 733 1894 μὴ
752 1858 946 1894 ὁμολογοῦντες

161 1907 268 1941 σαφῶς,
283 1906 331 1932 δύο
349 1907 397 1942 μὲν
414 1906 463 1937 τὰς
494 1906 547 1940 πρὸ
570 1906 620 1941 τῆς
645 1905 715 1932 κατὰ
735 1906 785 1938 τὴν
809 1904 946 1939 σάρκωσιν

159 1951 206 1978 τοῦ
227 1952 325 1984 Λόγου,
343 1952 407 1985 μίαν
432 1951 458 1979 δὲ
481 1951 529 1985 τὴν
545 1951 591 1976 ἐπὶ
607 1951 640 1984 τῇ
657 1949 752 1976 ἑνώσει
770 1949 859 1976 αὐτῶν
872 1956 879 1963 '
899 1949 947 1975 καὶ

159 2000 257 2032 ἑτέρας
275 1998 322 2024 δύο
343 1999 393 2027 τὰς
416 1998 462 2023 ἐπὶ
486 1997 525 2032 τῷ
541 1996 677 2032 χωρισμῷ
690 1995 738 2022 τοῦ
754 1995 881 2025 Θανάτου,
899 1995 946 2020 καὶ

161 2046 227 2079 μίαν
241 2043 323 2078 ἄλλην
338 2044 387 2078 τὴν
402 2043 447 2069 ἐπὶ
462 2044 494 2078 τῇ
511 2042 660 2068 ἀναστάσει
673 2040 720 2068 τοῦ
734 2041 836 2076 Κυρίου
857 2048 947 2066 καινο-

110 2097 119 2104 ‘
159 2091 243 2124 τέραν
257 2089 394 2122 λέγοντες,
411 2090 456 2114 καὶ
478 2088 508 2120 ἓξ
532 2096 561 2114 τε
585 2088 634 2114 καὶ
659 2087 820 2121 διαφόρους’
839 2086 887 2112 xui.
907 2086 946 2119 πῆ

160 2136 211 2170 μὲν
225 2135 375 2170 ἡνωμένας,
392 2136 429 2170 πῆ
445 2135 472 2160 δὲ
486 2133 673 2169 χωριζομένας
691 2133 787 2167 φύσεις
798 2142 804 2148 ·
822 2133 867 2159 καὶ
879 2132 946 2161 πάν-

997 1542 1065 1576 ipsi,
1079 1547 1192 1568 necesse
1210 1544 1253 1567 est
1268 1545 1381 1573 prorsus
1399 1539 1512 1564 caeteras
1528 1541 1646 1561 noscere
1661 1533 1696 1560 de
1711 1532 1784 1559 divi—

996 1588 1074 1615 sione
1091 1589 1257 1621 apparentes
1274 1591 1368 1611 rerum
1385 1589 1447 1617 qua:
1464 1584 1526 1608 ante
1544 1579 1739 1606 adunationem
1755 1577 1782 1604 in

998 1632 1065 1667 ipsis
1081 1630 1303 1662 adirmabantur;
1320 1628 1367 1656 sed
1385 1628 1468 1656 etiam
1485 1627 1595 1654 unicam
1614 1625 1685 1652 hanc
1702 1628 1784 1661 natu-

996 1685 1054 1705 ram
1069 1678 1146 1712 juxta
1162 1676 1285 1708 eosdem,
1301 1675 1373 1702 hanc
1388 1683 1403 1702 e
1422 1673 1528 1701 naturis
1547 1676 1604 1699 tum
1619 1669 1783 1700 divinitatis.

998 1728 1055 1751 tum
1079 1722 1261 1750 humanitatis
1284 1720 1478 1751 exsistentem,
1494 1718 1573 1745 aliam
1597 1723 1658 1744 esse
1679 1716 1713 1743 ab
1739 1715 1785 1742 illa

997 1777 1058 1804 qua
1077 1773 1137 1796 erat
1154 1776 1188 1795 ex
1210 1767 1300 1794 anima
1319 1774 1334 1793 a
1355 1766 1412 1793 Deo
1434 1764 1564 1799 inspirata
1586 1769 1613 1790 et
1630 1761 1784 1789 exanimato

997 1822 1112 1849 corpore
1130 1814 1240 1841 unicam
1258 1816 1386 1840 naturam
1404 1815 1466 1846 post
1479 1809 1586 1837 Domini
1603 1806 1784 1835 resurrectio-

997 1869 1060 1889 nem
1080 1860 1224 1895 cogitatam
1244 1859 1321 1894 juxta
1343 1858 1430 1892 ipsos.
1446 1856 1573 1889 Quorum
1591 1854 1664 1881 enim
1679 1852 1783 1879 disere-

996 1907 1089 1942 pantia
1114 1905 1272 1940 singulatim
1295 1903 1431 1938 simplicia
1453 1902 1587 1932 membra,
1600 1898 1784 1933 discrepantia

996 1956 1078 1981 erunt
1096 1957 1124 1979 et
1141 1951 1291 1986 composita
1310 1959 1316 1977 :
1339 1954 1420 1977 erunt
1438 1956 1502 1982 ergo
1520 1947 1566 1982 qui
1587 1946 1656 1973 duas
1672 1949 1784 1972 naturas

997 1999 1025 2026 in
1045 1998 1157 2026 Christo
1182 1996 1317 2024 adunatas
1342 1996 1416 2023 clare
1443 2002 1497 2021 non
1520 1992 1698 2023 confitentur,
1715 1991 1783 2017 duas
1809 2007 1812 2011 ›

997 2044 1107 2080 quidem
1134 2043 1196 2070 illas
1207 2047 1270 2070 ante
1290 2040 1483 2069 exsistentiam
1508 2039 1535 2066 in
1546 2038 1630 2065 Verbi
1656 2037 1782 2064 incarna-

998 2090 1089 2121 tione,
1105 2096 1188 2115 unam
1206 2092 1298 2114 autem
1317 2086 1344 2113 in
1362 2093 1457 2113 earum
1474 2083 1656 2115 adunatione;
1673 2086 1701 2108 et
1716 2081 1784 2109 alias

998 2136 1068 2162 duas
1088 2134 1116 2161 in
1140 2133 1237 2160 mortis
1259 2132 1410 2162 divisione,
1427 2131 1509 2158 aliam
1534 2133 1625 2156 autem
1651 2135 1733 2154 unam
1754 2127 1782 2154 in

159 2191 192 2208 τοι
210 2181 375 2216 σπαραγμὸν
397 2181 508 2216 Χριστῷ
530 2179 734 2214 ἐπινοήσαντες,
758 2179 783 2205 οἱ
797 2181 830 2214 τῇ
852 2178 946 2204 ἑνώσει

1000 2179 1108 2209 Domini
1128 2178 1333 2206 resurrectione
1354 2177 1539 2204 recentiorem
1561 2175 1741 2206 affirmantes,
1757 2176 1785 2200 et

159 2227 243 2254 αὑτοῦ
256 2227 415 2262 συνηγορεῖν
431 2226 669 2261 προσποιούμενοι.

1003 2233 1050 2252 sex
1065 2228 1093 2251 et
1107 2219 1287 2258 multiplices;
1305 2227 1334 2250 et
1350 2222 1415 2249 hinc
1431 2220 1543 2256 quidem
1560 2219 1707 2250 adunatas,
1721 2217 1784 2244 inde

159 2281 227 2301 vero
242 2273 346 2300 divisas
358 2276 487 2304 naturas;
504 2275 532 2298 et
546 2271 772 2299 dilacerationem
789 2277 896 2297 omnem
912 2269 946 2297 dc
965 2270 1079 2302 Christo
1093 2269 1289 2305 excogitantes,
1303 2268 1350 2303 qui
1373 2268 1407 2295 de
1439 2267 1499 2302 ejus
1529 2266 1696 2293 adunatione
1720 2271 1783 2299 per-

159 2325 240 2345 orare
261 2318 401 2345 aﬂ‘ectant.

195 2364 242 2392 λδ.
264 2365 399 2391 Πευστέον
421 2364 449 2390 δὲ
473 2364 562 2390 αὐτῶν
577 2364 616 2391 ἔτι
634 2365 682 2391 καὶ
697 2364 757 2391 τόδε
772 2372 778 2378 “
791 2365 815 2390 εἰ
831 2365 876 2390 τὸν
891 2364 948 2390 Πα-

161 2412 229 2446 τέρα
247 2411 416 2442 κατ“.οὺσίας
429 2411 507 2445 λόγον
529 2410 723 2446 διακεκρίσθαι
737 2411 845 2444 λέγουσι
859 2410 949 2445 πάσης

159 2459 210 2492 τῆς
227 2457 448 2492 ὰνθρωπότητος,
464 2455 523 2483 εἶτα
548 2457 571 2484 ei
590 2457 637 2483 καὶ
660 2456 705 2482 τὴν
724 2457 789 2492 μίαν
806 2457 886 2490 φύσιν
903 2456 949 2482 λε-

160 2504 277 2539 γόμενον
293 2504 385 2534 αὐτοῖς
408 2501 478 2530 εῖναι
504 2503 631 2538 Χριστὸν,
658 2501 804 2529 κοινωνοῦν
820 2511 847 2528 τι
866 2501 948 2536 γινώ-

161 2558 258 2577 σκουσι
279 2549 319 2583 τῷ
338 2549 437 2583 Πατρὶ,
453 2549 500 2575 καὶ
522 2548 661 2583 ἡνωμένον
677 2549 737 2575 κατ’
751 2548 845 2579 οὺσίας
867 2547 946 2581 λόγον

161 2595 223 2625 καθ’
239 2595 324 2629 ὅνπερ
338 2594 429 2629 ήμῶν,
443 2594 480 2625 ὡς
496 2593 600 2628 ἔφασαν
612 2593 853 2629 ἥδη,διακέκριται
865 2594 879 2619 ό
890 2593 946 2620 Πα-

160 2642 229 2678 τήρ·
243 2642 269 2668 εί
281 2641 336 2676 γὰρ
352 2641 482 2676 φάσκοιεν
498 2640 618 2676 ἡνῶσθαι
630 2640 711 2667 αὑτὸν
726 2640 764 2675 τῷ
778 2639 864 2675 lla-cpi.
877 2640 947 2667 κατὰ

161 2688 253 2723 φύσιν,
273 2687 352 2722 ἡμῶν
377 2686 498 2721 δηλονότι
513 2686 560 2712 καὶ
571 2685 653 2717 αὐτὸς
667 2685 849 2719 διακέκριται,
863 2684 946 2720 ἤγουν

160 2731 210 2765 τῆς
222 2729 433 2765 ἀνθρωπότητος
445 2737 452 2744 ·
470 2729 567 2756 οὐκοῦν
591 2729 637 2755 καὶ
651 2729 701 2763 τῆς
719 2728 785 2760 ιδίας
799 2729 909 2763 σαρκὸς,
923 2730 946 2755 εί

161 2776 266 2812 ἀληθὴς
280 2775 351 2811 αὕτη
367 2775 445 2811 σὰρξ,
460 2775 508 2802 καὶ
520 2775 568 2811 μία
580 2776 629 2810 τῆς
638 2775 846 2810 ἁνθριιγπότητός
860 2776 943 2801 ἐστιν’

161 2823 214 2858 ἄρα
229 2821 276 2850 οὖν
289 2821 410 2857 ἄσαρκος
424 2823 438 2849 ὁ
454 2821 580 2858 Χριστος,
595 2821 800 2855 διακεκριμένος
813 2821 860 2855 τῆς
880 2828 944 2855 qup-

1031 2363 1076 2389 54.
1098 2361 1294 2396 lnquirendum
1308 2360 1341 2387 ab
1352 2359 1393 2387 eis
1404 2363 1432 2387 et
1447 2358 1532 2386 illud:
1547 2357 1574 2385 Si
1588 2357 1696 2384 Patrem
1709 2357 1784 2391 juxta

996 2408 1121 2436 essentia;
1140 2414 1295 2434 sermonem
1311 2404 1417 2432 secerni
1439 2412 1453 2432 a
1473 2408 1528 2431 tota
1552 2403 1722 2430 humanitate
1741 2403 1784 2430 di-

997 2457 1073 2486 cunt,
1103 2452 1213 2484 deinde,
1237 2451 1260 2478 si
1282 2455 1310 2478 et
1326 2450 1465 2478 Christum
1489 2450 1535 2484 qui
1560 2449 1594 2476 ab
1613 2449 1654 2477 eis
1677 2449 1784 2476 unicam

997 2506 1056 2526 esse
1075 2498 1178 2526 dicitur
1196 2501 1321 2525 naturam
1341 2504 1487 2524 commune
1503 2495 1643 2530 quoddam
1657 2502 1718 2522 cum
1736 2494 1786 2521 Pa~

1000 2548 1041 2572 tre
1060 2544 1161 2571 habere
1177 2547 1305 2574 noscunt,
1321 2542 1342 2569 si
1356 2546 1384 2569 et
1397 2545 1526 2571 noscunt.
1547 2539 1696 2566 adunatum
1707 2539 1784 2573 juxta

999 2591 1126 2619 essentia:
1137 2597 1292 2618 sermonem
1306 2588 1459 2616 secundum
1476 2586 1627 2622 quemlibet
1643 2584 1730 2611 nostri
1747 2583 1784 2611 si—

1000 2637 1106 2671 cutjam
1115 2636 1253 2667 dicebant,
1264 2634 1418 2662 secernitur
1425 2634 1504 2660 Pater
1514 2641 1519 2659 :
1526 2632 1548 2659 si
1555 2631 1628 2659 enim
1636 2630 1667 2657 ad
1673 2635 1784 2656 unatum

1000 2684 1084 2711 fuisse
1105 2690 1167 2710 eum
1190 2681 1264 2708 Patri
1297 2679 1448 2707 secundum
1480 2682 1606 2705 naturam
1636 2675 1741 2706 dicunt.
1769 2682 1784 2702 a

1000 2728 1080 2755 nobis
1100 2735 1165 2754 sane
1187 2731 1214 2753 et
1238 2726 1295 2761 ipse
1310 2724 1473 2755 secernitur,
1487 2717 1595 2751 scilicet
1609 2721 1644 2749 ab
1658 2721 1783 2749 humani-

1000 2778 1065 2805 tate,
1086 2781 1151 2807 ergo
1174 2779 1202 2800 et
1217 2781 1231 2799 a
1253 2771 1362 2807 propria
1383 2778 1475 2800 carne,
1501 2769 1524 2796 si
1547 2777 1611 2796 vera
1628 2768 1684 2803 ipsa
1708 2775 1782 2798 raro,

999 2825 1024 2847 et
1042 2828 1093 2847 una
1105 2818 1283 2846 humanitatis
1294 2823 1334 2844 est
1348 2825 1427 2851 :ergo
1435 2816 1537 2850 absque
1549 2823 1629 2843 carne
1645 2814 1783 2848 Christus,
