1963 3077
184 104 248 136 1791

809 108 963 138 LEONTII
984 109 1186 139 BYZANTINI

1738 112 1804 143 1792

180 169 196 188 a
215 169 296 189 carne
324 163 383 198 ejus
405 163 557 197 discretus;
579 170 607 192 et
629 165 762 192 dissoluta
789 170 831 193 est
862 167 895 194 ab
922 166 962 194 eis

1023 165 1060 197 ιδς
1075 166 1157 192 αὑτοῦ
1168 175 1175 182 ·
1190 168 1237 194 καὶ
1256 168 1364 195 λέλυται
1378 169 1469 200 αὐτοῖς
1492 170 1508 204 ὴ
1530 168 1638 201 ἕνωσις,
1654 166 1706 196 καῖ
1716 171 1803 207 πάντη

181 207 321 240 adunatio,
341 213 369 236 et
392 210 473 237 nobis
494 207 606 238 omnino
632 211 893 240 ineommunicabile
923 212 966 239 di-

181 254 273 281 vinum
289 255 315 282 in
339 255 459 284 Christo.
476 255 504 284 Si
524 265 590 284 vero
611 258 683 284 carni
701 258 812 293 quidem
831 258 968 285 adunatnr

183 299 301 327 Verbum
317 301 466 328 secundum
483 305 620 334 naturam,
637 310 691 330 non
705 308 795 330 autem
811 311 873 330 eum
887 304 966 331 Patre

182 352 327 373 commune
351 346 434 374 habet
458 347 484 374 in
509 347 674 375 adunatione
689 350 766 384 juxta
791 354 927 382 naturam,
951 358 966 377 a

183 391 261 418 Patre
273 392 422 419 secundum
431 397 556 420 naturam
565 393 707 427 dividitur,
715 400 743 422 et
751 396 804 422 erit
815 403 868 422 non
880 395 965 428 Deus;

181 437 222 463 vel
239 437 320 464 Pater
341 445 395 465 non
421 439 502 471 Deus,
527 439 548 466 si
573 440 700 467 Christus
724 446 765 468 est
790 449 860 468 unus
877 442 965 474 Deus.

181 484 274 519 plures
294 486 366 513 enim
386 487 499 519 divisos,
515 495 570 514 non
594 488 762 515 credendum
790 488 866 516 deos.
886 489 967 516 Juxta

182 537 246 557 vero
263 531 426 559 alterutrum
452 533 687 566 blasphemorum,
710 534 842 570 gehennze
862 535 965 569 suppli-

181 579 253 602 cium
274 581 348 604 esset
367 578 532 613 eligentibus
551 580 608 607 haec
626 580 704 607 ell'ari
720 581 843 615 dignum.

215 622 259 649 55.
281 623 308 650 Si
327 631 382 651 non
405 625 556 652 secundum
573 626 645 660 quod
660 626 786 653 Christus
802 632 854 659 est,
869 634 968 654 secun-

181 667 246 693 dum
265 667 332 694 illud
349 669 473 702 quaedam
488 675 588 697 natura
603 675 655 702 est,
670 670 736 697 illud
748 671 822 698 enim
838 672 967 699 etPatres

181 713 320 747 dixerunt,
331 716 539 743 autseeundum
552 717 634 748 nillil,
646 721 693 744 aut
707 717 734 744 in
748 721 879 751 quantum
896 717 967 744 Dcus

183 763 299 791 tantum,
313 764 359 787 aut
372 761 400 787 in
411 766 542 795 quantum
555 762 638 789 homo
651 761 767 794 tantum,
780 768 828 790 aut
842 763 869 789 in
882 771 967 798 quan-

182 809 239 830 tum
254 809 282 832 et
298 805 370 833 Deus
382 811 480 834 natura
494 812 535 834 est
548 811 575 834 et
587 808 669 835 homo
687 809 786 835 iterum
804 813 900 836 natura
914 814 965 841 est,

182 850 253 877 idem
271 851 380 886 quidem
397 861 468 880 unus
482 853 618 887 Christus,
635 855 683 882 sed
705 862 760 882 non
779 855 875 882 eadem
901 862 966 890 ergo

183 896 266 923 Filius
295 901 322 923 et
346 905 399 924 una
425 903 534 930 natura,
557 907 621 926 num
640 907 704 934 ergo
718 908 771 926 non
791 900 862 927 idem
887 901 966 928 Pater

180 949 241 968 cum
267 942 335 969 Filio
361 951 476 971 numero
506 953 677 977 sermoneve.
718 954 773 972 non
804 954 868 973 vero
894 946 964 973 idem

180 991 277 1014 natura
308 988 389 1015 Pater
418 997 480 1017 cum
499 990 588 1023 Filio,
621 999 736 1018 numero
767 999 818 1019 nec
840 999 966 1020 sermone

180 1032 318 1064 naturali,
349 1034 421 1062 sicut
456 1035 538 1062 Arius
576 1036 645 1063 vult.
678 1036 705 1063 Si
738 1045 804 1064 vero
830 1037 964 1071 dixerint,

150 1104 153 1107 ,
179 1078 329 1106 secundum
352 1080 424 1114 quod
439 1088 555 1115 persona
572 1086 599 1109 ct
618 1087 716 1109 natura
732 1087 784 1112 est,
801 1082 896 1110 eadem
915 1083 966 1110 ite-

180 1131 238 1150 rum
252 1131 426 1159 opponentur
442 1126 499 1153 eis:
509 1135 574 1162 ergo
585 1128 658 1154 enim
668 1135 730 1155 cum
741 1128 793 1155 alia
805 1128 840 1155 sit
851 1136 965 1163 persona

180 1169 267 1197 Patris
280 1171 387 1205 aliaque
405 1172 526 1207 Spiritus
555 1173 654 1206 sancti,
678 1178 705 1200 et
721 1173 773 1200 alia
789 1179 902 1207 natura;
917 1174 965 1201 sed

177 1223 240 1241 cum
267 1220 295 1243 et
321 1217 453 1245 diil‘erens
480 1218 516 1245 sit
545 1226 662 1253 persona
694 1219 766 1246 Petri
797 1224 825 1247 et
849 1228 965 1254 persona

178 1261 266 1293 Pauli,
295 1266 324 1290 et
345 1268 443 1291 natura
474 1264 607 1292 differens
648 1273 708 1299 qum
734 1270 798 1293 sunt
823 1266 966 1294 evidenter

177 1307 307 1335 absurda.

212 1353 256 1381 56.
277 1354 376 1382 Si.una
393 1356 544 1390 composita
565 1356 667 1384 Christi
682 1361 789 1389 natura,
806 1365 860 1384 una
875 1363 965 1386 autem

178 1398 292 1433 simplex
307 1403 403 1428 natura
420 1400 519 1431 Patris,
540 1401 678 1435 quomodo
694 1400 768 1428 Patri
795 1401 881 1428 Filius
899 1410 967 1429 con-

179 1444 387 1472 substantialis?
410 1446 469 1472 Non
488 1446 561 1473 enim
579 1447 693 1481 simplex
715 1447 786 1474 idem
803 1455 835 1474 ac
856 1455 968 1483 compo-

179 1489 261 1516 situm
281 1498 288 1516 :
307 1494 355 1517 aut
373 1498 438 1526 ergo
453 1499 507 1518 non
532 1499 613 1518 unam
637 1492 752 1524 Christi,
771 1497 818 1520 aut
833 1501 888 1520 non
903 1501 968 1521 con-
980 1512 1002 1543 Ο

130 1560 133 1563 ,
180 1534 386 1562 substantialem
403 1536 475 1563 Patri
490 1541 614 1564 naturam
632 1538 807 1572 proﬁtentur.
823 1539 849 1566 Si
865 1547 880 1566 e
891 1546 967 1575 parte

180 1578 252 1606 illam
268 1580 531 1609 consubstantialem
556 1582 629 1609 Patri
642 1582 748 1616 dicunt,
775 1584 864 1611 sciant
881 1585 966 1619 quod,

180 1629 261 1658 prout
282 1627 336 1661 jam
359 1626 462 1654 dictum
477 1632 530 1660 est,
546 1637 599 1655 non
622 1637 655 1656 ex
675 1634 753 1664 parte
780 1634 878 1657 natura
895 1639 969 1665 quae-

179 1670 241 1698 dam
256 1679 354 1707 nempe
366 1674 485 1701 essentia
501 1674 603 1702 dicitur
615 1675 698 1702 alicui
713 1676 967 1703 consubstantialis.

179 1716 218 1743 sic
235 1716 308 1743 enim
321 1721 348 1744 et
363 1717 445 1745 homo
459 1724 516 1746 tum
531 1718 616 1753 lapidi
635 1723 692 1746 tum
716 1719 789 1752 cani,
802 1723 860 1746 tum
872 1719 968 1754 angelo

179 1762 424 1790 consubstantialis
445 1764 595 1792 diceretur.

215 1807 259 1834 57.
282 1807 366 1836 Unica
393 1809 440 1836 Dei
466 1809 549 1837 Verbi
574 1814 672 1838 natura
698 1812 748 1839 ista
775 1812 915 1838 incarnata
934 1812 968 1837 ab

181 1853 262 1880 unica
274 1854 321 1880 Dei
334 1854 421 1882 Patris
432 1860 530 1883 natura
540 1865 594 1884 non
608 1858 748 1885 incarnata
759 1857 851 1884 differt
860 1856 969 1883 annon?

181 1900 373 1935 llespondeant
393 1911 399 1928 :
416 1902 438 1929 si
452 1901 548 1929 dicunt
561 1903 670 1937 quidem
688 1903 760 1938 quod
778 1902 897 1934 diﬂ‘erat,
913 1909 967 1928 non

181 1953 245 1972 vero
280 1947 521 1976 eonsubstantialis
563 1949 617 1976 erit
649 1949 722 1976 Patri
748 1949 833 1976 Filius
858 1948 892 1975 ab
920 1948 967 1974 illo

180 1991 214 2018 ad
241 1996 367 2020 naturam
390 1993 538 2025 differens;
563 2003 617 2022 non
638 2003 652 2022 e
679 2000 755 2030 parte
779 1994 852 2022 enim
879 1994 913 2021 de
935 1994 968 2021 iis

181 2038 416 2066 eonsuhstantiale
439 2039 530 2067 dicere
555 2045 607 2068 est.
637 2041 734 2068 Omnia
761 2041 834 2068 enim
860 2039 968 2067 Domini

180 2083 427 2112 eonsubstantialia
452 2085 479 2112 in
502 2093 598 2113 eorum
624 2086 758 2113 totalitate
780 2086 812 2113 ad
851 2085 968 2113 invicem

181 2130 426 2158 consubstantialia
449 2131 595 2165 videmus;
614 2132 636 2158 si
654 2140 720 2159 vero
739 2140 793 2159 non
806 2132 917 2159 diil‘erre
926 2131 969 2157 di‘

1019 211 1083 244 ἡμτν
1112 211 1293 246 ἀκοινώνητον
1315 212 1345 238 τὸ
1378 212 1448 239 θεῖον
1471 214 1499 239 ἐν
1523 213 1645 248 Χριστῷ.
1668 215 1698 240 Ei
1721 214 1748 240 δὲ
1771 218 1802 250 τῇ

1019 255 1100 290 σαρκὶ
1121 255 1170 289 μὲν
1183 255 1286 290 ἥνωται
1304 257 1317 282 ὁ
1332 257 1419 290 Λόγος
1435 257 1505 283 κατὰ
1519 258 1568 292 τὴν
1593 258 1684 292 φύσιν,
1700 259 1731 284 ού
1746 268 1803 285 κοιοι

1018 301 1097 326 νωνεί
1111 300 1140 327 δὲ
1153 300 1190 336 τῷ
1202 302 1288 336 Πατρὶ
1300 304 1331 336 τῇ
1350 303 1419 328 κατὰ
1437 303 1518 337 φύσιν
1533 303 1638 335 ὲνὼσει,
1657 304 1801 339 διαιρεῖται

1017 346 1066 381 τὴν
1089 347 1170 381 φύσιν
1191 348 1223 373 ἐκ
1246 347 1292 373 τοῦ
1310 348 1430 383 Ματρὸς,
1447 350 1493 375 καὶ
1507 349 1583 376 ἔσται
1600 350 1629 376 οὐ
1651 350 1717 382 Θεὸς
1731 359 1737 364 “
1758 351 1774 386 ἢ
1790 352 1804 377 ὁ

1018 392 1157 427 Πατὴρ*ού
1173 392 1248 424 Θεὸς,
1263 393 1287 419 εί
1300 393 1414 428 Χριστός
1428 394 1500 421 ἐστιν
1512 395 1525 420 ὁ
1540 391 1580 426 εἷς
1593 395 1658 427 Θεός
1670 403 1676 410 ’
1695 396 1802 426 πλείους

1017 437 1073 472 γὰρ
1087 437 1300 472 διαιρουμένους,
1319 439 1348 465 οὺ
1370 439 1511 472 δοξαστέον
1525 440 1603 472 θεούς
1613 448 1620 454 ·
1639 441 1708 467 κατὰ
1723 440 1803 467 θάτε-

1018 491 1064 517 ρον
1078 482 1106 508 δὲ
1116 482 1170 508 τῶν
1182 483 1361 519 βλασφήμων,
1378 484 1408 510 τὺ
1422 485 1472 519 τῆς
1487 486 1600 520 γεέννης
1612 485 1643 512 ἂν
1660 487 1703 521 εῐη
1722 487 1802 514 κολα-

1019 528 1128 563 στήριον
1139 530 1196 559 τοῖς
1210 529 1382 564 αἱρουμένοις
1394 531 1457 557 τάδε
1470 531 1558 565 λέγειν
1573 531 1683 565 ἐπάξιον
1692 553 1698 561 .

1053 615 1100 643 λε’.
1122 617 1154 642 El
1179 615 1216 651 μὴ
1241 616 1302 643 καθ’
1316 617 1330 643 ὃ
1353 618 1470 652 Χριστός
1492 620 1550 645 ἐστι
1575 620 1644 646 κατὰ
1665 619 1742 647 τοῦτό
1761 630 1803 652 τις

1018 661 1097 695 φύσις
1110 662 1168 688 ἐστὶ
1184 662 1273 698 (τοῦτο
1288 663 1341 698 γὰρ
1355 664 1401 690 καὶ
1416 665 1440 690 οί
1458 665 1578 700 Πατέρες
1591 666 1765 701 ἀπείρηκαν),
1786 668 1802 702 ἦ

1019 708 1176 741 κατ“οὺδὲν,
1202 708 1218 744 ἢ
1236 709 1296 736 καθ’
1315 709 1329 736 ὃ
1348 709 1414 741 Θεὸς
1432 710 1523 745 μόνον,
1540 711 1556 746 ἢ
1573 712 1633 738 καθ’
1656 711 1671 738 ὃ
1695 711 1802 747 ἄνθρωο

1019 760 1068 783 πος
1087 752 1176 787 μόνον,
1191 753 1208 788 ἢ
1223 754 1284 779 καθ’
1301 755 1315 780 ὃ
1333 762 1361 780 τε
1376 753 1441 786 Θεὸς
1460 755 1540 789 φύσις
1555 756 1626 789 ἐστὶ,
1642 757 1688 783 καὶ
1712 757 1774 783 καθ’
1788 757 1802 782 ὃ

1018 798 1160 832 ἄνθρωπος
1175 799 1255 825 πάλιν
1265 800 1343 833 φύσις
1353 801 1423 832 ἐστὶ,
1437 800 1451 827 ό
1464 801 1545 832 αὐτὸς
1560 802 1608 836 μὲν
1624 799 1664 832 εἷς
1676 802 1800 836 Χριστὸς,

1019 844 1075 870 ἀλλ’
1091 844 1139 879 οὐχ
1156 845 1172 879 ἡ
1188 845 1257 880 αὑτὴ
1275 846 1356 879 φύσις
1370 847 1400 873 ὲν
1415 847 1522 882 θεότητι
1544 848 1592 874 καὶ
1612 847 1802 882 ἀνθρωπότητι

1019 886 1089 916 εἶναι
1105 889 1262 924 νοούμενος.
1279 891 1310 917 Εἰ
1336 891 1364 917 δὲ
1391 892 1494 918 εἴποιεν
1520 892 1608 918 mea
1638 892 1700 923 Υἱὸς
1723 892 1803 925 φύσις

1019 935 1104 969 ἐστὶν,
1121 933 1161 967 εἷς
1175 934 1221 963 οὖν
1237 937 1300 968 Υἱὸς
1315 938 1362 964 καὶ
1376 938 1425 972 μία
1443 937 1533 972 φύσις,
1544 939 1597 974 ἄρα
1608 936 1654 964 οὖν
1661 938 1699 973 μὴ
1706 938 1802 964 ταυτὸν

1020 982 1112 1016 Πατὴρ
1129 982 1187 1018 Υίῷ
1199 982 1307 1018 ἀριθμῷ
1323 983 1339 1019 ἢ
1355 983 1443 1018 Λόγῳ,
1458 984 1519 1011 οὐδὲ
1533 985 1629 1011 ταυτὸν
1645 986 1678 1019 τῇ
1695 983 1774 1018 φύσει
1790 986 1803 1010 ὁ

1020 1028 1114 1063 Πατὴρ
1126 1028 1164 1062 τῷ
1178 1029 1243 1063 Υἱῷ,
1257 1029 1319 1055 οὔτε
1335 1029 1444 1065 ἀριθμῷ
1465 1030 1526 1057 οὔτε
1537 1031 1616 1065 Λόγῳ
1635 1030 1751 1065 φυσικῷ,
1766 1030 1804 1061 ὡς

1021 1073 1129 1108 ’Ἄρειος
1144 1073 1276 1108 βούλεται.
1302 1075 1332 1101 Εἰ
1347 1075 1375 1101 δὲ
1389 1075 1471 1102 πάλιν
1484 1076 1596 1107 εἴποιεν,
1613 1075 1672 1101 καθ’
1688 1075 1701 1101 ὃ
1715 1075 1803 1110 πρόσω

1000 1127 1093 1145 ’ωπον
1120 1119 1168 1146 καὶ
1190 1120 1271 1154 φύσις
1295 1120 1363 1153 ἐστὶ,
1381 1120 1416 1147 τὰ
1431 1121 1501 1147 αὐτὰ
1519 1121 1600 1147 πάλιν
1618 1121 1804 1154 ὑπαντήσεται

1019 1165 1124 1196 αὐτοῖς’
1138 1164 1191 1199 ἄρα
1212 1165 1266 1200 γὰρ
1280 1166 1340 1192 ἐπεὶ
1358 1166 1452 1201 ἕτερον
1468 1166 1615 1200 πρόσωπον
1633 1165 1680 1192 τοῦ
1695 1165 1804 1199 Πατρὺς

1020 1210 1128 1236 καὶτοῦ
1155 1211 1233 1244 ἁγίου
1260 1211 1432 1246 Πνεύματος,
1458 1213 1505 1238 καὶ
1528 1212 1609 1247 ἑτέρα
1634 1211 1728 1246 φύσις·
1746 1211 1803 1238 ἀλλ’

1020 1256 1082 1283 ἐπεὶ
1105 1258 1152 1284 καὶ
1171 1257 1299 1293 διάφορον
1321 1258 1467 1293 πρόσωπον
1482 1258 1586 1293 Πέτρου
1603 1258 1671 1292 πρὸς
1686 1257 1802 1289 Παῦλον,

1020 1303 1069 1329 καὶ
1083 1303 1212 1338 διάφορος
1224 1304 1240 1337 ἡ
1261 1303 1351 1338 φύσις,
1373 1304 1391 1330 ἃ
1401 1304 1459 1330 ἐστι
1477 1305 1601 1339 προφανῆ
1617 1304 1716 1331 ἄτοπα.

1056 1347 1110 1380 λς’.
1131 1347 1162 1374 Εἰ
1179 1349 1229 1382 μία
1243 1348 1369 1380 σύνθετος
1386 1349 1466 1383 φύσις
1488 1349 1534 1376 τοῦ
1551 1350 1681 1385 Χριστοῦ,
1703 1350 1751 1384 μία
1776 1349 1804 1375 δὲ

1020 1393 1093 1428 ἁπλῆ
1106 1393 1186 1427 φύσις
1194 1393 1241 1420 τοῦ
1254 1394 1372 1430 Πατρὺς,
1389 1394 1447 1426 πῶς
1462 1395 1499 1430 τῷ
1511 1396 1599 1430 Πατρὶ
1609 1396 1622 1421 ό
1634 1395 1696 1427 Υἱὸς
1710 1396 1814 1430 ὁμοούί

1021 1447 1096 1471 σιος;
1114 1439 1144 1466 οὑ
1159 1440 1213 1474 γὰρ
1229 1439 1326 1466 ταυτὸν
1345 1439 1384 1475 τῷ
1399 1440 1477 1475 ἁπλῷ
1499 1440 1530 1466 τὸ
1554 1440 1682 1467 σύνθετον
1695 1448 1701 1455 '
1716 1441 1732 1475 ἢ
1758 1440 1805 1467 οὖν

1021 1484 1052 1510 οὐ
1068 1485 1132 1520 μίαν
1145 1485 1192 1511 τοῦ
1208 1485 1338 1520 Χριστοῦ,
1352 1485 1368 1520 ἢ
1382 1485 1431 1520 οὐχ
1446 1485 1590 1520 ὁμουύσιον
1603 1485 1642 1520 τῷ
1654 1486 1742 1521 [In-pl.
1757 1486 1804 1521 τὴν

1019 1529 1099 1563 φύσιν
1123 1530 1274 1562 δοξάζουσι.
1289 1531 1322 1557 Εἰ
1349 1531 1378 1556 δὲ
1397 1532 1429 1557 ἐκ
1448 1531 1548 1566 μέρους
1564 1531 1648 1566 αὐτὴν
1663 1531 1805 1566 όμοούσιον

1019 1575 1126 1609 λέγουσι
1139 1576 1178 1610 τῷ
1191 1576 1291 1611 Πατρὶ,
1308 1577 1425 1603 ἴστωσαν
1447 1577 1500 1609 ὅτι,
1520 1577 1557 1608 ὡς
1576 1577 1805 1612 προείρηται,ούκ

1019 1622 1051 1648 ἐκ
1060 1622 1160 1657 μέρους
1171 1630 1213 1653 τις
1228 1622 1309 1656 φύσις
1323 1623 1406 1658 ἧγουν
1420 1623 1499 1649 οὐσία
1514 1622 1624 1656 λέγεταί
1640 1631 1693 1649 τινι
1708 1623 1806 1657 όμοού-

1019 1676 1076 1699 σιος
1088 1677 1095 1683 ·
1113 1668 1198 1699 οὕτως
1220 1668 1274 1703 γὰρ
1291 1668 1323 1695 ἂν
1339 1669 1386 1695 καὶ
1407 1668 1552 1702 ἄνθρωπος
1565 1668 1605 1704 τῷ
1620 1676 1650 1695 τε
1674 1668 1740 1703 λίθῳ
1760 1669 1806 1694 καὶ

1019 1713 1080 1739 κυνὶ
1090 1713 1138 1739 καὶ
1157 1713 1266 1748 ἀγγέλῳ
1280 1713 1422 1748 ὁμοσύσιος
1436 1713 1552 1747 λέγοιτο.

1054 1806 1102 1837 λζ’.
1131 1807 1161 1832 Ἦ
1180 1806 1230 1841 μία
1246 1806 1328 1841 φύσις
1345 1806 1392 1833 τοῦ
1412 1806 1480 1833 Θεοῦ
1500 1806 1587 1839 Λόγου
1611 1806 1805 1842 σεσαρκωμένη

1019 1852 1146 1887 διαφέρει
1160 1851 1210 1886 τῆς
1228 1852 1293 1886 μιᾶς
1309 1851 1356 1878 τοῦ
1373 1851 1442 1877 Θεοῦ
1461 1851 1568 1886 Πατρὺς
1581 1850 1687 1886 φύσεως
1703 1851 1753 1885 1πῆς
1770 1851 1807 1886 μὴ

1020 1897 1266 1932 σεσαρκωμένης,ἢ
1282 1897 1634 1932 οὗχί;’Λνακρινέσθωσαν.
1650 1897 1682 1923 El
1697 1897 1747 1931 μὲν
1760 1894 1808 1923 οὖν

1020 1951 1086 1977 φασι
1109 1942 1258 1977 διαφέρειν,
1285 1943 1334 1977 οὐχ
1361 1942 1504 1977 ὁμοούσιος
1531 1942 1639 1977 ἀληθῶς
1664 1941 1742 1968 ἔσται
1768 1943 1808 1976 τῷ

1020 1988 1108 2023 lla-rp!
1134 1987 1197 2019 Υἱὸς
1217 1987 1356 2022 διαφέρων
1376 1987 1459 2014 αὑτοῦ
1491 1987 1561 2014 κατὰ
1587 1986 1684 2021 φύσιν-
1701 1987 1751 2013 οὐκ
1776 1988 1808 2013 ὲκ

1022 2035 1123 2070 μέρους
1135 2035 1190 2068 γάρ
1205 2034 1278 2060 ἐστιν
1293 2035 1380 2060 εἰπεῖν
1394 2034 1483 2060 αὐτῶν
1499 2033 1530 2059 τὸ
1542 2032 1702 2067 ὁμοούσιον·
1718 2033 1809 2059 πάντα

1020 2081 1075 2116 γὰρ
1098 2081 1133 2107 τὰ
1151 2081 1253 2116 κυρίως
1265 2080 1407 2115 όμοούσια.
1423 2081 1454 2106 ὲκ
1467 2080 1514 2106 τοῦ
1525 2079 1587 2106 ὅλου
1597 2079 1688 2106 αὐτῶν
1700 2078 1808 2114 ὁρῶμεν

1021 2126 1146 2162 ἀλλήλοις
1160 2126 1291 2161 ὁμοούσια
1301 2133 1308 2141 ’
1324 2126 1348 2151 εὶ
1364 2125 1393 2151 δὲ
1410 2125 1449 2160 μὴ
1463 2125 1606 2160 διαφέρειν
1619 2123 1739 2159 ἐροῦσιν,
1754 2123 1808 2158 ἄρα

182 2181 258 2209 eunt,
282 2185 348 2212 ergo
369 2181 398 2204 et
417 2177 465 2204 Dei
493 2178 582 2204 Patris
599 2178 680 2204 unica
704 2182 802 2204 natura
817 2178 968 2209 incarnata,

1023 2173 1070 2199 καὶ
1092 2174 1108 2207 ἡ
1130 2171 1177 2199 τοῦ
1203 2172 1271 2198 Θεοῦ
1296 2171 1402 2206 Πατρὺς
1427 2171 1476 2206 μία
1494 2171 1575 2205 φύσις
1594 2170 1806 2205 σεσαρκωμένη,

183 2222 310 2249 similiter
325 2227 353 2249 et
379 2223 466 2249 sancti
484 2222 613 2256 Spiritus.

217 2268 262 2295 58.
283 2268 380 2295 Adhuc
403 2276 466 2295 cum
489 2268 546 2295 sive
566 2276 599 2295 ex
617 2268 803 2295 subsistentiis
820 2268 970 2303 composita

183 2313 372 2345 subsistentia,
394 2315 533 2340 exercitus
555 2313 625 2341 forte
648 2319 696 2341 aut
719 2314 828 2346 donius,
852 2315 910 2341 sive
937 2321 969 2341 ex

184 2358 289 2385 naturis
312 2357 462 2392 composita
484 2362 592 2390 natura,
611 2362 638 2385 et
655 2366 686 2385 ex
709 2358 872 2393 curporibus
897 2366 969 2386 com-

184 2403 305 2438 positum
317 2411 429 2438 corpus,
442 2408 469 2430 et
487 2411 566 2431 omne
578 2404 740 2439 simpliciter
749 2412 781 2431 ex
803 2405 972 2439 quibuslibet

183 2449 378 2483 compositum.
405 2450 470 2476 licet
495 2449 621 2476 similiter
644 2449 736 2476 omnia
766 2450 823 2476 hzec
844 2449 972 2477 dicantur

183 2494 348 2527 substantia,
361 2498 409 2521 aut
421 2499 519 2522 natura
535 2488 681 2529 corpusre,
697 2494 744 2523 sed
774 2500 821 2522 aut
835 2495 914 2529 pejus
925 2499 973 2522 aut

185 2540 282 2568 melius
305 2549 386 2575 quam
410 2541 497 2576 ipsius
523 2546 615 2576 partes
631 2541 760 2567 videntur
781 2545 809 2568 et
832 2541 971 2568 dicuntur.

184 2585 259 2613 Licet
281 2585 400 2613 Verbum
427 2590 526 2612 natura
553 2590 581 2612 et
600 2585 726 2612 Christus
752 2590 849 2612 natura
872 2585 974 2620 promi-

183 2638 249 2658 scue
271 2631 444 2658 considerari
461 2631 495 2658 ad
517 2631 636 2658 Verbum
657 2632 755 2666 possit,
781 2631 887 2658 scilicet
903 2631 975 2658 sicut

184 2681 271 2703 totum
290 2677 449 2712 adpartem,
480 2677 506 2704 in
523 2685 578 2712 quo
600 2685 677 2712 ergo,
701 2678 800 2712 inquit,
824 2677 901 2712 pejor
929 2681 976 2704 aut

185 2722 281 2749 melior
303 2728 345 2750 est
370 2723 496 2751 Christus
525 2731 606 2758 quam
630 2724 772 2751 Verbum?

218 2769 264 2795 59.
290 2769 361 2796 Dicit
386 2770 532 2807 Apostolus
552 2779 558 2796 :
578 2780 586 2794 ι
603 2770 759 2797 Secundum
785 2769 975 2803 operationem

187 2814 315 2849 potentia:
332 2815 441 2842 virtutis
457 2816 592 2850 Deiqnam
611 2821 739 2850 operatus
757 2819 795 2842 est
811 2815 836 2841 in
854 2815 976 2845 Christo,

1020 2219 1120 2254 ὁμοίως
1133 2219 1161 2245 δὲ
1176 2219 1224 2245 καὶ
1238 2218 1254 2253 ἡ
1267 2217 1314 2244 τοῦ
1327 2218 1406 2251 ἁγίου
1427 2216 1598 2252 Πνεύματος.

1056 2264 1107 2299 λη’.
1131 2265 1192 2292 Ἔτι
1206 2264 1268 2292 ἐπεὶ
1282 2264 1298 2299 ἦ
1313 2273 1342 2290 τε
1358 2264 1388 2296 ἐξ
1403 2263 1581 2290 ὑποστάσεων
1601 2262 1728 2293 σύνθετος
1741 2261 1794 2287 ὑπό

1022 2320 1128 2343 στασις,
1142 2309 1259 2346 στρατοῦ
1274 2309 1354 2344 τυχὸν
1370 2309 1385 2343 ἦ
1398 2309 1487 2340 οἴκου,
1502 2308 1519 2342 ἥ
1536 2317 1565 2334 τε
1578 2308 1610 2334 ἐκ
1623 2307 1731 2342 φύσεων
1745 2306 1807 2332 σύν-

1022 2351 1098 2387 θετος
1117 2355 1208 2390 φύσις,
1225 2356 1257 2381 τό
1271 2364 1299 2382 τε
1315 2356 1347 2381 ἐκ
1363 2354 1498 2388 σωμάτων
1513 2354 1640 2380 σύνθετον
1656 2353 1747 2388 σῶμα,
1763 2354 1810 2378 καὶ

1022 2404 1076 2430 πᾶν
1090 2403 1184 2434 ἁπλῶς
1199 2402 1229 2428 τὺ
1249 2402 1281 2428 ἐκ
1296 2410 1377 2428 τινων
1400 2400 1590 2435 συγκείμενον,
1608 2399 1695 2428 εικαὶ
1709 2399 1811 2434 ὁμοίως

1022 2449 1114 2480 αὐτοῖς
1140 2449 1247 2482 λέγοιτο
1268 2447 1428 2479 ὑπόστασις,
1448 2447 1465 2482 ἢ
1485 2446 1577 2480 φύσις,
1601 2446 1618 2481 ἡ
1633 2446 1733 2481 σῶμα,
1753 2440 1811 2471 ἀλλ’

1023 2494 1039 2528 ἦ
1059 2494 1152 2528 χεῖρον
1173 2493 1189 2528 ἢ
1213 2494 1336 2528 κρεῖττον
1357 2492 1412 2518 τῶν
1429 2492 1527 2518 ἑαυτοῦ
1545 2492 1636 2528 μερῶν
1655 2493 1752 2528 ὁρᾶται
1765 2492 1813 2517 καὶ

1024 2541 1150 2574 λέγεται·
1170 2540 1195 2566 εἰ
1211 2540 1258 2565 καὶ
1273 2540 1286 2565 ὁ
1302 2539 1387 2573 Λόγος
1405 2538 1485 2572 φύσις
1497 2539 1544 2564 καὶ
1556 2539 1576 2565 ,ὁ
1595 2538 1712 2573 Χριστὸς
1732 2537 1813 2571 φύσις

1026 2586 1220 2621 συγκρίνεσθαι
1235 2585 1302 2620 πρὸς
1315 2585 1361 2611 τὸν
1378 2585 1466 2618 Λόγον
1479 2584 1617 2619 δυναμένη
1628 2584 1714 2615 ἐστὶν,
1728 2584 1813 2618 ἧγουν

1026 2632 1063 2662 ὡς
1078 2631 1138 2658 ὅλον
1152 2630 1219 2666 πρὸς
1238 2631 1268 2657 τὸ
1281 2631 1346 2657 ἴδιον
1364 2631 1456 2665 μέρος,
1468 2633 1495 2656 τί
1508 2629 1573 2665 ἄρα,
1590 2630 1670 2664 φησὶ,
1684 2629 1782 2664 χείρων
1797 2628 1812 2662 ἢ

1028 2677 1158 2712 κρείττων
1174 2677 1232 2703 ἐστὶ
1240 2677 1287 2703 τοῦ
1306 2676 1394 2710 Λόγου
1413 2678 1427 2703 ὁ
1443 2676 1576 2712 Χριστόςς

1064 2767 1113 2793 ).0¹.
1123 2767 1320 2798 ’()’Λπνῖστολος
1334 2766 1400 2801 φησί
1415 2774 1421 2780 ·
1438 2766 1531 2792 «Κατὰ
1542 2765 1588 2800 τὴν
1605 2765 1747 2799 ἐνέργειαν
1761 2761 1808 2789 τοῦ

1031 2815 1147 2850 κράτους
1169 2815 1218 2849 τῆς
1244 2814 1333 2848 ἰσχύος
1360 2812 1405 2838 τοῦ
1420 2811 1496 2844 Θεοῦ,
1510 2812 1542 2846 ἦν
1561 2812 1709 2845 ἐνήργησεν
1732 2809 1760 2834 ἐν
1777 2807 1816 2842 τῷ
