1963 3077
128 183 194 214 1ῗ93

695 180 840 211 CONTRA
862 180 1165 219 hlUNOl‘HYSlTAS.

1695 179 1763 212 1795

126 238 246 273 Χριστῷ,
263 238 372 272 ἐγείρας
387 237 469 264 αὑτὸν
477 238 508 263 ἐκ
519 237 651 272 νεκρῶν-ι
668 236 737 272 αὕτη
749 240 803 272 γὰρ
815 238 831 271 ἡ
846 238 924 272 ἐνερ-

978 242 1112 264 suscrtans
1131 237 1207 263 illum
1221 245 1235 263 a
1255 237 1372 264 mortuis
1386 237 1395 251 '
1417 245 1423 269 ;
1442 246 1450 262 ι
1469 237 1526 264 haec
1544 241 1661 272 Operans
1675 241 1763 265 Virtus

126 284 212 317 -ε-οὒσα.
237 284 325 318 ἰσχὺς,
349 283 430 318 φύσις
444 280 489 317 ἦν,
506 282 596 317 ἢοῦχί
611 291 618 315 ;
640 282 671 308 El
687 282 715 308 δὲ
724 282 807 317 ἄμφω
826 282 872 317 μία
886 280 920 317 ἦν

128 328 208 362 φύσις
230 327 300 362 αὐτὴ
326 328 343 362 ἡ
369 327 521 362 ἑνεργοῦσα
539 326 632 353 καὶτὸ
655 327 856 362 ὲνεργούμενον
871 328 921 362 τὴν

128 374 288 405 ἀνάστασιν,
306 373 349 404 τίς
366 374 383 407 ἡ
407 371 596 407 ἐνεργουμένη
610 373 658 398 καὶ
675 373 715 403 τίς
740 373 757 407 ἡ
771 373 921 407 ὲνεργοῦσα

128 420 175 446 καὶ
189 419 335 453 ἐγείρουσα
356 418 441 453 αὐτὴν
464 417 563 452 φύσις;
588 419 620 444 οὐ
638 418 693 454 γὰρ
711 418 807 444 ἑαυτὸν
828 419 922 445 λοιπὸν

131 464 311 499 ἐνεστηκέναι
339 464 458 499 Χριστὸς
486 463 535 503 μία
556 462 594 490 ὢν
621 463 703 497 φύσις
723 463 920 498 δειχθήσεται·

128 512 209 546 εἰπερ
226 508 272 537 οὖν
289 509 410 540 εὐσεϐῶς
421 509 472 545 τὴν
487 510 637 536 ἀνάστασιν
658 509 742 536 αὑτοῦ
761 509 921 544 δοξάζομεν,

128 559 157 590 ἐξ
174 557 272 591 ἑτέρας
286 555 370 582 αὐτοῦ
394 555 503 589 φύσεως
522 555 572 590 τὴν
599 555 696 591 ἑτέραν
720 555 819 581 ἑαυτοῦ
841 555 923 589 φύσιν

128 601 242 636 ἁνιστᾷν
265 600 351 634 αὐτὴν
377 600 497 635 Χριστὸν
519 600 743 635 ὁμολογήσομεν·
771 599 867 636 ὥσπερ
894 601 923 626 ἐν

129 646 226 677 amet;
241 646 288 672 καὶ
302 645 375 680 ψυχὴ
391 645 473 681 σῶμα
484 646 597 680 ἐγείρει·
612 647 661 682 τῆς
677 646 732 681 γὰρ
752 646 845 681 κλίνης
858 645 924 673 αὐτὸ

128 692 284 726 διανίστησι
304 691 435 723 πολλάκις
461 691 495 718 δι’
519 692 712 727 ὲνθυμήσεως”
727 691 798 718 οὕτω
815 693 862 718 καὶ
879 692 925 726 γέ-

128 747 140 770 1
150 746 265 772 ραπται*
281 747 290 764 ‹
302 737 373 772 Ἐγὼ
394 738 546 773 ὲκοιμὴθην
561 738 608 764 καὶ
624 737 747 770 ὓπνωσα,
758 737 923 774 ὲξηγέρθην,

129 785 167 810 ὅτι
183 784 297 819 Κύριος,
308 793 317 810 ›
334 783 596 819 δηλονότιὸὲνὲμοὶ,
610 783 705 819 φησὶν,
718 793 728 808 ί
745 784 924 819 ἀντιλήψεται

131 838 202 864 μου»
222 830 287 855 ’καὶ
312 829 353 861 τὸ,
377 829 516 864 σΣκύμνος
540 829 646 860 λέοντος
658 830 689 855 ὲκ
700 828 817 864 βλαστοῦ
839 829 926 855 Ἰούδα

131 877 280 912 ἐκοιμήθη·
310 877 353 907 τις
370 876 496 913 ἐξεγείρῃ
512 876 610 909 αὑτόν;
631 876 694 911 »οὐχ
715 875 818 911 ἔτερος,
831 876 924 911 φησὶν,

973 287 1071 309 natura
1092 285 1151 308 erat
1169 285 1216 308 aut
1237 282 1312 308 non?
1328 280 1355 309 Si
1369 289 1434 309 vero
1450 281 1532 309 ambo
1550 289 1604 309 una
1624 286 1702 309 erant
1716 290 1764 309 na-

974 334 1034 356 tura
1045 349 1053 361 ,
1068 334 1186 362 operans
1203 331 1231 354 et
1246 328 1436 362 operationem
1455 328 1563 362 patiens
1584 329 1766 355 resurrectio-

973 381 1047 406 nem,
1071 381 1131 408 qua:
1145 373 1263 407 patiens,
1289 378 1316 401 et
1345 381 1405 408 quae
1430 381 1548 409 operans
1575 379 1603 401 et
1628 368 1765 402 suscitans

973 427 1032 446 eam
1043 418 1220 445 natura?non
1228 418 1301 445 enim
1312 419 1432 453 seipsum
1442 423 1569 446 caeterum
1581 419 1766 446 resurrexisse

972 465 1101 492 Christus
1125 464 1207 491 unica
1233 465 1370 492 exsistens
1393 469 1491 492 natura
1511 465 1765 492 demonstrabitur.

974 508 1041 536 Cum
1051 516 1117 543 ergo
1127 509 1172 543 pie
1186 509 1420 535 resurrectionem
1430 509 1490 543 ejus
1498 509 1673 542 conﬁtemur,
1681 517 1715 537 ex
1726 510 1767 536 al-

975 559 1035 582 tera
1045 555 1106 590 ejus
1117 559 1216 581 natura
1226 554 1339 581 alterum
1349 554 1436 589 ipsius
1446 560 1571 581 naturam
1583 555 1767 582 resurrexisse

973 600 1115 628 Christum
1138 600 1355 627 conﬁtebimur:
1374 600 1605 634 quemadmodum
1623 601 1651 627 in
1671 608 1767 628 somno

974 646 1067 673 anima
1076 653 1176 681 corpus
1189 645 1301 678 excitat,
1314 645 1415 680 quippe
1427 653 1488 680 qua:
1500 645 1599 672 electo
1614 645 1681 673 illud
1695 654 1767 680 saepe

974 699 1025 726 per
1039 691 1235 726 cogitationem
1249 691 1361 723 excitat,
1376 690 1416 718 sic
1431 695 1460 717 et
1476 691 1611 725 scriptum
1624 694 1680 718 est:
1691 700 1700 715 ι
1712 690 1769 725 Ego

976 737 1095 764 dormivi
1117 741 1146 764 et
1161 741 1307 772 soporatus
1329 744 1402 769 sum,
1425 741 1453 764 et
1471 736 1616 763 exsurrexi
1630 737 1694 771 quia
1718 737 1770 763 Do-

975 784 1068 811 minus
1082 784 1102 817 ³,
1116 793 1125 809 ›
1140 783 1301 818 scilicetqui
1317 784 1344 811 in
1360 791 1414 815 me,
1425 783 1524 818 inquit,
1535 783 1767 817 «suscipietmep

976 835 1004 858 et
1019 839 1025 857 :
1049 839 1058 855 ι
1072 829 1188 857 Catulus
1202 829 1292 857 leonis
1308 837 1342 856 ex
1358 829 1451 856 radice
1465 829 1536 856 Juda
1555 829 1694 861 accubuit,
1707 828 1771 863 quis

977 876 1123 904 suscitabit
1144 882 1208 902 eum
1232 875 1262 901 ‘?
1276 885 1286 900 ι
1309 883 1365 902 non
1380 875 1461 907 alius,
1477 874 1576 908 inquit,
1599 874 1646 901 sed
1663 874 1720 908 ipse
1741 882 1770 901 se

131 923 189 949 ἀλλ’
202 923 283 954 αὐτὸς
297 923 405 950 ἑαυτὸν·
418 922 544 955 ἐξουσίαν
561 922 617 958 γὰρ
634 920 689 957 εἶχε
705 923 751 949 κα.)¹
767 922 924 958 παραθεῖναι

983 923 1091 958 ipsum;
1118 926 1285 956 potestatem
1306 922 1382 948 enim
1399 920 1498 948 habuit
1517 920 1636 948 animam
1651 927 1729 947 suam
1743 924 1770 947 et

132 969 179 994 καὶ
191 967 383 1002 ἀπολήψεσθαι
395 967 443 1002 τὴν
461 967 551 1003 ψυχὴν
566 968 675 994 ἑαυτοῦ.

167 1017 205 1047 μ’.
228 1013 288 1039 "Iw.
300 1013 329 1039 δὲ
340 1013 378 1048 μὴ
396 1013 541 1048 λεξιδρίοις
556 1013 737 1043 ὑποδύναντες
751 1013 866 1045 ἑαυτοὺς
877 1022 924 1040 συ-

134 1059 294 1093 σκιάζωμεν
318 1059 380 1085 κατ’
409 1058 518 1090 αὐτοὺς,
537 1059 650 1093 γυμνῶς
673 1059 859 1095 ὲρωτήσωμεν
876 1059 924 1086 αὑ-

131 1107 206 1137 τοὺς,
224 1106 250 1131 εἰ
267 1105 316 1141 τὴν
332 1105 397 1140 μίαν
410 1104 491 1139 φύσιν
505 1105 608 1139 ταύτην
621 1105 670 1140 τὴν
686 1105 719 1131 ὲκ
734 1105 781 1131 δύο
802 1105 922 1139 φύσεων,

132 1152 252 1186 ἄναρχον
268 1150 449 1184 γινώσκουσιν
469 1150 486 1185 ἢ
502 1150 659 1185 ἀρξαμένην
674 1150 745 1176 κατὰ
760 1150 856 1185 χρόνον
868 1159 876 1183 ;
890 1150 923 1176 El

135 1196 185 1230 μὲν
197 1195 251 1230 γὰρ
264 1196 394 1230 ἄναρχον,
410 1195 467 1226 πῶς
484 1194 515 1220 ἔκ
531 1203 611 1220 τινων
625 1195 673 1220 καὶ
691 1195 858 1231 ὑστερογενῆ
874 1195 924 1222 αὐ-

133 1242 181 1276 τὴν
201 1241 249 1267 καὶ
264 1240 408 1273 σύνθετονς
422 1241 446 1267 εί
461 1240 488 1266 δὲ
504 1237 606 1276 ἦρκται
626 1240 672 1266 καὶ
686 1241 777 1266 αἰτίαν
794 1240 856 1276 ἔσχε
877 1240 925 1267 καὶ

135 1288 292 1320 σύγκειται,
304 1286 361 1317 πῶς
383 1286 463 1319 Θεός;
487 1286 556 1312 Ἀλλ’
573 1287 664 1321 ἡμεῖς,
685 1286 762 1320 φασὶ,
777 1286 827 1321 τὴν
840 1285 925 1322 αὐτὴν

135 1334 256 1366 ἄναρχον
277 1332 323 1359 καὶ
335 1331 504 1367 ἀρξαμένην,
525 1332 563 1363 ὡς
588 1331 613 1358 οἱ
641 1331 773 1368 Πατέρες,
789 1331 921 1367 λέγομεν·

135 1378 196 1404 ἀλλ’
216 1378 247 1404 οὐ
263 1378 311 1413 τὴν
335 1377 422 1413 αὐτὴν
441 1379 470 1404 ὲν
491 1378 582 1412 ταυτῷ
599 1378 669 1404 κατὰ
692 1377 722 1404 τὸ
744 1378 820 1411 αὐτὸ,
837 1379 862 1405 εἰ
877 1380 924 1406 καὶ

135 1424 183 1449 τοῦ
197 1424 280 1450 αὐτοῦ
296 1424 320 1450 o!
334 1423 456 1459 Πατέρες
470 1423 563 1458 φασὶν,
589 1421 611 1450 ὧ
627 1420 699 1450 οὗτοι
711 1432 717 1437 ·
733 1424 793 1450 οὐδὲ
809 1425 864 1460 γὰρ
878 1424 924 1451 δυ-

136 1469 216 1495 νατὸν
231 1470 259 1495 ἐν
277 1469 368 1504 ταυτῷ
383 1470 453 1496 κατὰ
470 1470 500 1495 τὸ
515 1470 581 1496 αὐτὸ
589 1469 649 1496 ’τῶν
665 1470 794 1496 ἐναντίων
810 1468 881 1496 εἶναι
897 1479 924 1496 τι

135 1515 260 1542 δεκτικὸν
287 1516 394 1550 λόγων·
421 1515 480 1542 ἀλλ’
509 1516 533 1541 ει
558 1516 605 1542 καὶ
639 1516 752 1550 λέγεται
782 1517 879 1552 ὁρατὸς
911 1518 925 1543 ὁ

135 1561 218 1592 αὐτὸς
237 1558 278 1592 εἷς
305 1561 343 1588 ὢν
368 1561 496 1596 Χριστὸς,
512 1561 542 1587 οὺ
564 1561 635 1588 κατὰ
651 1562 681 1588 τὸ
699 1561 782 1588 αὑτό·
799 1562 836 1593 ὡς
864 1561 925 1588 οὐδὲ

135 1607 176 1639 τὸ,
192 1607 379 1639 «Θανατωθεὶς
401 1608 450 1643 μὲν
470 1608 569 1643 σαρκὶ,
592 1607 768 1643 ζωοποιηθεὶς
789 1608 818 1634 δὲ
847 1607 927 1634 πνεὺ-
942 1599 963 1627 C

138 1661 204 1686 ματι
217 1661 223 1667 ·
239 1663 249 1679 ι
265 1653 312 1680 καὶ
327 1653 367 1685 τὺ,
384 1663 393 1679 ε
413 1653 444 1680 El
456 1654 509 1688 γὰρ
520 1654 568 1680 καὶ
585 1653 720 1680 ἀπέθανεν
733 1653 761 1686 ἑξ
773 1654 928 1685 ἀσθενείας,

137 1697 207 1724 ἀλλὰ
220 1699 252 1733 ζῇ
270 1699 302 1724 ὲκ
309 1698 462 1734 δυνάμεως
477 1708 486 1724 ι
507 1699 598 1726 καὶτὰ
613 1699 719 1725 τοιάδε·
734 1699 820 1725 οὖκὲν
833 1699 924 1734 ταυτῷ

135 1742 190 1777 γὰρ
207 1750 282 1775 ποτε,
294 1743 353 1770 οὐδὲ
366 1743 406 1775 τὸ,
423 1754 431 1769 ι
444 1744 486 1770 Ἑν
494 1744 565 1779 ἀρχῇ
582 1742 614 1779 ἦν
627 1745 640 1770 ὁ
651 1744 746 1778 Λόγος,
762 1744 830 1770 καὶὸ
842 1744 929 1777 Λόγος

137 1787 206 1822 σὰρξ
231 1788 350 1823 ἐγένετο,
372 1799 381 1815 ι
402 1790 530 1825 νοητέον·
555 1790 595 1826 τῷ
624 1790 740 1825 μὲνγὰρ
758 1790 837 1826 Λόγῳ
861 1791 928 1826 μηδὲ

136 1833 200 1859 καθ’
222 1834 332 1861 οῐανοῦν
353 1835 440 1870 ἀρχὴν
464 1834 607 1870 γεγονέναι
631 1836 778 1872 μαρτυρῶν
799 1836 927 1872 ἀνάρχως

136 1876 216 1910 εἶναι,
231 1879 279 1915 τὴν
298 1880 388 1916 σάρκα
403 1881 529 1914 γενέσθαι
542 1881 608 1917 φησί
618 1890 624 1897 ·
640 1881 704 1908 ἀλλ’
715 1880 836 1912 ἀπειθῶς
851 1881 928 1916 ἔχον-

134 1932 191 1955 τες,
210 1924 320 1951 δοκοῦσι
335 1925 439 1957 πιστῶς
456 1927 582 1953 ἀπιστεῖν
598 1926 637 1962 τῷ
648 1926 728 1961 Λόγῳ
743 1926 786 1954 διὰ
797 1927 847 1961 τῆς
863 1926 927 1953 ἁλο-

140 1970 215 2003 γίεις.
225 1968 286 1997 Οἵδε
299 1971 365 2006 γὰρ,
383 1972 474 2005 φασὶν,
484 1972 557 2002 ὅπως
568 1971 654 1999 ταῦτα
673 1973 817 2007 γενήσεται
841 1971 928 2007 αὐτῷ,

136 2016 188 2041 κᾶν
205 2016 270 2051 ἡμῖν
283 2017 403 2044 ἀδύνατα
417 2017 482 2053 δοκῇ
496 2026 505 2032 ·
527 2017 585 2044 ἀλλ’
603 2018 678 2044 οὐδὲν
696 2017 815 2045 τοιοῦτον
830 2017 927 2051 ἄλογον

135 2061 151 2095 ἦ
167 2061 318 2088 ἀσύστατον
343 2062 395 2097 ἔφη
413 2063 478 2098 περὶ
497 2063 596 2090 ἑαυτοῦ
618 2064 728 2090 πώποτε
751 2065 765 2090 ὁ
784 2061 927 2098 Λόγος,⁷ὦ

136 2107 263 2141 ἀδελφοί·
279 2108 305 2134 τί
319 2106 366 2135 οὖν
384 2109 425 2135 δεῖ
444 2110 516 2145 ὑμᾶς
537 2111 718 2144 συκοφαντεῖν
736 2110 782 2136 τὸν
798 2110 926 2145 Χριστὸν,

135 2152 180 2178 ἵνα
207 2153 238 2180 τὸ
266 2155 333 2181 ἴδιον
353 2157 534 2191 συστὴσωμεν
559 2155 631 2182 κατὰ
654 2156 754 2181 σκοπὴν
778 2155 841 2191 ἔχον
859 2157 926 2190 ἡμῖν

135 2198 218 2233 ἀγνάη
223 2208 260 2233 μα
267 2208 275 2232 ;

135 2252 184 2271 cur
211 2252 278 2280 ergo
304 2251 425 2274 vestrum
451 2251 493 2274 est
530 2246 564 2274 de
589 2246 700 2274 Christo
726 2247 888 2275 calumniari
912 2254 943 2277 ut

135 2300 149 2318 ε
168 2297 243 2327 parte
269 2298 364 2320 nostra
379 2293 561 2329 ignorantiam
587 2294 707 2329 prodat?

977 969 1117 1003 deponere
1133 972 1162 995 et
1181 975 1365 995 reassumere.

1011 1014 1056 1041 40.
1091 1013 1130 1041 Ne
1152 1014 1258 1041 voculis
1277 1014 1462 1049 nosmetipsos
1482 1012 1644 1045 vestientes,
1677 1012 1770 1047 suspi-

977 1061 1086 1088 cionem
1106 1061 1173 1096 ipsis
1185 1060 1342 1093 all‘eramus,
1358 1060 1432 1087 nude
1459 1067 1507 1087 eos
1524 1059 1770 1095 interrogabimus,

977 1112 1072 1135 utrum
1084 1111 1211 1134 naturam
1224 1107 1295 1134 hanc
1307 1114 1390 1134 unam
1403 1114 1418 1134 e
1429 1106 1537 1134 duabus
1547 1106 1654 1133 naturis
1665 1105 1770 1140 absque

977 1151 1058 1178 initio
1085 1155 1213 1183 noscant,
1241 1159 1275 1178 an
1293 1152 1372 1186 quasi
1396 1159 1456 1186 quat
1473 1150 1583 1181 initium
1605 1151 1632 1178 in
1647 1155 1769 1186 tempore

978 1196 1096 1223 habuit?
1113 1196 1141 1223 Si
1161 1196 1265 1230 absque
1294 1196 1373 1223 initio
1388 1195 1513 1230 quidem,
1531 1196 1670 1231 quomodo
1684 1203 1699 1223 e
1710 1196 1770 1230 qui-

977 1242 1094 1270 busdam
1118 1247 1180 1277 post
1205 1243 1273 1270 alios
1300 1243 1457 1270 venientem
1480 1247 1508 1270 et
1529 1242 1769 1277 compositam‘lSi

978 1296 1044 1315 vero
1070 1288 1180 1316 initium
1193 1288 1290 1316 habuit
1309 1292 1338 1316 et
1349 1293 1499 1321 auctorem,
1511 1293 1539 1315 et
1550 1289 1689 1321 convertit,
1701 1296 1771 1323 quo-

978 1335 1061 1362 modo
1083 1336 1159 1362 Deus
1181 1335 1242 1362 est?
1260 1335 1313 1362 Sed
1329 1342 1390 1367 nos,
1410 1335 1498 1367 aiunt,
1520 1335 1646 1361 eamdem
1667 1334 1770 1368 absque

979 1381 1070 1413 initio,
1086 1386 1114 1408 et
1129 1389 1192 1408 eum
1208 1381 1299 1413 initio,
1326 1389 1378 1408 uua
1403 1389 1465 1407 cum
1488 1380 1619 1408 Palribus
1635 1380 1768 1407 dicimus:

977 1427 1026 1454 sed
1049 1435 1105 1454 non
1129 1427 1254 1454 eamdem
1278 1427 1305 1453 in
1319 1426 1416 1453 eodem
1432 1425 1584 1454 secundum
1610 1425 1693 1458 idem,
1707 1425 1772 1452 licet

978 1473 1050 1500 hanc
1060 1477 1087 1500 et
1102 1481 1157 1499 non
1171 1472 1253 1499 aliam
1266 1472 1364 1499 Patres
1373 1472 1478 1504 dicant,
1490 1479 1506 1499 ο
1515 1479 1564 1499 vos
1578 1481 1584 1498 :
1601 1471 1772 1505 impossibile

977 1519 1050 1546 enim
1062 1523 1103 1546 est
1114 1519 1141 1545 in
1162 1518 1259 1546 eodem
1276 1519 1347 1546 circa
1364 1518 1437 1545 idem
1454 1517 1570 1545 inveniri
1582 1517 1685 1553 aliquid
1697 1517 1771 1552 quod

980 1565 1134 1592 contrarios
1161 1572 1303 1592 sermones
1328 1565 1471 1597 admittat;
1499 1565 1547 1592 sed
1572 1564 1594 1592 si
1618 1569 1647 1591 et
1668 1564 1772 1591 dicitur

980 1611 1099 1638 visibilis
1116 1610 1188 1638 idem
1207 1618 1278 1637 unus
1292 1610 1431 1642 Christus,
1444 1618 1498 1637 non
1512 1611 1664 1638 secundum
1681 1610 1769 1643 idem;

980 1665 1031 1684 nec
1044 1657 1149 1691 pariter
1162 1666 1168 1683 :
1194 1667 1202 1683 ε
1217 1656 1397 1684 Mortificatus
1413 1657 1525 1692 quidem
1540 1664 1633 1689 carne,
1650 1656 1772 1684 viviﬁca-

980 1707 1024 1729 tus
1034 1707 1125 1729 autem
1145 1702 1259 1737 spiritu;
1275 1712 1283 1729 ι
1302 1706 1330 1730 et
1342 1703 1409 1730 illud
1431 1711 1438 1729 :
1462 1712 1470 1728 ι
1483 1702 1550 1729 Nam
1567 1702 1630 1730 etsi
1645 1707 1772 1730 mortuus

980 1753 1022 1776 est
1037 1757 1071 1776 ex
1092 1749 1263 1780 inﬁrmitate,
1282 1749 1331 1776 sed
1353 1749 1422 1776 vivit
1441 1757 1475 1776 ex
1492 1749 1593 1776 virlute
1609 1749 1634 1782 l’;
1653 1759 1662 1775 ι
1689 1753 1716 1776 et
1731 1749 1771 1776 si-

980 1787 1078 1821 milia':
1101 1803 1155 1822 non
1184 1795 1211 1821 in
1226 1795 1323 1822 eodem
1341 1795 1414 1822 enim
1441 1803 1518 1827 sane,
1534 1803 1586 1823 nec
1601 1804 1607 1822 :
1625 1805 1635 1820 ι
1649 1796 1678 1822 In
1695 1795 1770 1830 priu-

978 1840 1051 1876 cipio
1072 1846 1132 1868 erat
1154 1841 1295 1874 Verbum;
1315 1850 1324 1866 ι
1343 1845 1371 1868 et
1388 1850 1394 1867 :
1417 1851 1425 1866 ι
1439 1841 1560 1868 Verbum
1584 1849 1647 1868 caro
1666 1841 1769 1868 factum

978 1891 1031 1917 est,
1049 1895 1057 1912 ι
1078 1886 1256 1921 cogitandum
1271 1895 1278 1914 :
1296 1887 1329 1914 de
1345 1887 1436 1915 Verbo
1456 1887 1530 1914 enim
1547 1895 1599 1914 nec
1618 1886 1772 1914 secundum

977 1932 1135 1967 quodquam
1161 1933 1271 1960 initium
1290 1932 1393 1960 factum
1419 1933 1505 1960 fuisse
1530 1933 1679 1960 testiﬁcans
1703 1933 1771 1960 dicit

977 1978 1051 2012 quod
1068 1983 1112 2006 est
1124 1979 1158 2006 ab
1176 1979 1266 2011 initio,
1283 1987 1345 2006 mox
1367 1980 1440 2014 quod
1462 1987 1527 2007 caro
1546 1979 1648 2007 factum
1665 1985 1707 2006 est
1723 1979 1771 2005 ad-

980 2023 1030 2050 dit.
1057 2023 1109 2050 Sed
1131 2023 1264 2050 increduli
1280 2023 1371 2051 Verbo
1389 2023 1508 2051 ﬁdeliter
1524 2024 1683 2051 incredulos
1708 2031 1769 2052 esse

980 2077 1029 2103 per
1053 2069 1187 2096 insaniam
1215 2069 1345 2096 videntur
1366 2079 1373 2095 :
1393 2070 1470 2096 novit
1486 2070 1571 2103 enim,
1589 2069 1680 2102 aiunt,
1696 2077 1767 2104 quo-

979 2115 1061 2143 modo
1078 2115 1122 2142 illa
1149 2115 1214 2142 huic
1242 2115 1318 2147 ﬁent,
1344 2109 1508 2143 licet-uobis
1523 2116 1707 2151 impossibilia
1730 2115 1771 2142 vi-

978 2159 1096 2187 deantur
1114 2168 1120 2186 :
1138 2159 1185 2186 sed
1203 2160 1272 2186 nihil
1296 2163 1349 2187 tam
1366 2159 1494 2186 insanum
1516 2164 1563 2187 aut
1584 2164 1689 2187 natura:
1704 2167 1770 2187 con«

978 2205 1094 2232 trarium
1110 2205 1178 2232 dixit
1193 2205 1226 2232 de
1239 2205 1331 2240 seipso
1348 2213 1468 2240 unquam
1479 2206 1612 2238 Verbum,
1626 2214 1642 2233 0
1657 2206 1771 2238 fratres;

977 2251 1144 2286 particulare
1165 2251 1193 2278 in
1219 2251 1270 2279 hac
1298 2251 1451 2286 quaestione
1481 2251 1668 2284 stabiliamus,
1694 2251 1770 2287 quod

173 2343 229 2373 μα’.
251 2340 311 2366 Ἔτι
335 2341 352 2374 ἡ
378 2339 460 2374 φύσις
478 2341 496 2376 ἡ
521 2340 582 2367 Θεία
605 2341 695 2376 πάντη
719 2342 811 2377 ἁπλῆ’
834 2342 851 2377 ἡ
875 2340 924 2371 οὖν

1011 2341 1056 2368 41.
1077 2341 1175 2368 Adhuc
1199 2345 1299 2369 natura
1316 2341 1408 2369 divina
1430 2350 1544 2377 prorsus
1569 2343 1703 2378 simplex:
1721 2354 1771 2374 na-

136 2386 216 2419 φύσις
239 2385 274 2420 ῆι
299 2394 367 2419 φατε
394 2386 458 2420 μίαν
483 2383 552 2413 εἶναι
577 2386 624 2413 τοῦ
649 2388 779 2423 Χριστοῦ,
796 2387 924 2419 σύνθετός

134 2432 220 2463 ἐστιν,
249 2430 266 2466 ἢ
284 2432 373 2466 ἁπλῇ
390 2432 420 2458 ΕΞ
440 2432 489 2467 μὲν
500 2430 548 2462 οὖν
569 2433 653 2468 ἁπλῆ,
675 2433 733 2464 πῶς
760 2433 885 2465 σύνθετος
911 2434 925 2459 ὀ

134 2477 267 2512 Χριστός
286 2478 311 2504 εί
336 2478 364 2505 δὲ
387 2478 513 2511 σύνθετος
529 2480 545 2514 ἡ
561 2479 642 2514 φύσις
654 2480 747 2513 αὑτοῦ,
770 2479 828 2512 πῶς
846 2479 923 2513 θείας

134 2523 238 2550 Οὐκοῦν
258 2524 367 2559 ἀληθῶς
396 2525 446 2560 μία
471 2526 520 2559 μὲν
541 2526 668 2557 σύνθετος
687 2527 748 2558 ταῖς
773 2526 886 2560 φύσεσιν
907 2527 924 2561 ἡ

134 2569 286 2602 ὑπόστασις
301 2591 308 2603 ,
332 2570 381 2597 δύο
403 2571 431 2597 δὲ
457 2572 484 2597 αἱ
509 2571 604 2606 φύσεις
623 2571 671 2598 τοῦ
688 2572 824 2601 Δεσπότου
846 2571 925 2608 ἡμῶν

133 2615 253 2650 Χριστοῦ
267 2616 312 2642 τοῦ
325 2616 453 2651 ἀληθινοῦ
467 2617 547 2643 Θεοῦ.

170 2661 224 2696 μβ’.
247 2661 279 2687 Εἰ
297 2661 363 2697 μίαν
385 2662 467 2697 φύσιν
480 2661 528 2688 τοῦ
547 2662 614 2688 Θεοῦ
637 2662 724 2696 Λόγου
746 2661 922 2697 σεσαρκωμέ-

132 2716 178 2734 νου
195 2708 242 2734 καὶ
258 2709 288 2734 οὐ
303 2709 518 2744 σεσαρκωμένην
536 2708 651 2742 εἴποιτε,
678 2709 735 2740 πῶς
749 2708 779 2735 οὐ
800 2707 924 2742 φανερῶς

131 2755 182 2790 τὴν
206 2755 343 2791 πατρικὴν
375 2755 551 2782 διδασκαλίαν
581 2754 809 2790 παραχαράξετε;
845 2753 868 2780 εί
895 2754 925 2781 δὲ

132 2802 350 2837 σεπαρκωμένην
381 2801 549 2836 ὁμολογεῖτε,
572 2802 618 2828 καὶ
651 2802 681 2828 οὐ
712 2800 924 2836 αεσαρκωμένου

166 2883 175 2897 ¹
196 2881 447 2917 Ephes.l,l9,20.“
467 2882 535 2909 Psal.
560 2890 596 2910 III.
615 2881 642 2908 6.
682 2882 689 2896 ⁸
719 2879 785 2906 Crit.
816 2888 893 2912 xtllx,
911 2881 938 2908 9.

977 2392 1038 2414 tura
1061 2394 1126 2422 ergo
1139 2395 1221 2422 quam
1243 2387 1336 2414 dicitis
1349 2396 1431 2414 unam
1451 2396 1512 2416 esse
1527 2388 1641 2422 Christi,
1657 2398 1770 2426 compo-

978 2432 1029 2459 sita
1045 2436 1098 2464 est,
1121 2441 1155 2459 an
1167 2433 1302 2468 simplex?
1319 2433 1347 2460 Si
1365 2433 1481 2469 simplex
1493 2435 1617 2469 quidem,
1630 2437 1771 2471 quomodo

978 2478 1147 2513 compositus
1168 2478 1317 2506 Christus?
1341 2478 1369 2506 Si
1395 2487 1461 2507 vero
1488 2477 1640 2516 composita
1670 2487 1770 2511 natura

977 2525 1047 2560 ejus,
1072 2525 1211 2560 quomodo
1226 2518 1426 2560 divina‘lErgo
1443 2534 1510 2554 vero
1529 2535 1580 2555 una
1594 2527 1705 2562 quidem
1720 2536 1770 2556 na~

979 2571 1048 2598 turis
1077 2572 1230 2606 composita
1255 2572 1446 2606 subsistentia,
1483 2573 1544 2600 dum
1568 2581 1633 2601 vero
1657 2574 1769 2602 Domini

977 2616 1065 2644 nostri
1087 2616 1192 2644 Christi
1213 2617 1270 2646 vcri
1292 2618 1351 2651 Dei,
1369 2622 1487 2647 naturae.

1012 2663 1056 2691 42.
1077 2662 1106 2689 Si
1128 2662 1236 2690 urticam
1253 2667 1379 2691 naturam
1400 2663 1449 2690 Dei
1466 2662 1548 2691 Verbi
1575 2663 1722 2695 incarnati,
1739 2668 1768 2691 et

976 2715 1031 2735 non
1041 2708 1212 2735 incarnatum
1225 2708 1334 2740 dicatis,
1344 2708 1483 2744 quomodo
1489 2717 1542 2735 non
1554 2713 1646 2744 aperte
1654 2713 1769 2744 paterna

977 2755 1142 2782 documenta
1160 2755 1344 2783 adulteratis?
1365 2755 1394 2782 Si
1410 2755 1578 2783 incarnatam
1596 2755 1769 2784 conﬁtemini

977 2805 1005 2828 ct
1021 2808 1075 2828 non
1095 2800 1230 2828 incarnati
1247 2801 1327 2830 Vcrbi
1344 2800 1452 2828 unicam
1469 2801 1572 2833 dicitis,
1591 2805 1704 2836 propter
1715 2802 1770 2829 hor:

1006 2882 1014 2896 ⁸
1036 2881 1056 2907 ll
1081 2879 1143 2908 Cor.
1166 2889 1221 2913 xui,
1241 2880 1257 2906 ι
