1963 3077
179 171 247 205 1795

780 186 784 196 ι
801 173 954 207 LEONTH
982 174 1182 206 BYZANTKNI

1733 177 1800 210 1796

177 236 258 258 erunt
266 231 326 258 duae
337 236 443 259 naturae
452 232 579 260 Christus
589 240 604 260 e
615 233 705 260 Verbo
715 238 741 260 et
752 242 844 261 carne.
858 235 965 262 Etenim

1020 234 1063 261 τοῦ
1076 235 1162 269 Λόγου
1182 235 1246 270 μίαν
1259 235 1338 269 φατὲ,
1352 235 1395 261 διὰ
1408 235 1467 261 τόδε
1489 235 1552 261 αὐτὸ
1563 233 1609 261 δύο
1623 234 1717 268 φύσεις
1728 234 1803 261 ἔσται

177 280 321 311 propterea
333 277 406 311 quod
420 285 472 303 una
484 277 531 304 Dei
545 277 626 305 Verbi
648 282 744 305 natura
757 279 882 313 perfecta
895 287 963 307 con—

177 321 295 349 fessione
309 323 390 349 etiam
405 322 611 357 prteaﬂirmatur
629 328 658 351 et
669 325 772 359 absque
784 333 878 356 carne,
895 326 963 352 nillil

176 367 444 401 ampl-iusostendet
480 369 610 396 adunatio
635 369 661 396 in
689 375 828 403 naturam,
859 371 882 398 si
910 379 964 398 una

177 412 317 440 remansit.
341 413 462 441 Petimus
489 414 562 441 enim
580 422 595 441 a
612 415 690 442 vobis
707 424 714 442 :
729 415 825 443 Nonne
840 425 902 443 curn
914 424 964 443 na-

177 460 239 483 tura
252 457 343 484 carnis
357 457 439 485 Verbi
454 462 579 486 naturam
597 460 765 488 incarnatam
782 462 963 494 conﬁtemini,

176 509 210 528 an
230 502 307 528 non?
329 501 356 529 Si
370 510 436 538 ergo
463 504 575 538 quidem
598 513 664 538 non,
686 511 733 533 aut
755 514 822 533 voce
846 511 963 540 tantum,

175 551 224 574 aut
240 547 407 582 imaginandi
421 549 446 575 vi
459 569 465 580 .
482 554 530 577 aut
547 551 623 578 verbi
644 555 734 586 tropo,
748 552 965 580 incarnationem

176 600 291 620 noscere
307 601 355 620 vos
370 595 541 622 conceditur.
556 596 585 631 Si
601 605 667 623 vero
685 605 745 624 cum
770 599 862 626 carnis
883 604 964 626 natu-

177 647 206 666 ra
220 644 346 666 naturam
365 640 534 667 incantatam
550 641 634 669 fuisse
650 635 732 670 Vérbi
754 643 856 677 dicitis,
883 645 964 672 aliam

156 681 163 687 ’
176 684 367 712 incarnantem
382 690 410 713 et
425 686 505 713 aliam
521 687 690 715 ineat-natam
703 689 730 715 in
746 687 798 716 una
813 692 964 725 composita

175 729 276 756 Christi
303 738 419 765 persona
457 737 614 761 noscentes.
646 735 786 768 quomodo
817 744 964 764 numerare.

176 775 280 811 absque
297 777 458 811 duplicitate
482 778 542 805 illas
564 779 683 807 valetis?

212 821 255 847 47..
278 821 362 849 Unica
378 823 436 850 hazc
457 823 506 850 Dei
521 824 603 851 Verbi
629 825 768 853 incarnata
792 833 901 859 natura.
918 833 966 856 aut

177 865 248 893 idem
272 871 312 894 est
335 868 368 894 ad
397 869 477 895 unica
504 869 561 897 hanc
580 875 608 897 et
627 871 654 897 in
675 880 775 899 vanum
792 873 902 901 additur
921 875 964 902 in-

177 916 300 943 carnata,
327 912 353 938 in
383 913 461 947 cujus
483 914 669 942 deﬁnitionem
690 924 745 943 non
768 918 880 945 omnino
902 927 967 946 con-

178 955 289 982 tendere
304 961 345 983 est
358 957 454 992 dequo
467 967 540 986 nunc
552 959 691 995 indagatio
705 969 710 987 :
724 966 773 989 aut
786 970 847 989 eum
859 963 967 992 duabus

178 1001 285 1028 naturis
310 1003 432 1029 eamdem
451 1004 656 1032 conclusionem
681 1013 854 1039 communem
871 1009 965 1041 habet,

177 1051 206 1074 et
217 1046 316 1075 frustra
327 1048 457 1076 adversus
481 1058 531 1077 nos
553 1050 738 1082 invehuntur:
761 1058 808 1080 aut
824 1062 875 1082 nec
889 1063 966 1090 pror-

178 1099 224 1119 sus
241 1093 319 1120 unica
339 1099 380 1121 est
393 1103 443 1122 nec
459 1095 530 1128 dure,
541 1100 570 1123 et
580 1105 692 1126 necesse
706 1104 748 1126 est
763 1105 793 1126 ut
809 1108 889 1128 unam
904 1109 964 1128 cum

176 1137 313 1166 divisione
335 1139 426 1168 dicant
448 1141 500 1176 ipsi
524 1143 672 1170 novissime
695 1144 840 1179 loquentes
855 1152 885 1173 ut
902 1155 966 1182 par-

179 1183 244 1209 vuli.

212 1227 256 1254 Μ.
277 1227 449 1255 Melioratum
472 1234 514 1257 est
529 1231 633 1265 aliquid
649 1232 683 1259 de
699 1232 782 1262 rebus
806 1235 834 1262 in
850 1230 965 1263 Domino

179 1273 331 1300 naturalem
356 1275 576 1302 meliorationem
599 1284 744 1305 assumens
768 1283 829 1313 post
843 1285 964 1307 sanctam

177 1318 239 1350 ejus
263 1317 509 1352 resurrectionem,
533 1321 685 1349 secundum
708 1331 769 1357 quae
794 1329 822 1351 et
848 1324 966 1360 Cyrillus

179 1365 258 1390 l'ater
284 1364 318 1391 ad
334 1363 463 1393 Acacium
489 1364 556 1392 dicit
579 1371 607 1393 et
638 1367 739 1402 reliqui
759 1369 867 1402 Patres,
881 1378 914 1396 an
931 1371 966 1397 si-

180 1409 251 1436 milis
275 1409 366 1436 omnis
386 1410 446 1445 ejus
474 1415 572 1438 natura
594 1420 676 1446 quam
699 1413 794 1440 dicunt
811 1422 906 1446 unam,
924 1423 966 1442 re-

180 1454 301 1481 mansit?
326 1452 354 1482 Si
373 1463 438 1490 ergo
453 1456 565 1490 quidem
581 1465 634 1484 non
652 1459 826 1486 melioratum
850 1465 902 1492 est,
919 1466 966 1488 aut

179 1504 207 1527 et
229 1508 303 1528 nunc
329 1502 477 1536 passibilis,
498 1507 546 1529 aut
560 1511 611 1530 nec
630 1508 689 1531 erat
707 1511 770 1532 ante
785 1507 966 1534 resurrectio-

984 901 1004 928 Β

180 1554 242 1573 nem
268 1546 420 1581 passibilis;
448 1547 595 1576 mendaces
616 1554 644 1576 et
660 1551 707 1585 qui
727 1551 822 1578 dicunt
839 1553 966 1580 meliora-
979 1569 1001 1600 ο

181 1591 283 1619 tionem
299 1591 479 1621 humanitatis
500 1595 560 1630 ejus
577 1603 673 1622 omnes
692 1595 835 1631 magistri;
852 1598 874 1624 si
900 1606 965 1626 vero

181 1637 324 1665 meliorata
347 1643 388 1665 est
410 1639 529 1674 perfecta
539 1640 663 1675 quaedam
680 1645 775 1668 natura
788 1643 815 1669 in
834 1643 903 1677 ipso,
919 1648 966 1671 aut

182 1687 239 1710 tota
263 1691 317 1710 una
340 1685 398 1718 ipsa
411 1689 452 1712 est
464 1693 546 1720 quam
566 1685 672 1720 dicunt,
685 1691 713 1714 et
725 1687 779 1714 erit
795 1693 823 1715 et
837 1689 966 1716 divinitas

181 1729 240 1764 ejus
257 1729 284 1756 in
300 1737 476 1765 progressum
491 1727 720 1766 impassibilitatis
737 1737 796 1759 acta
810 1742 816 1759 :
841 1738 889 1760 aut
903 1742 966 1769 pars

181 1775 240 1808 ejus
261 1783 436 1810 progressum
456 1784 516 1810 qute
532 1777 606 1808 fecit,
625 1777 747 1812 perfecta
772 1783 870 1806 natura
885 1784 928 1807 est
939 1785 967 1808 et

182 1827 355 1855 progressum
374 1829 429 1848 non
453 1821 611 1855 admittens,
634 1826 680 1849 aut
704 1831 785 1850 unam
801 1832 860 1852 esse
877 1825 967 1860 perfe-

181 1867 252 1892 ctam
276 1869 401 1893 naluram
423 1867 466 1905 vel
495 1870 599 1902 partem
628 1866 721 1894 dicere
746 1872 890 1905 cogentur;
920 1873 967 1896 aut

183 1911 381 1945 blasphemare,
417 1902 496 1946 pieve
529 1916 611 1947 agere
637 1913 782 1940 audientes
808 1921 870 1940 cum
901 1915 966 1950 ipsis

181 1957 363 1984 adducentur.

215 2002 258 2029 45.
289 2002 316 2030 Si
343 2002 574 2037 quemadmodum
599 2003 755 2031 diceremus
783 2004 816 2032 de
843 2003 966 2039 homine,

182 2048 289 2075 unicam
312 2053 438 2076 naturam
468 2049 501 2076 de
524 2049 640 2076 Domino
662 2050 838 2084 profitentur.
863 2053 967 2085 pariter

181 2093 216 2122 de
238 2094 349 2121 homine
364 2102 425 2121 cum
452 2095 488 2121 sit
511 2102 526 2121 e
552 2094 663 2121 duobus
679 2095 772 2127 homo,
794 2096 900 2129 dicunt;
919 2097 965 2124 sed

180 2141 263 2168 bono
276 2149 330 2168 non
341 2147 375 2168 ex
385 2141 593 2175 pimexsisteute
606 2141 696 2167 anima
708 2145 735 2167 et
745 2149 859 2176 corpore
871 2142 964 2169 datur:

180 2194 213 2214 ex
230 2186 396 2221 cogitatione
413 2186 486 2212 enim
502 2186 558 2212 sola
576 2187 752 2220 proprietatis
773 2194 967 2220 prrecxpouen-

1016 281 1029 306 ὁ
1043 281 1074 306 ἐκ
1090 281 1176 314 Λόγου
1193 284 1238 306 καί
1255 280 1355 315 σαρκὸς
1366 280 1482 315 Χριστός
1493 289 1499 295 ·
1514 280 1643 314 διότιγὰρ
1659 280 1706 314 μία
1725 279 1804 314 φύσις

1015 325 1064 351 τοῦ
1081 325 1149 351 Θεοῦ
1178 325 1264 358 Λόγου
1294 325 1404 360 ἐντελὴς
1430 326 1478 360 ἦδε
1504 325 1730 360 προωμολόγηται
1757 325 1804 350 καὶ

1015 371 1079 396 ἄνευ
1103 370 1214 405 σαρκὸς,
1237 370 1312 396 οὐδὲν
1329 370 1412 402 δείξει
1431 370 1590 405 καινότερον
1608 370 1624 404 ἠ
1647 369 1745 401 Evolat;
1763 370 1804 401 είς

1016 417 1107 449 φύσιν.
1133 417 1179 442 ὲὰν
1199 417 1248 451 μία
1273 416 1438 451 μεμένηκεν.
1460 416 1606 450 Πυθόμεοα
1630 417 1684 450 γὰρ
1707 415 1801 450 ὑμῶν·

1015 460 1088 497 *Αρά
1098 471 1129 496 γε
1139 462 1219 497 φύσει
1230 463 1330 498 σαρκὸς
1345 464 1394 497 τὴν
1407 462 1488 496 φύσιν
1500 461 1547 488 τοῦ
1563 462 1649 496 Λόγου
1663 469 1803 496 σεσαρκω-

1017 508 1100 542 μένην
1114 508 1282 543 ὁμολογεῖτε,
1301 508 1316 543 ἦ
1334 508 1412 542 noxi;
1429 508 1461 534 Εἰ
1480 508 1529 542 μὲν
1545 505 1591 534 οὖν
1607 508 1677 542 οὺχδ,
1697 507 1713 541 ἦ
1733 506 1804 542 λόγῳ

1017 553 1107 587 μόνον,
1128 553 1144 588 ἦ
1162 554 1305 589 φαντασίᾳ,
1321 553 1337 588 ἢ
1352 554 1439 588 τροπῇ
1460 553 1508 579 τοῦ
1522 553 1612 586 λίγου,
1631 553 1679 588 τὴν
1698 554 1804 588 σαρκω-

1017 606 1059 624 σιν
1074 598 1171 625 ειδέναι
1197 600 1270 633 bimi;
1300 598 1495 625 ἀπολείπεται·
1516 599 1541 624 εἰ
1562 597 1685 632 δὲφύσει
1703 598 1803 632 σαρκὸς

1015 643 1064 678 τὴν
1085 643 1166 677 φύσιν
1181 643 1373 679 σεσαρκῶσθαι
1389 642 1436 669 τοῦ
1457 643 1543 676 Λόγου
1558 643 1638 676 φατὲ,
1652 641 1736 676 ἄλλην
1753 643 1803 676 τὴν

1017 689 1181 723 σαρκοῦσαν,
1201 689 1248 715 καὶ
1270 689 1353 723 ἄλλην
1374 688 1424 723 τὴν
1447 688 1638 722 σαρκουμένην
1664 689 1693 713 ἐν
1709 687 1747 722 τῷ
1763 687 1803 714 ἑνὶ

1016 734 1135 769 συνθέτῳ
1149 734 1288 769 προσώπῳ
1307 735 1426 770 Χριστοῦ
1441 734 1637 769 γινώσκοντες,
1659 733 1718 764 πῶς
1743 734 1802 768 ἀρι-

1017 781 1078 815 μείν
1091 780 1155 807 ἄνευ
1170 780 1264 813 δυάδος
1279 780 1379 812 ταύτας
1397 780 1560 816 δυνήσεσθε;

1053 829 1108 861 μγ¹.
1134 827 1167 853 Ἦ
1185 827 1234 861 μία
1254 827 1391 861 φύσιςτοῦ
1409 827 1476 853 Θεοῦ
1495 828 1580 861 Λόγου
1595 825 1800 860 σεσαρκωμένη,

1016 871 1033 906 ἢ
1050 873 1148 898 ταυτόν
1164 873 1221 899 ἐστι
1235 874 1268 908 τῇ
1294 873 1353 908 μιᾷ,
1372 873 1418 899 καὶ
1437 873 1570 908 περιττῶς
1584 873 1742 908 πρόσκειται
1760 871 1799 903 τὸ,

1018 919 1226 953 σεσαρκωμένη,
1253 920 1292 950 εὶς
1317 919 1492 953 παράστασιν
1514 918 1597 944 ποσοῦ
1611 919 1641 944 οὺ
1666 919 1800 944 συντεῖνον

1017 961 1094 993 ὅλως,
1114 963 1178 998 περὶ
1201 959 1230 989 οὗ
1255 963 1302 989 νῦν
1326 964 1341 998 ὴ
1367 963 1498 998 ζὴτησις’
1522 963 1537 998 ἢ
1563 965 1622 994 ταῖς
1643 963 1688 988 δύο
1704 963 1800 996 φύσεσι

1017 1008 1114 1034 ταυτὸν
1140 1009 1263 1042 συνάγει,
1292 1009 1338 1035 καὶ
1366 1009 1454 1043 μάτην
1478 1009 1541 1043 ἡμῖν
1558 1009 1762 1043 ἁντιφέρονται·
1783 1008 1799 1042 ἢ

1016 1053 1078 1079 οὔτε
1098 1053 1147 1088 μία
1169 1055 1256 1089 πάντη
1280 1055 1365 1088 ἐστὶν,
1382 1055 1444 1082 οὕτε
1466 1055 1523 1087 δύο,
1547 1055 1593 1082 καὶ
1614 1055 1720 1090 ἀνάγκη
1737 1055 1800 1090 μίαν

1018 1097 1066 1123 σὺν
1082 1098 1258 1133 ὲπιμερισμῷ
1273 1098 1362 1133 λέγειν
1375 1099 1473 1131 αὐτοὺς
1490 1099 1592 1134 ἔσχατα
1607 1098 1798 1134 νηπιάξοντας.

1052 1229 1105 1263 μδ’.
1141 1228 1324 1265 ἐκρειττώθη
1348 1234 1377 1257 τι
1404 1231 1459 1257 τῶν
1484 1231 1531 1258 τοῦ
1556 1231 1659 1267 Κυρίου
1686 1232 1801 1267 φυσικὴν

1016 1274 1177 1310 κρείττωσιν
1193 1275 1275 1302 λαϐὸν
1289 1276 1357 1310 μετᾶ
1376 1276 1425 1311 τὴν
1445 1277 1527 1311 ἁγίαν
1542 1277 1624 1303 αὑτοῦ
1641 1278 1799 1309 ἀνάστασιν,

1016 1319 1077 1346 καθ’
1097 1319 1115 1346 ἃ
1135 1319 1272 1355 Κύριλλός
1298 1330 1326 1347 τε
1348 1323 1362 1347 ὸ
1384 1322 1478 1356 Πατήρ
1498 1331 1562 1357 φησι
1579 1323 1645 1359 ’πρὸς
1666 1324 1800 1355 ’Λκάκιον,

1016 1365 1063 1391 καὶ
1079 1366 1103 1391 οἱ
1118 1365 1208 1392 λοιιιιο)⁵
1221 1366 1353 1402 Πατέρες,
1370 1367 1387 1402 ἦ
1401 1362 1500 1403 ὁμοίως
1517 1368 1617 1403 ἔχουσα
1632 1369 1705 1395 πᾶσα
1719 1369 1800 1394 αὑτοῦ

1015 1412 1031 1446 ἡ
1050 1412 1140 1445 φύσις,
1162 1412 1194 1448 ἥν
1209 1421 1275 1446 φασι
1295 1413 1369 1449 μίαν,
1388 1414 1562 1448 μεμένηκενς
1578 1415 1609 1440 El
1625 1415 1674 1448 μὲν
1690 1413 1735 1440 οὖν
1752 1415 1801 1441 οὐκ

1016 1457 1194 1492 ὲκρειττώοη,
1223 1458 1238 1493 ῆ
1272 1458 1318 1484 καὶ
1349 1459 1396 1485 νῦν
1415 1459 1534 1494 παθητὴ,
1558 1459 1654 1495 ῆοὺδὲ
1683 1459 1735 1494 πρὸ
1753 1461 1800 1494 τῆς

1016 1503 1192 1534 ἀναστάσεως
1208 1502 1243 1540 ἦν
1261 1504 1385 1540 παθητή·
1401 1505 1507 1539 ψευδεῖς
1526 1514 1555 1531 τε
1571 1506 1595 1531 oi
1612 1502 1735 1539 ὶξέγοντες
1754 1506 1801 1540 τὴν

1017 1549 1178 1583 κρείττωσιν
1191 1549 1241 1583 τῆς
1255 1549 1462 1584 ἀνθρωπότητος
1476 1549 1559 1576 αὑτοῦ
1575 1550 1674 1582 πάντες
1683 1552 1707 1577 οι
1731 1551 1802 1578 διδά-

1018 1593 1110 1619 σκαλοι
1136 1602 1143 1609 ·
1171 1595 1195 1620 εί
1226 1594 1254 1620 δὲ
1287 1595 1451 1631 ἐκρειττώθη
1472 1596 1563 1622 τελεία
1595 1605 1636 1627 τις
1660 1596 1741 1630 φύσις
1773 1598 1802 1622 ὲν

1016 1638 1100 1673 αὐτῷ,
1118 1638 1133 1673 ἢ
1151 1638 1199 1673 ὅλη
1220 1640 1236 1673 ὴ
1262 1638 1309 1673 μία
1332 1639 1401 1675 αὖτη
1428 1641 1503 1666 ἐστὶν
1523 1640 1557 1675 ἣν
1572 1633 1650 1674 φασιξ
1666 1641 1712 1666 καὶ
1728 1640 1802 1666 ἔσται

1016 1685 1088 1720 καὶὴ
1102 1684 1196 1719 θεότης
1209 1685 1292 1711 αὑτοῦ
1308 1685 1347 1716 είς
1361 1686 1503 1721 προκοτιὴν
1524 1683 1658 1717 ἀπαθείας
1673 1686 1784 1721 ἀχθεῖσα
1794 1694 1800 1700 ·

1016 1729 1033 1764 ἢ
1050 1730 1132 1765 μέρος
1152 1730 1235 1756 αὐτοῦ
1253 1731 1282 1756 τὸ
1300 1731 1440 1766 προκύψαν
1464 1731 1554 1757 τελεία
1571 1732 1651 1765 φύσις
1671 1732 1738 1762 ἐστὶ,
1757 1733 1802 1757 καὶ

1016 1775 1046 1801 τὸ
1059 1776 1203 1811 προκοπὴν
1216 1776 1266 1802 οὐκ
1282 1775 1484 1811 ὲπιδεξάμενον,
1497 1778 1513 1812 ἣ
1530 1778 1595 1812 μίαν
1611 1775 1680 1804 εἷναι
1698 1777 1803 1803 τελείαν

1017 1820 1108 1854 φύσιν,
1134 1821 1151 1855 ἦ
1179 1821 1273 1856 μόριον
1298 1821 1391 1855 λέγειν
1423 1823 1698 1857 ἀναγκασϐήσονται⁸
1719 1823 1766 1849 καὶ
1786 1823 1802 1857 ἦ

1018 1863 1187 1902 βλασφημεῖν
1204 1867 1220 1902 ἢ
1234 1867 1355 1894 εὐσεϐεῖν
1372 1867 1516 1900 ἀκούοντες
1531 1868 1750 1903 συγκλιθήσεται.

1056 2000 1107 2032 με’.
1129 1998 1160 2024 El
1179 1999 1280 2033 ὁμοίως
1295 1999 1332 2034 τῷ
1352 1998 1490 2034 ἀνθρώπῳ
1517 1995 1580 2034 μίαν
1595 1998 1644 2033 τὴν
1665 1998 1745 2032 φύσιν
1756 1996 1804 2025 ἐπὶ

1017 2044 1063 2070 τοῦ
1078 2044 1213 2070 Δεσπότου
1229 2046 1320 2079 φασὶν,
1337 2045 1437 2079 ὁμοίως
1453 2045 1491 2080 τῷ
1509 2045 1643 2081 ἀνθρώπῳ
1656 2046 1701 2072 καὶ
1727 2045 1756 2071 τὺ
1772 2046 1803 2070 ὲκ

1017 2090 1063 2117 δύο
1082 2091 1189 2125 φύσεων
1218 2091 1264 2117 ἐπὶ
1286 2091 1334 2117 τοῦ
1358 2091 1440 2117 αὑτοῦ
1463 2089 1532 2117 εἶναι
1556 2091 1697 2124 λέγουσιν’
1719 2090 1775 2116 ἀλλ’
1789 2091 1803 2116 ό

1018 2138 1160 2173 ἄνθρωπος
1177 2139 1226 2164 οὐκ
1242 2140 1273 2164 ὲκ
1287 2138 1518 2174 προϋπαρχούσης
1539 2137 1629 2172 ψυχῆς
1646 2146 1675 2164 τε
1691 2134 1736 2163 καὶ
1752 2136 1801 2162 σώ-

1020 2192 1102 2218 ματος
1121 2183 1244 2211 δέδοται·
1267 2182 1371 2218 ἐπινοίᾳ
1388 2184 1441 2217 γὰρ
1459 2184 1527 2218 μόνῃ
1544 2182 1591 2210 τοῦ
1616 2180 1716 2209 οίκείου
1737 2191 1799 2215 προ-

181 2236 222 2259 tes
238 2231 364 2266 proprias
376 2237 479 2266 partes.
496 2239 510 2258 e
529 2231 638 2257 duobus
653 2231 687 2257 de
706 2231 816 2258 homine
833 2232 964 2266 dicimus;

1020 2229 1137 2259 τιθέντες
1148 2228 1181 2253 τὰ
1199 2228 1252 2254 ἴδια
1267 2228 1349 2263 μέρη,
1369 2228 1400 2253 τὺ
1417 2229 1448 2253 ὲκ
1463 2227 1509 2253 δύο
1531 2228 1577 2253 ἐπὶ
1601 2226 1678 2252 τοῦδέ
1693 2233 1781 2259 φαμεν
1794 2231 1800 2238 ’

180 2278 254 2313 quod
277 2286 344 2305 vero
374 2277 407 2304 ad
424 2277 569 2304 Dominum
594 2283 649 2303 nou
671 2276 837 2312 imaginandi
861 2278 885 2304 vi
901 2286 968 2312 pra:-

180 2325 315 2352 exsistere
330 2324 449 2351 Verbum
462 2331 516 2358 pne
529 2322 638 2357 propria
655 2323 855 2356 compositione
868 2324 968 2350 asseri-

180 2377 242 2397 mus
260 2374 331 2397 sicut
346 2369 379 2397 de
396 2369 525 2402 homine;
538 2369 561 2396 si
579 2375 644 2395 vero
663 2377 718 2395 non
734 2366 861 2396 similiter
881 2377 966 2396 unum

180 2425 195 2444 e
219 2417 327 2444 duobus
352 2416 385 2443 de
406 2415 523 2442 Domino
545 2417 572 2442 et
590 2414 623 2442 de
642 2415 760 2449 simplici
777 2414 897 2446 homine,
917 2423 967 2442 nec

181 2471 243 2490 cum
261 2463 340 2489 unica
356 2462 476 2489 hominis
489 2465 587 2488 natura
607 2457 732 2487 similiter
748 2457 892 2487 Dominum
920 2458 969 2487 ad-

190 2513 306 2535 unemus
325 2514 331 2533 :
348 2515 407 2541 qua:
428 2506 501 2533 enim
518 2509 736 2540 proponunture
754 2513 808 2531 non
821 2505 967 2537 similibus,

182 2552 300 2589 regulari
314 2553 477 2579 necessitate
497 2559 550 2578 non
563 2551 679 2577 similia:
690 2559 744 2577 non
761 2558 825 2585 ergo
842 2550 896 2577 illis
908 2557 969 2577 "on-

182 2603 343 2627 sentaneum
365 2597 477 2632 penitus
496 2597 663 2632 esemplum,
691 2597 756 2624 licet
779 2596 890 2623 realiter
924 2595 968 2623 di-

181 2649 291 2672 ceretur
318 2650 382 2673 una,
408 2646 435 2669 et
460 2645 565 2668 tantum
588 2648 697 2675 semper
720 2648 772 2667 una
796 2640 968 2667 demonstra-

182 2693 258 2716 retur
283 2687 401 2714 hominis
421 2692 529 2713 natura.

216 2735 260 2762 46.
279 2734 306 2761 Si
322 2739 422 2760 natura
447 2731 583 2767 passibilis
599 2738 663 2758 caro
678 2730 760 2758 Verbi
783 2737 838 2756 non
854 2729 910 2756 visa
928 2733 969 2756 est

177 2780 354 2815 impassibilis
368 2782 482 2814 propter
497 2778 691 2804 adunationem
703 2776 736 2804 ad
754 2777 854 2811 ipsum,
866 2780 968 2810 quanto

185 2827 270 2861 magis
288 2830 386 2853 natura
399 2823 572 2859 impassibile
586 2823 718 2855 Verbum,
742 2822 829 2857 ipsum
854 2828 908 2848 nou
926 2820 967 2848 fa-

181 2875 298 2899 ctumest
311 2871 439 2906 possibile
448 2874 559 2904 propter
570 2868 763 2896 adunationem
775 2867 807 2894 ad
822 2866 969 2901 passibile?

1018 2273 1063 2299 ἐπὶ
1083 2273 1111 2298 δὲ
1136 2272 1182 2298 τοῦ
1207 2271 1321 2308 Κυρίου,
1343 2272 1392 2298 οὐκ
1416 2271 1522 2306 ἐπινοίᾳ
1547 2270 1733 2306 προῦπάρχειν
1757 2270 1803 2295 τὸν

1018 2319 1103 2353 Λόγον
1117 2319 1166 2352 τῆς
1185 2319 1251 2349 ἰδίας
1266 2317 1415 2349 συνθέσεώς
1432 2321 1520 2352 φαμεν
1534 2317 1633 2351 ὁμοίως
1646 2316 1685 2350 τῷ
1700 2314 1798 2350 ἀνθρώ-

1019 2372 1077 2400 πῳ’
1094 2365 1118 2390 εἰ
1133 2365 1161 2391 δὲ
1174 2362 1222 2399 οὺχ
1235 2365 1334 2398 ὁμοίως
1350 2365 1379 2389 τὸ
1394 2364 1425 2389 ἐκ
1446 2364 1493 2389 δύο
1510 2363 1555 2388 ἐπὶ
1572 2362 1618 2388 τοῦ
1637 2361 1740 2396 Κυρίου
1757 2362 1803 2387 καὶ

1019 2410 1162 2444 ἀνθρώπου
1180 2409 1269 2444 ψιλοῦ,
1288 2410 1347 2435 οὐδὲ
1372 2411 1405 2444 τῇ
1427 2409 1476 2443 μιᾷ
1497 2407 1543 2434 τοῦ
1565 2407 1708 2442 ἀνθρώπου
1723 2406 1802 2440 φύσει

1018 2455 1253 2491 ὀμοίως“ὲνοῦμεν
1275 2456 1319 2481 τὸν
1339 2456 1456 2489 Κύριον
1476 2456 1510 2480 τὰ
1536 2454 1591 2488 γὰρ
1616 2454 1645 2486 ἐξ
1670 2452 1802 2486 ἀνομοίων

1020 2502 1197 2536 συγκείμενα,
1224 2500 1339 2535 ἀνόμοια
1363 2500 1535 2534 γραμμικαῖς
1558 2499 1692 2532 ἀνάγκαις
1707 2507 1713 2512 ·
1752 2497 1802 2523 οὐκ

1020 2548 1073 2582 ἄρα
1100 2548 1200 2573 οἰκεῖον
1225 2546 1316 2577 αὐτοῖς
1340 2546 1428 2579 πάντη
1448 2545 1478 2571 τὺ
1503 2545 1689 2579 παράδειγμα,
1705 2543 1730 2569 εἰ
1757 2543 1804 2568 καὶ

1023 2595 1106 2626 ὅντως
1123 2594 1173 2629 μία
1190 2593 1309 2627 ἐλέγετο,
1325 2593 1372 2618 καὶ
1391 2592 1478 2627 μόνως
1495 2592 1538 2618 ἀεὶ
1564 2591 1611 2625 μία
1637 2589 1772 2616 ἐδείκνυτο
1787 2589 1804 2622 ἡ

1019 2640 1066 2666 τοῦ
1083 2639 1228 2674 ἀνθρώπου
1247 2637 1337 2673 φύσις.
1514 2672 1516 2674 γ
1684 2643 1686 2645 ·

1057 2728 1114 2764 μετ’.
1137 2727 1167 2754 Ei
1194 2723 1210 2762 ἠ
1243 2722 1322 2761 φύσει
1358 2724 1465 2760 παθητὴ
1493 2724 1561 2759 σὰρξ
1586 2723 1633 2750 τοῦ
1654 2722 1737 2757 Λόγου
1754 2723 1802 2749 οὐκ

1021 2775 1097 2809 ὤφθη
1117 2773 1224 2806 ἀπαθὴς
1238 2772 1281 2798 διὰ
1295 2771 1345 2807 τὴν
1359 2771 1427 2806 πρὸς
1442 2771 1526 2797 αὑτὸν
1539 2771 1646 2803 ἕνωσιν,
1672 2770 1746 2804 πόσῳ
1769 2777 1802 2803 γε

1022 2818 1122 2854 μᾶλλον
1136 2818 1150 2844 6
1169 2817 1249 2851 φύσει
1263 2816 1370 2850 απαῦἡς
1386 2815 1483 2848 Λόγος,
1499 2815 1578 2845 αὐτὸς
1593 2815 1622 2840 οὐ
1638 2814 1731 2848 γέγονε
1751 2823 1802 2840 πα-

1020 2865 1110 2899 θητὺτ,
1122 2863 1165 2889 διὰ
1182 2862 1230 2896 τὴν
1244 2861 1310 2895 πρὸς
1323 2861 1353 2886 τὸ
1370 2861 1489 2895 παθητὸν
1505 2860 1618 2893 ἔνωσιν;
1634 2860 1665 2885 Τί
1677 2857 1722 2885 οὖν
1737 2868 1802 2885 πιλν-
