1963 3077
135 185 206 220 1797

704 178 852 214 CONTRA
870 174 1170 210 MONOPHYSITAS.

1696 178 1765 210 1798

137 245 248 273 θάνεσθῖ
264 243 343 279 ἡμῶν
356 243 393 274 ὡς
413 241 653 277 ἁμφιΰαλλθμένου
670 240 746 271 ΰντος
768 238 833 264 ποῖα
845 235 923 270 φύσις

990 237 1030 263 Zur
1041 244 1107 272 ergo
1120 235 1214 272 petitis
1223 244 1238 263 a
1247 235 1328 264 nobis
1342 240 1470 271 tanquam
1486 243 1514 262 re
1523 235 1551 262 in
1561 234 1647 262 dubio
1658 240 1763 270 protata

137 292 291 328 προήλωτο,
309 289 334 315 εί
364 289 401 324 μὴ
419 287 582 322 θεομάθειαν
603 286 723 320 φυσικὴν
749 284 796 310 καὶ
821 283 852 308 οὺ
876 281 925 316 τὴν

135 338 198 365 κατ’
213 336 350 364 οἰκείωσιν
363 335 458 368 λέγετε
469 341 476 366 ;

173 425 219 459 μζ¹
252 424 284 450 Εἰ
299 422 375 449 ἐστιν
392 423 406 448 ὁ
421 421 509 455 Λόγος
533 419 613 454 φύσει
633 417 752 452 ἀπαθὴς,
766 415 837 443 κατὰ
853 415 883 442 δὲ
897 415 928 442 τὸ

139 470 233 502 simile;
249 468 377 503 λέγεσθαι
393 467 485 497 αὐτοῖς
498 466 599 492 ἔπαθεν
612 464 692 495 αὐτὸς
704 463 740 494 ὡς
757 460 839 494 οἶδεν,
858 459 928 488 οἶδεν

140 516 236 543 ἑαυτὸν
251 516 301 541 οὐχ
325 513 418 548 ἀπαθῆ
435 512 535 548 πάντη,
550 512 575 538 εί
598 511 635 546 μὴ
651 510 745 545 ἀγνοεῖ
760 508 857 536 ἑαυτὸν
877 516 929 534 πα-

139 562 220 597 θητὸν
237 561 311 587 ὄντα.

178 610 234 642 μη’.
254 607 287 632 Ei.
302 605 399 639 ὥσπερ
413 605 464 639 τὴν
478 603 567 639 ψυχὴν
580 602 628 630 καὶ
642 602 673 629 τὺ
687 601 767 636 σῶμα
783 601 854 635 μέρη
867 599 929 626 ὅλου

139 652 188 681 τοῦ
202 652 347 688 ἀνθρώπου
372 652 409 683 ὡς
427 650 541 685 φυσικοῦ
563 650 651 681 εἴδους
671 648 773 682 φαμὲν,
792 647 863 673 οὓτω
883 646 930 672 καὶ

139 699 188 726 τὸν
207 699 293 732 Λόγον
311 697 358 724 καὶ
368 697 419 732 τὴν
435 696 523 731 σάρκα
537 695 608 730 μέρη
626 692 743 729 Χριστοῦ
751 693 800 727 οὐχ
816 692 853 723 ὡς
866 700 929 717 συν-

142 747 221 772 θέτου
233 745 305 775 τινὸς
322 744 412 778 μόνον.
431 742 489 769 ἀλλ’
507 742 545 773 ὡς
563 739 679 775 φυσικοῦ
694 739 780 769 είδους
804 738 928 772 λέγομεν,

141 791 201 818 εἰπὲ
215 790 241 816 τί
254 790 284 815 τὺ
298 789 356 815 ὅλον
366 788 443 814 τοῦτο
458 785 544 819 εἶδος;

180 836 234 871 μθ¹.
255 835 300 870 Τῷ
323 835 363 861 ἐνὶ
380 834 461 861 πάθει
480 833 530 868 τῆς
549 833 614 867 μιᾶς
632 830 743 866 σαρκδς.
764 829 821 859 πῶς
835 828 866 854 τὸ
882 828 931 862 μὲν

142 883 189 909 τοῦ
217 881 361 916 ἀνθρώπου
386 881 497 914 πάσχει,
524 879 555 905 τδ
579 878 607 904 δὲ
628 877 768 912 συμπάχει
791 876 823 909 τῇ
845 872 929 900 αὑτοῦ

142 929 225 963 σαρκὶ
249 929 295 953 καὶ
315 927 364 962 οὑχ
387 926 491 960 ἐαυτῷς
509 925 562 951 Καὶ
581 925 596 950 ὑ
620 923 790 958 συμπάσχων
811 920 876 955 γὰρ,
900 919 928 945 ὲν

142 974 231 1009 ἑαυτῷ
245 974 362 1008 πάσχει·
377 973 434 1004 πῶς
446 972 493 999 καὶ
504 971 553 998 οὐκ
569 972 598 996 ἐν
616 969 653 1004 τῷ
670 969 821 1002 πάσχοντι;
841 967 865 992 εὶ
882 965 929 991 καὶ

141 1021 175 1046 δι’
191 1019 289 1045 ἑαυτοῦ
312 1018 406 1053 ὥσπερ
425 1019 473 1044 καὶ
496 1017 510 1043 ὁ
530 1016 640 1050 πάσχων
660 1015 688 1040 ὲν
705 1011 795 1047 ἑαυτῷ
815 1012 927 1045 πάσχει,

143 1067 190 1093 καὶ
207 1067 257 1092 οὐκ
271 1067 300 1091 ἐν
315 1065 353 1099 τῷ
374 1065 574 1099 συμπάσχοντι.

178 1116 210 1139 ν’,
231 1111 285 1138 Τοῦ
299 1105 402 1146 Κυρίου
417 1110 497 1145 ἡμῶν
518 1108 605 1143 Ἰησοῦ
624 1107 744 1142 Χριστοῦ
759 1106 806 1133 δύο
825 1105 854 1131 at
878 1104 928 1138 φύ-

145 1166 211 1191 σεις,
225 1155 265 1190 εἷς
278 1157 309 1184 δὲ
325 1158 339 1184 ὁ
355 1157 481 1187 θάνατος.
494 1152 580 1186 Οὗτος
595 1152 640 1181 οὖν
654 1155 678 1181 εἰ
695 1155 744 1188 μὲν
759 1152 829 1179 κατὰ
849 1151 929 1185 φύσιν

145 1205 219 1239 αὐτῷ
234 1203 316 1238 μόνον
333 1203 401 1235 seti,
418 1202 466 1237 τῆς
482 1201 583 1236 θνητῆς
598 1199 683 1227 αὑτοῦ
702 1195 927 1233 φύσεωζμόνης·

145 1250 169 1276 εἰ
188 1249 217 1275 δὲ
232 1249 279 1275 καὶ
299 1248 375 1282 παρὰ
400 1247 491 1282 φύσιν,
508 1248 555 1273 καὶ
577 1247 627 1280 τῆς
642 1245 793 1272 ἀθανάτου·
810 1244 868 1273 πῶς
884 1240 930 1268 οὖν

145 1295 252 1320 ιῗποιτε
270 1293 339 1320 κατὰ
354 1293 435 1328 φύσιν
452 1291 468 1328 ἢ
484 1292 559 1328 παρὰ
579 1291 658 1326 φύσιν
673 1290 770 1317 παθεῖν
784 1289 829 1315 τὸν
844 1288 931 1322 Λόγον

145 1339 268 1366 εὐῶκεῖν
281 1347 288 1369 ;

181 1384 232 1412 va’.
253 1385 284 1412 Ei.
299 1385 409 1417 πάντως
432 1384 595 1419 ἰσαρίθμους
609 1382 678 1410 εἶναι
701 1383 760 1409 δέον
773 1383 832 1413 ταῖς
849 1380 932 1414 φύσε-

147 1438 200 1465 σιν,
220 1431 258 1462 ὦς
273 1440 365 1465 φασιν,
388 1431 449 1457 ἐπεὶ
469 1430 532 1466 μίαν
555 1430 644 1464 φαμὲν
657 1428 706 1463 τῆς
722 1427 800 1462 ἁγίας
814 1426 930 1460 Τριάδκς

145 1478 195 1512 τὴν
218 1477 310 1510 φύσιν,
333 1476 397 1511 μίαν
417 1476 576 1509 λεγέτωσαν
599 1475 645 1501 καὶ
661 1474 710 1509 τὴν
724 1473 875 1499 ὑπόστασιν
888 1481 894 1486 -
913 1471 929 1506 ἢ

146 1523 208 1549 ἐπεὶ
229 1523 304 1559 τρεῖς
321 1530 412 1557 φαμεν
428 1522 477 1553 τὰς
494 1521 669 1552 ὑποστάσεις,
687 1521 762 1554 τρεῖς
777 1518 931 1552 λεγέτωσαν

147 1567 194 1594 καὶ
208 1567 258 1598 τὰς
276 1566 387 1600 φύσεις·
406 1566 494 1601 πολλῷ
515 1566 569 1601 γὰρ
590 1565 690 1600 μᾶλλον
710 1565 760 1591 οὐκ
778 1564 850 1591 ἐστιν
865 1563 931 1590 ὑπό⁸
944 1579 966 1610 C

148 1621 243 1643 στασις
258 1612 393 1643 ἀνούσιος,
409 1612 480 1647 ἢπερ
496 1611 572 1637 οὐσία
587 1610 772 1641 ἀνυπόστατος

183 1659 232 1693 νβ’.
255 1658 285 1683 Εἰ
310 1658 326 1692 ἡ
352 1658 447 1689 ἔνωοις
474 1657 521 1684 καὶ
547 1658 580 1684 τὰ
601 1657 730 1692 ἡνωμένα
755 1655 801 1682 τοῦ
826 1655 893 1690 πρός
909 1664 934 1682 τι

148 1703 206 1729 Em
223 1704 305 1729 πᾶσιν
320 1703 548 1738 ὡμολογημένως,
562 1702 620 1734 πῶς
637 1703 704 1738 μετὰ
714 1702 763 1738 τὴν
776 1702 873 1728 ἕνωσιν
884 1702 934 1727 οὐκ

148 1747 219 1775 εἶναι
231 1749 277 1775 δύο
291 1749 353 1775 τάδε
369 1748 386 1776 ἃ
399 1750 444 1775 καὶ
459 1749 586 1783 ἡνωμένα
600 1747 669 1775 εἶναι
679 1748 856 1783 ὀνομάζουσιν
869 1748 935 1782 ἀλη-

149 1796 214 1826 Θῶς,
231 1796 332 1822 οἴονται
344 1797 414 1828 οἶδε;
429 1796 483 1832 Τῆς
501 1797 554 1831 γὰρ
576 1795 700 1827 ὲνὼσεως
716 1795 753 1830 μὴ
768 1795 930 1829 παυθείσης,

148 1843 257 1876 ἀνάγκη
274 1842 321 1869 καὶ
335 1842 369 1869 τὰ
383 1842 509 1877 ἡνωμένα
527 1841 746 1876 συνεισάγεσοαι.
765 1841 824 1867 Ἔτι
843 1841 896 1876 μὴν
911 1841 935 1866 εἰ

151 1890 189 1923 μὴ
202 1887 253 1924 πρὸ
266 1889 314 1924 τῆς
329 1889 452 1920 ἑνὼσεως
468 1889 514 1915 δύο
527 1887 560 1924 ἦν
573 1889 634 1915 τάδε
649 1888 718 1915 αὐτὰ
730 1888 764 1914 τὰ
780 1888 850 1914 κατὰ
867 1889 934 1922 Χρι-

150 1936 213 1962 στὸν
228 1936 355 1971 ἡνωμένα
367 1935 482 1971 κυρίωςν
497 1936 527 1962 οὐ
542 1935 595 1970 γὰρ
610 1934 699 1970 δὴ,ὼς
713 1935 859 1970 Νεστόριος
873 1933 936 1968 βού-

149 1982 237 2012 λεται,
258 1982 307 2008 καὶ
327 1980 486 2016 προῦπῆρξε
511 1982 541 2006 τὸ
565 1981 736 2015 ἀνθρώπινον
752 1979 800 2006 τοῦ
817 1979 934 2015 Κυρίου,

150 2025 210 2053 εἶτα
221 2026 329 2053 ἑνοῦται
341 2035 348 2042 ’
368 2027 437 2062 μήτε
455 2027 525 2061 μετὰ
541 2027 589 2062 τὴν
602 2027 698 2053 ἕνωσιν
713 2027 810 2060 ὁρᾶται
827 2025 888 2052 δύο·
905 2025 935 2052 οὐ

151 2073 205 2106 γάρ
232 2072 290 2098 ἐστι
312 2072 388 2106 λῆξις
410 2072 490 2107 τῆσδε
514 2072 568 2107 τῆς
590 2073 745 2107 ἀπεράντου
763 2071 901 2102 ἐνώσεως·
919 2071 935 2106 ἢ

149 2118 290 2148 οὐδέποτε,
314 2118 330 2153 ἢ
354 2119 383 2144 ἐν
406 2119 439 2153 τῇ
456 2117 551 2145 ὲνώσει
564 2118 623 2145 ἐστὶ
642 2117 688 2144 δύο
702 2117 735 2144 τὰ
753 2117 878 2152 ἡνωμένα
907 2117 936 2142 ἐν

150 2164 261 2199 Χριστῷ
277 2165 446 2199 ἁσυγχύτως.

187 2214 237 2244 νγ¹.
265 2210 312 2236 Ἐκ
333 2211 379 2237 δύο
395 2209 504 2244 φύσεων
529 2211 545 2246 ἦ
564 2210 661 2237 κοινῶν
683 2209 776 2236 ἰδικῶν
805 2217 870 2244 φασι
890 2208 936 2234 τον

977 292 1038 318 quze
1054 289 1149 310 natura
1171 283 1327 314 aberrabat,
1342 283 1363 309 si
1389 290 1444 309 non
1462 281 1583 309 divinam
1598 281 1764 316 possibilita-

978 335 1031 357 tem
1045 330 1196 357 naturalem
1210 334 1237 356 et
1250 337 1305 356 non
1321 329 1394 356 illam
1410 329 1562 356 secundum
1586 327 1765 355 inhabitatio—

979 384 1041 404 nem
1055 376 1166 403 dicitis?
1220 380 1223 386 ‘
1763 374 1766 379 ’

1013 422 1057 449 47.
1077 421 1104 448 Si
1129 425 1171 448 est
1185 421 1306 449 Verbum
1320 426 1418 448 natura
1442 420 1619 455 impassibilis
1642 423 1671 447 et
1688 419 1766 454 juxta

978 467 1205 495 consuetudinem
1228 467 1358 501 loquendi
1372 467 1444 500 apud
1460 474 1508 493 eos
1524 474 1621 500 passus
1635 469 1677 493 est
1696 462 1765 500 ipse,

978 513 1116 547 quomodo
1139 513 1226 545 novit,
1249 513 1371 547 seipsum
1389 519 1443 538 non
1463 512 1632 546 impassibile
1654 511 1766 538 omnino

978 556 1065 588 novit,
1075 556 1127 582 nisi
1145 555 1266 590 seipsum
1284 556 1414 590 passibile
1427 556 1563 583 eXSistens
1577 556 1695 590 ignoret.

1013 602 1057 628 48.
1074 602 1102 629 Si
1122 601 1354 636 quemadmodum
1376 601 1494 628 animam
1510 608 1667 635 corpusque
1681 600 1767 628 totius

979 647 1100 674 hominis
1115 652 1206 681 partes
1224 651 1351 681 tanquam
1365 647 1499 674 naturalis
1520 646 1617 674 forma:
1635 646 1766 678 dicimus,
1795 677 1798 679 λ

978 693 1019 720 sic
1034 697 1061 719 et
1075 693 1194 720 Verbum
1207 697 1235 720 et
1250 700 1360 720 carnem
1377 697 1469 728 partes
1488 692 1602 724 Christi,
1619 700 1674 719 non
1689 693 1768 727 quasi

979 739 1123 774 compositi
1148 739 1290 774 cujusdam
1318 743 1443 771 tantum,
1471 739 1518 766 sed
1542 739 1613 765 sicut
1637 738 1769 765 naturalis

980 785 1074 812 forma:
1087 785 1214 817 dicimus,
1232 785 1275 812 dic
1290 785 1356 820 quid
1373 789 1428 812 tota
1444 785 1489 811 illa
1505 784 1611 812 forma?

1014 832 1058 858 49.
1072 831 1158 858 Unica
1176 831 1263 858 unica:
1278 831 1351 858 illius
1374 831 1465 858 carnis
1487 830 1613 865 passione
1629 830 1770 865 quomodo

981 885 1045 911 pars
1062 877 1183 904 hominis
1199 877 1310 911 patitur.
1332 885 1396 912 pars
1416 877 1490 904 carni
1514 877 1576 911 ejus
1599 880 1627 903 et
1647 884 1702 903 non
1717 876 1769 903 sibi

983 923 1032 957 ipsi
1050 923 1233 958 compatitur?
1247 923 1369 958 Namque
1382 923 1551 958 compatiens
1568 923 1595 950 in
1612 923 1702 957 seipso
1720 930 1769 957 pa-

983 969 1066 1001 titur;
1089 970 1225 1004 quomodo
1241 974 1268 996 et
1284 978 1337 996 non
1358 971 1384 996 in
1408 969 1549 1004 patiente?
1563 969 1641 996 Licet
1654 976 1702 1004 per
1725 976 1770 996 sc-

983 1015 1070 1049 ipsum
1096 1016 1167 1043 sicut
1188 1020 1216 1042 et
1240 1016 1347 1051 patiens
1371 1016 1396 1042 in
1411 1016 1502 1050 seipse
1524 1015 1642 1050 patiatur
1662 1019 1691 1042 et
1713 1022 1770 1042 non

983 1062 1008 1088 in
1028 1062 1222 1096 compatientc.

1017 1105 1060 1132 50.
1080 1106 1187 1133 Domini
1204 1107 1290 1133 nostri
1309 1107 1371 1134 Jesu
1388 1105 1490 1133 Christi
1507 1105 1567 1133 dua:
1586 1110 1700 1136 naturas.
1716 1113 1771 1133 una

982 1159 1066 1178 mors.
1083 1151 1148 1185 Quae
1165 1153 1185 1179 si
1203 1153 1354 1179 secundum
1371 1158 1494 1179 naturam
1513 1151 1624 1186 quidem
1642 1152 1694 1187 ipsi
1710 1156 1771 1180 tan-

985 1203 1040 1225 tum
1056 1203 1107 1230 est,
1125 1199 1249 1226 mortalis
1263 1200 1323 1234 ejus
1342 1204 1446 1226 natura
1462 1199 1562 1231 solius;
1582 1199 1604 1226 si
1620 1206 1686 1226 vero
1702 1207 1773 1233 pra-

984 1247 1025 1270 ter
1043 1249 1179 1276 naturam,
1193 1249 1220 1271 et
1242 1245 1404 1271 immertalis
1417 1253 1423 1271 :
1437 1245 1574 1278 quomodo
1591 1251 1656 1278 ergo
1671 1251 1771 1271 secun-

983 1289 1048 1315 dum
1071 1290 1255 1316 naturamch
1281 1294 1380 1324 prrcter
1402 1294 1528 1317 naturam
1553 1297 1662 1324 passum
1686 1290 1772 1317 fuisse

983 1334 1102 1361 Verbum
1119 1343 1152 1361 ex
1164 1335 1336 1370 beneplacito
1347 1335 1454 1363 dicitis?

1019 1381 1062 1408 5|.
1076 1381 1103 1408 Si
1117 1382 1227 1408 omnino
1241 1382 1364 1415 ejusdem
1379 1382 1486 1408 numeri
1500 1389 1561 1409 esse
1573 1385 1699 1417 oporteat
1709 1390 1772 1409 cum

985 1427 1102 1458 naturis,
1125 1427 1196 1454 sient
1216 1429 1304 1460 aiunt,
1326 1436 1388 1455 cum
1407 1429 1514 1455 unicam
1537 1428 1654 1456 dicimus
1673 1433 1774 1457 sanctae

985 1472 1131 1500 Trinitatis
1143 1479 1280 1505 naturam,
1293 1475 1400 1502 unicam
1413 1479 1535 1502 asscrant
1545 1478 1573 1501 et
1583 1473 1771 1510 hypostasim;

985 1524 1032 1547 aut
1052 1527 1114 1545 enm
1141 1524 1196 1546 tres
1217 1519 1340 1547 dicamus
1363 1520 1538 1556 hypostascs.
1558 1524 1613 1546 tres
1631 1519 1722 1546 dicant
1745 1523 1774 1545 et

985 1570 1098 1592 naturas
1113 1575 1118 1592 :
1135 1574 1197 1592 nam
1212 1566 1295 1593 multo
1313 1567 1399 1601 magis
1414 1575 1468 1592 non
1482 1571 1523 1592 est
1539 1566 1693 1601 liypostasis
1707 1565 1772 1593 abs-

983 1619 1036 1645 que.
1051 1611 1169 1638 essentia
1187 1619 1268 1646 quam
1282 1612 1399 1639 essentia
1415 1613 1517 1647 absque
1534 1613 1685 1648 hypostasi.

1019 1658 1062 1684 5‘2.
1090 1657 1116 1684 Si
1144 1658 1272 1684 omnibus
1300 1658 1326 1684 in
1353 1658 1477 1692 professo
1499 1663 1563 1685 sunt
1589 1658 1720 1685 adunatio
1745 1661 1774 1685 et

984 1704 1103 1731 adunata
1120 1712 1211 1731 rerum
1228 1704 1260 1731 ad
1273 1705 1426 1739 quodlibet,
1440 1703 1576 1739 quomodo
1591 1709 1653 1738 post
1667 1703 1772 1731 aduna-

986 1751 1087 1778 tionem
1112 1758 1166 1777 non
1184 1758 1244 1778 esse
1266 1751 1320 1777 duo
1343 1751 1400 1778 hmc
1415 1759 1475 1785 qum
1491 1756 1519 1777 et
1539 1750 1657 1778 adunata
1675 1751 1774 1777 merito

985 1801 1094 1827 vocant,
1111 1795 1280 1823 arbitrantur
1296 1796 1358 1822 isti?
1372 1796 1430 1823 Non
1445 1796 1517 1822 enim
1532 1799 1657 1823 cessante
1671 1795 1775 1822 aduna-

986 1842 1070 1873 tione,
1087 1849 1200 1868 necess‘.‘
1223 1846 1266 1868 est
1287 1846 1314 1868 ct
1331 1841 1449 1868 adunala
1472 1849 1525 1869 una
1548 1841 1652 1868 induci.
1678 1841 1776 1869 Adhuc

987 1891 1076 1915 tamen
1091 1888 1113 1914 si
1127 1892 1190 1915 ante
1203 1888 1398 1915 adunationem
1410 1895 1465 1914 non
1479 1888 1533 1914 duo
1548 1892 1641 1915 essent
1653 1887 1703 1914 ista
1715 1895 1776 1922 quae

987 1935 1014 1961 in
1027 1934 1138 1961 Christo
1152 1934 1307 1968 specialiter
1319 1934 1438 1961 adnnata
1456 1938 1529 1965 sunt.
1545 1942 1600 1960 non
1614 1934 1688 1960 enim
1705 1934 1777 1960 sicut

986 1980 1044 2007 vult
1074 1980 1233 2012 Nestorins,
1274 1980 1435 2014 praeexstitit
1469 1980 1617 2007 humanum
1643 1980 1775 2011 Domino,

987 2026 1088 2053 deinde
1102 2027 1251 2053 adunatum
1268 2031 1318 2058 est,
1333 2034 1384 2053 nec
1397 2031 1458 2061 post
1471 2027 1664 2053 adunationem
1681 2025 1778 2052 viden-

989 2077 1034 2100 tur
1047 2073 1120 2104 duo;
1144 2080 1197 2100 non
1221 2072 1294 2099 enim
1312 2071 1488 2099 adunationis
1506 2071 1588 2106 hujus
1603 2071 1706 2106 absque
1722 2071 1776 2099 [ine

988 2118 1106 2146 cessatio
1120 2122 1161 2145 est
1175 2127 1182 2145 :
1198 2119 1240 2145 vel
1255 2125 1405 2152 nunquam.
1422 2118 1463 2144 vel
1483 2118 1510 2145 in
1529 2117 1695 2145 adunatione
1713 2121 1777 2144 sunt

989 2165 1043 2192 duo
1060 2164 1086 2191 in
1102 2164 1211 2192 Christo
1227 2164 1330 2197 absque
1346 2162 1508 2190 confusione
1522 2163 1651 2190 adunala.

1025 2211 1068 2237 55.
1084 2211 1104 2237 Ε
1120 2209 1227 2236 duabus
1239 2209 1345 2236 naturis
1361 2213 1406 2235 aut
1421 2208 1614 2236 communibus
1629 2213 1676 2235 aut
1690 2208 1777 2243 parti-

152 2255 254 2290 Κύριον
272 2256 350 2290 ἡμῶν
370 2255 473 2291 Ἰησοῦν
488 2256 617 2290 Χριστόν.
637 2256 668 2283 Et
690 2256 739 2290 μὲν
758 2253 804 2282 οὖν
827 2255 932 2287 κοινῶν,

992 2257 1132 2284 cnlaribns
1153 2256 1298 2283 Dominum
1318 2259 1443 2282 nostrum
1460 2253 1552 2282 Jesum
1574 2254 1712 2283 Christum
1733 2254 1777 2282 di—

151 2301 198 2326 καὶ
218 2300 292 2326 πᾶσα
310 2301 326 2334 ή
342 2301 409 2333 ἁγία
434 2300 518 2335 Τριὰς
539 2294 685 2336 ἐσαρκώυγη
701 2301 745 2327 καὶ
766 2300 935 2334 ἐσταυρώθη,

153 2346 200 2372 καὶ
216 2347 292 2372 πᾶσα
310 2347 325 2380 ἡ
345 2346 522 2381 ἀνθρωπότης
542 2347 570 2372 ὲν
588 2345 661 2381 αὐτῷ
674 2355 681 2361 ·
698 2347 723 2372 εἰ
740 2346 768 2372 δὲ
788 2347 816 2379 ἐξ
835 2346 937 2375 ίδικῶν,

151 2392 169 2427 ἦ
185 2392 311 2427 δυνάμει,
325 2391 342 2426 ἢ
360 2392 486 2427 ἐνεργείᾳ.
498 2389 567 2418 εἶναι
581 2392 836 2428 προεπινοουμένων
849 2392 940 2421 αὐτοῖς

153 2438 207 2472 πρὸ
220 2437 351 2472 Χριστοῦ.
367 2437 398 2463 Ei
415 2437 465 2472 μὲν
480 2435 527 2463 οὖν
542 2437 657 2471 δυνάμει
674 2436 764 2471 μόνον,
778 2437 793 2470 ἦ
810 2437 879 2470 μετὰ
892 2438 940 2471 τὴν

152 2485 251 2510 ἕνωσιν
267 2483 349 2515 εὐθὺς
363 2483 477 2517 γέγοναν
491 2482 564 2517 αὖτῴ
576 2483 623 2509 καὶ
636 2483 760 2518 ἐνεργείᾳ.
775 2482 821 2508 δύο
834 2482 938 2516 φύσεις

151 2529 168 2565 ἦ
187 2529 266 2556 οὔπω
282 2529 343 2564 μὲν,
362 2529 468 2555 ἔσονται
492 2529 521 2555 δέ
540 2537 617 2560 ποτε,
638 2528 654 2563 ἦ
674 2528 801 2555 οὐδέποτε
821 2529 940 2562 γίνονται

152 2574 291 2610 ἐνεργείᾳ,
308 2575 356 2602 καὶ
381 2575 475 2601 νοοῖντ”
494 2574 527 2601 ἂν
542 2575 640 2601 οὑτωσὶ
666 2574 710 2601 ἀεί
724 2583 754 2600 τε
769 2574 873 2604 ἀτελεῖς
893 2574 940 2600 καὶ

154 2622 244 2656 μάτην
263 2621 374 2656 ἔχουσαι
389 2620 469 2647 τοῦτο
491 2621 604 2655 δυνάμει
627 2622 667 2653 εἰς
682 2620 695 2647 ὅ
719 2619 815 2648 οὔποτε
831 2621 940 2655 ἥξουσιν

153 2667 298 2703 ἐνεργείᾳ·
317 2667 341 2693 εί
366 2666 394 2693 δὲ
413 2666 540 2702 ἐνεργείᾳ
560 2666 642 2698 οὔσας
659 2668 706 2694 καὶ
730 2668 781 2703 πρὸ
803 2668 852 2702 τῆς
870 2667 940 2694 κατὰ

153 2712 203 2747 τὴν
225 2712 384 2747 οἰκονομίαν
409 2711 531 2744 ἑνώσεως
553 2713 627 2739 ἴσασι
650 2713 731 2739 τάσδε
749 2712 834 2743 ίδιχάς
850 2721 878 2738 τε
894 2713 941 2739 καὶ

150 2758 303 2790 διεστώσας
334 2759 381 2784 καὶ
405 2757 563 2792 ὑφεστώσας
592 2757 641 2790 τὰς
669 2758 724 2792 δύο,
742 2759 770 2785 ἐν
794 2759 847 2785 τίνι
875 2760 940 2794 πρὶς

151 2804 302 2840 Νεοτόριον
316 2803 490 2838 διαφωνοῦσι,
509 2804 671 2838 λεγέτωσαν.

990 2308 1056 2330 eunt
1070 2312 1076 2329 :
1091 2302 1181 2337 itaque
1195 2302 1217 2329 si
1234 2310 1249 2329 e
1262 2300 1464 2332 communibus.
1481 2305 1579 2328 cuncta
1596 2308 1704 2335 quoque
1719 2301 1780 2328 Tri-

990 2349 1062 2375 nitas
1087 2354 1180 2375 sancta
1204 2348 1343 2375 incantata
1369 2352 1410 2386 est
1432 2351 1458 2374 et
1476 2346 1616 2379 crueiﬁxa,
1639 2350 1666 2374 et
1681 2351 1778 2374 cuncta

992 2395 1018 2421 in
1035 2395 1104 2429 ipso.
1123 2394 1149 2421 Si
1164 2402 1178 2420 e
1191 2393 1412 2428 particularibus.
1427 2400 1488 2427 quae
1503 2392 1608 2420 scilicet
1620 2397 1666 2419 aut
1682 2397 1780 2427 poten-

993 2440 1039 2471 tia,
1055 2443 1102 2466 aut
1123 2438 1282 2473 operatione
1306 2446 1366 2465 esse
1382 2438 1555 2473 praecogitata
1577 2442 1641 2465 sunt
1662 2438 1696 2465 ab
1713 2438 1780 2472 ipsis

991 2490 1054 2512 ante
1069 2484 1220 2516 Christum,
1237 2484 1374 2518 siquidem
1389 2485 1509 2518 potentia
1527 2488 1644 2515 tantum,
1659 2484 1700 2510 vel
1718 2489 1780 2518 post

992 2530 1186 2557 adunationem
1202 2528 1258 2557 cito
1277 2530 1345 2557 facta
1359 2534 1423 2556 sunt
1438 2529 1488 2564 ipsi
1505 2535 1532 2557 et
1545 2530 1704 2564 operatione
1719 2529 1782 2556 dum

993 2581 1109 2607 naturm,
1132 2577 1173 2603 vel
1191 2584 1245 2603 non
1269 2576 1324 2603 cito
1339 2575 1461 2609 quidem,
1483 2575 1530 2602 sed
1551 2583 1612 2602 mox
1628 2579 1719 2606 erunt,
1735 2575 1779 2601 \‘cl

993 2629 1133 2655 nunquam
1158 2621 1226 2648 [innt
1248 2621 1417 2656 operatione,
1435 2624 1462 2647 et
1479 2620 1511 2647 ad
1535 2620 1574 2647 sic
1591 2619 1779 2654 cogitandum,

993 2675 1101 2701 semper
1117 2667 1282 2702 imperfectae
1295 2671 1330 2705 net
1344 2674 1413 2694 vane
1431 2666 1458 2693 id
1474 2665 1634 2700 impotentia
1648 2665 1781 2693 habentes
1818 2672 1820 2674 '

992 2712 1026 2739 ad
1044 2709 1116 2746 quod
1134 2720 1274 2746 nunquam
1298 2719 1381 2746 opere
1399 2709 1561 2742 devenient;
1577 2710 1600 2737 si
1618 2718 1683 2737 vero
1697 2718 1782 2738 ener-

993 2757 1036 2794 gia
1050 2758 1214 2785 exsistentes
1229 2762 1256 2784 et
1273 2762 1336 2785 ante
1355 2757 1550 2784 adunationem
1570 2757 1720 2784 secundum
1739 2757 1781 2784 in-

993 2805 1179 2832 carnationem
1197 2808 1314 2831 noscunt
1329 2803 1379 2830 has
1401 2803 1580 2838 particulares
1600 2807 1628 2830 et
1642 2807 1783 2838 separatas

993 2856 1021 2877 et
1035 2850 1198 2877 suhstitutas
1221 2849 1299 2881 duas,
1324 2849 1352 2875 in
1376 2856 1429 2883 quo
1456 2857 1470 2876 a
1494 2849 1622 2876 Nestorio
1642 2849 1781 2880 ditl‘crant,

995 2896 1094 2922 dicant.
