1963 3077
187 184 260 217 1709

188 283 340 314 conﬁteris,
352 290 416 310 ecce
431 281 590 308 totalitatem
604 280 637 307 ab
650 280 827 307 etticientium
839 289 898 308 eam
912 289 973 315 par-

190 331 256 356 tium
268 328 426 356 nominibus
439 325 564 359 vocabis;
581 326 720 360 quomodo
731 333 796 361 ergo
811 331 971 353 naturarum

187 375 374 410 duplicitatem
398 373 544 399 adunatam
569 380 624 399 non
647 372 716 399 dicis
739 380 799 399 csse
820 373 970 404 Christum,

187 429 247 455 qua:
261 423 325 447 sunt
335 419 407 446 Deus
417 422 444 445 et
457 417 540 445 homo
551 423 579 445 et
590 423 683 453 partes
698 418 782 446 totius
796 418 973 454 bypostaseos

185 465 305 494 Christi?

221 511 266 538 55.
284 510 311 538 Si
328 518 382 537 non
400 510 461 538 dua:
474 510 521 538 Dei
536 514 564 537 et
579 510 701 537 hominis
715 515 828 542 naturae,
845 510 891 538 sed
906 518 970 545 una,

186 564 311 590 qumnam
328 556 440 590 proprie
463 556 566 583 Christi
589 560 630 583 est
646 561 752 582 natura.
770 556 841 590 Ergo
860 556 970 583 realiter

185 601 338 629 secundum
354 608 402 628 vos
422 600 524 628 Christi
543 609 642 635 parens
659 605 753 627 sancta
771 601 850 635 Virgo
871 606 899 628 et
917 608 970 628 non

186 647 232 674 Dei
249 655 349 682 parens
364 647 513 679 diceretur,
529 655 591 682 qua:
607 651 733 674 naturam
748 647 861 674 alteram
878 655 892 674 a
907 647 974 675 sim-

186 693 294 727 pliciter
307 692 399 720 divina
412 697 440 719 et
456 693 574 719 humana
591 693 726 727 genuerit.

220 738 264 765 56.
280 737 377 765 Adhuc
388 746 403 765 a
418 738 602 766 differentiam
620 739 777 767 dicentibus
788 743 881 766 etnon
895 738 973 766 diﬁ'e-

186 782 273 809 rentia
292 783 502 810 numerantibus
517 783 710 818 inquirendum
726 793 732 810 :
747 784 824 817 quasi
842 783 972 811 distincta

186 828 268 854 verbo
284 828 402 855 dicimus
416 833 444 855 et
463 836 518 856 non
537 829 614 863 quasi
630 830 741 857 deﬁnita
762 830 970 865 hypostasibus;

186 881 275 900 nonne
295 873 484 901 deﬁnitionem
502 875 599 902 dicunt
619 879 681 902 ante
704 875 887 903 diﬁerentiam
912 883 972 903 esse

807 179 959 210 LEONTII
981 179 1179 211 ΒΥΖΛΧἹῚΝΙ

224 240 268 267 ει.
285 238 313 266 Si
326 240 415 264 totum
428 235 573 270 compositi
583 234 685 262 Christi
701 235 785 262 Deum
797 240 823 262 et
836 236 973 262 hominem
989 237 1013 265 Α

1063 237 1108 263 «κδ’.
1126 237 1155 262 Et
1169 236 1198 262 τὺ
1217 237 1276 262 ὅλον
1290 236 1337 262 τοῦ
1353 238 1479 264 συνθέτου
1491 237 1608 272 Χριστοῦ
1623 238 1688 264 Θεὸν
1705 239 1750 266 καὶ
1763 240 1810 265 ἆν-

1027 282 1136 316 Ορωπον
1149 282 1301 316 ὁμολογεῖς,
1320 283 1374 308 ἰδοὺ
1391 283 1439 316 τὴν
1454 283 1569 317 όλότητα
1592 285 1625 318 τῇ
1645 283 1698 311 τῶν
1714 285 1810 311 ἀποτε-

1027 327 1158 352 λεστικῶν
1175 328 1257 361 αὐτῆς
1286 328 1375 362 μερῶν
1407 328 1550 363 ἐπωνυμίᾳ
1579 329 1809 364 προσαγορεύεις·

1027 372 1084 402 πῶς
1102 371 1148 398 οῦν
1164 372 1212 407 τὴν
1231 373 1313 399 δυάδα
1325 373 1379 398 τῶν
1395 373 1500 408 φύσεων
1518 375 1660 409 ἡνωμένην
1680 376 1709 401 οὐ
1722 375 1810 409 λέγεις

1026 416 1095 444 εἶναι
1111 419 1238 454 Χριστὸν,
1257 419 1288 446 αἴ
1300 420 1352 445 εισι
1364 419 1430 450 Θεὸς
1446 420 1492 445 καὶ
1507 420 1659 452 ἄνθρωπος,
1675 421 1720 447 καὶ
1740 421 1810 457 μέρη

1026 462 1074 497 τῆς
1093 462 1156 497 ὅλης
1172 463 1347 495 ὑποστάσεως
1363 463 1498 498 Χριστοῦ;

1063 508 1109 536 ve'.
1128 510 1159 536 Εἰ
1184 511 1221 545 μὴ
1236 510 1283 536 δύο
1311 510 1405 544 φύσεις
1426 510 1494 537 Θεοῦ
1512 511 1559 537 καὶ
1576 511 1729 546 ἀνθρώπου,
1743 512 1811 538 ἀλλὰ

1030 556 1088 590 μία,
1105 555 1146 584 τίς
1172 555 1243 586 ἰδίως
1258 555 1374 591 Χριστοῦ
1389 555 1448 582 ἐστὶ
1471 556 1571 590 φύσιςς
1591 557 1661 590 Ἀρα
1676 565 1707 591 γε
1726 558 1810 589 ὄντως

1027 599 1089 626 καθ’
1111 600 1183 634 ὑμᾶς
1206 600 1419 635 Χριστοτόκοςὴ
1448 600 1512 634 ἁγία
1538 600 1675 635 Παρθένος
1707 602 1753 627 καὶ
1779 602 1809 628 οὐ

1025 645 1156 678 Θεοτὸκος
1173 645 1288 680 λέγοιτο,
1313 645 1394 680 φύσιν
1415 646 1513 681 ἑτέραν
1539 646 1615 681 παρὰ
1643 647 1692 682 τὴν
1716 646 1810 678 ἁπλῶς

1026 692 1100 718 θείαν
1118 692 1164 719 καὶ
1180 692 1353 726 ἀνθρωπείαν
1366 691 1495 718 τεκοῦσα.

1061 741 1115 770 νς’.
1135 737 1195 764 Ἔτι
1212 738 1361 772 ὲρωτητέον
1385 737 1484 768 αὐτοὺς
1503 737 1631 771 λέγοντας
1646 738 1694 772 τὴν
1715 738 1808 772 διαφο-

1027 783 1086 819 ρὰν,
1099 783 1146 809 καὶ
1163 783 1213 809 οὐκ
1226 782 1408 818 ἀριθμοῦντας
1423 782 1457 809 τὰ
1471 783 1643 818 διαφέροντα·
1662 783 1699 815 ὡς
1715 783 1807 810 διακε-

1026 827 1143 864 κριμένα
1155 829 1194 864 τῷ
1209 829 1279 864 λόγῳ
1292 835 1392 864 φαμεν,
1406 830 1452 856 καὶ
1465 830 1513 864 οὐχ
1527 829 1564 859 ὼς
1576 829 1740 864 διωρισμένα
1748 831 1808 862 ταῖς

1027 875 1215 902 ὑποστάσεσιψ
1236 873 1290 910 ἆρά
1314 884 1379 909 φασι
1401 876 1446 902 τὸν
1463 875 1603 910 διορισμὸν
1617 876 1668 909 πρὸ
1685 876 1732 909 τῆς
1752 875 1808 902 διει-

184 922 300 951 ιιοιυηο,
322 927 356 946 an
378 927 441 946 cum
458 919 632 947 differentia?
646 920 675 947 Si
697 928 761 955 ergo
782 921 892 955 quidem
909 925 972 948 ante

1030 920 1109 955 ρορᾶς
1122 917 1192 945 εἶναι
1207 919 1298 954 (ptiust,
1307 919 1324 954 ἢ
1339 920 1387 946 σὺν
1403 921 1435 955 τῇ
1447 919 1562 954 διαφορᾷ
1574 929 1581 951 ς
1596 920 1626 946 ΕΞ
1641 920 1690 955 μὲν
1699 917 1744 946 οὖν
1757 920 1808 952 πρὸ

183 965 367 992 diﬁerentiam
385 965 515 998 dixerint,
530 966 582 993 erit
599 971 628 993 et
641 967 675 994 de
690 967 804 994 omnino
818 975 872 995 non
889 966 972 993 diﬁe-

186 1009 311 1036 rentibus
325 1009 459 1042 deﬁnitio,
477 1010 549 1038 sicut
564 1011 734 1038 deﬁniuntur
748 1015 776 1038 et
790 1015 932 1045 punctum,
946 1015 974 1038 et

186 1056 276 1082 unitas
290 1060 318 1082 et
337 1056 461 1090 spiritus,
476 1061 504 1083 et
520 1057 577 1090 ipsa
591 1056 859 1091 diﬁerentizeexpers
881 1056 972 1083 divina

186 1106 302 1134 natura;
328 1105 355 1128 et
374 1109 427 1128 una
440 1109 504 1137 ergo
522 1102 588 1136 ipsis
611 1107 707 1129 natura
728 1102 879 1129 secundum
900 1102 974 1136 quod

186 1147 266 1174 unica
281 1147 428 1179 deﬁnitur;
443 1155 524 1182 porro
538 1147 690 1174 secundum
706 1147 779 1182 quod
791 1147 932 1179 deﬁnitur,
945 1151 975 1174 ct

185 1201 200 1219 a
221 1200 336 1220 numero
360 1192 506 1225 discessit;
526 1201 576 1220 nec
598 1194 672 1221 unici
693 1193 795 1220 Christi
814 1201 971 1225 numerum,

183 1237 234 1264 sed
255 1242 283 1264 et
298 1237 417 1272 Spiritus
433 1237 479 1272 qui
498 1237 525 1264 in
542 1238 601 1272 ipso
614 1242 656 1265 est
672 1238 874 1273 particulariter
885 1242 913 1264 et
928 1238 971 1264 di-

186 1283 308 1310 vinitatis
325 1291 386 1318 qua:
403 1284 430 1310 in
455 1284 514 1318 ipso
531 1289 573 1311 est
595 1283 661 1311 dant
683 1292 846 1317 numerum;
865 1284 886 1311 si
905 1291 971 1311 vero

187 1336 248 1354 rum
262 1328 427 1360 diﬁ‘erentia,
439 1334 487 1356 aut
501 1334 562 1364 post
574 1329 769 1361 diﬁerentiam,
781 1329 970 1357 deﬁnitionem

187 1374 342 1402 necessario
359 1374 453 1402 vident
469 1375 665 1408 diﬁerentium,
685 1376 822 1410 quomodo
838 1375 971 1403 dilfercn-

187 1421 252 1446 tiam
268 1420 403 1452 dicentes,
416 1420 603 1447 deﬁnitionem
622 1421 809 1448 differentium
823 1422 894 1448 circa
911 1429 973 1448 ver-

187 1466 252 1493 bum
276 1474 331 1492 non
355 1465 467 1492 dicunt?
494 1466 527 1492 Et
554 1466 692 1501 quomodo
717 1474 771 1494 non
798 1475 830 1494 ex
849 1467 971 1493 omnium

185 1519 321 1539 consensu
343 1515 370 1538 et
387 1515 494 1538 senatu
514 1511 679 1539 adunatione
703 1512 854 1539 secundum
873 1513 972 1539 herum

188 1557 365 1592 hypostasim,
377 1564 480 1591 caque:
493 1557 576 1584 verbo
588 1558 719 1584 diﬁerunt
733 1562 761 1584 et
776 1557 971 1586 differentibus

187 1602 385 1630 (leﬁnientibus
426 1603 519 1630 verbis
541 1603 617 1637 quasi
633 1603 798 1638 quibusdam
834 1603 970 1631 limitibus

187 1648 299 1675 deﬁnita
318 1649 485 1675 numerant?

221 1695 266 1722 57.
283 1695 420 1722 Numerus
435 1699 482 1722 aut
499 1703 564 1730 prm,
586 1701 633 1723 aut
649 1704 701 1723 una
723 1701 770 1723 aut
786 1701 847 1731 post
864 1696 971 1724 exsistit
986 1697 1007 1731 α

187 1741 300 1768 relative
318 1741 350 1768 ad
370 1741 570 1775 diﬁerentiam;
587 1742 772 1770 diﬁerentiam
790 1750 857 1778 ergo
871 1743 974 1770 aduna-

188 1792 277 1813 larunt
289 1787 397 1814 Domini
408 1791 568 1815 naturarum
579 1789 626 1822 qui
637 1789 813 1820 conﬁtentur,
827 1797 972 1816 numerum

186 1833 260 1860 circa
282 1833 368 1868 ipsam
395 1841 493 1868 nempe
519 1834 674 1862 differentia
696 1835 818 1870 negotia,
837 1835 972 1869 siquidem

187 1883 252 1907 ante
265 1879 351 1914 ipsam
369 1885 487 1907 noscunt
503 1888 660 1912 numerum,
677 1881 770 1908 dicant
787 1881 833 1908 ubi
847 1881 975 1907 videntes

187 1926 239 1953 ista
256 1930 303 1954 aut
324 1934 390 1953 sane
405 1926 513 1953 diversa
530 1930 755 1958 numeraverunt,
773 1930 803 1953 ut
816 1934 850 1953 ex
866 1926 974 1953 duabus

186 1972 306 1999 diversis
320 1972 386 2006 ipsis
398 1972 433 1999 sit
446 1980 500 1999 una
516 1975 614 1999 natura
633 1977 680 1999 aut
695 1972 852 2000 differentia
865 1979 972 2006 expers,

186 2018 298 2052 quando
321 2018 407 2045 divisa
428 2023 471 2046 est
495 2019 705 2046 similitudinem
731 2018 846 2049 habens,
862 2017 972 2052 quando

187 2063 306 2090 adunata
322 2068 363 2090 est
378 2071 435 2098 pra:
451 2071 480 2090 se
502 2063 669 2095 admittens;
689 2063 712 2090 si
725 2071 790 2090 vero
807 2071 869 2090 cum
892 2063 973 2090 diﬁ'e-

187 2109 277 2136 rentia
293 2113 341 2136 aut
355 2113 416 2144 post
428 2109 515 2143 ipsam
534 2116 666 2135 numerus
681 2112 734 2141 cst,
749 2108 906 2135 necessario
922 2108 974 2134 dif-

188 2154 331 2181 ferentiam
345 2155 451 2185 dantes,
471 2157 518 2180 aut
538 2161 600 2181 cum
625 2153 681 2187 ipsa
697 2157 743 2179 aut
758 2157 870 2187 propter
886 2152 972 2186 ipsam

186 2204 217 2225 (ιι
239 2206 329 2226 rerum
351 2198 538 2225 diﬁ‘crentium
567 2205 711 2224 numcrum
736 2197 808 2231 exigi
831 2197 971 2224 videbunt.

223 2243 267 2270 58.
285 2243 313 2270 Si
329 2250 410 2270 unam
426 2250 441 2269 ο
453 2241 571 2274 duabus,
584 2249 636 2268 nec
647 2241 764 2275 amplius
781 2240 849 2267 duas
863 2245 974 2268 naturas

188 2289 296 2316 Domini
318 2289 406 2317 nostri
421 2289 484 2317 Iesu
503 2289 604 2316 Christi
626 2296 689 2319 esse,
705 2289 791 2319 aiunt.
811 2288 914 2319 dicant,
930 2287 972 2314 di-

187 2334 252 2361 Vina
262 2335 424 2361 relationem
435 2334 467 2360 de
477 2333 617 2360 communi
626 2338 653 2360 et
660 2333 817 2368 particulari
826 2336 973 2367 superante

1023 965 1072 1000 τῆς
1089 964 1218 1000 διαφορᾶς
1234 965 1345 999 εἴποιεν,
1358 966 1433 991 ἔσται
1459 966 1505 991 καὶ
1519 966 1547 991 ἐν
1560 968 1615 996 τοῖς
1628 965 1715 999 πάντη
1730 965 1806 992 ἀδια-

1024 1012 1118 1046 φόροις
1135 1012 1148 1038 ὁ
1164 1010 1313 1046 διορισμὸς,
1337 1012 1375 1042 ὡς
1397 1011 1537 1046 διωρίσθαι
1553 1012 1600 1037 καὶ
1617 1011 1744 1046 στιγμὴν,
1761 1011 1808 1036 καὶ

1027 1057 1140 1091 μονάδα,
1156 1057 1202 1083 καὶ
1225 1056 1302 1088 νοῦν,
1322 1056 1370 1083 καὶ
1395 1057 1478 1091 αὐτὴν
1500 1057 1549 1091 τὴν
1572 1056 1716 1090 ἀδιάφορον
1731 1055 1808 1082 Θείαν

1026 1103 1117 1137 φύσιν·
1131 1103 1177 1129 καὶ
1222 1104 1272 1137 μία
1288 1101 1334 1129 οὖν
1349 1103 1442 1134 αὐτοῖς
1457 1103 1546 1137 φύσις,
1566 1103 1626 1130 καθ’
1654 1103 1669 1129 ὃ
1696 1103 1754 1137 μία,
1769 1102 1808 1128 δι-

1027 1149 1153 1184 ώρισται·
1168 1149 1228 1175 καθ’
1249 1149 1263 1175 ὂ
1277 1149 1305 1175 δὲ
1319 1148 1470 1183 διώρισται,
1484 1149 1529 1175 καὶ
1539 1149 1647 1184 ἀριθμῷ
1661 1149 1806 1174 ὑπέπεσεν·

1025 1195 1055 1221 οὺ
1073 1196 1154 1230 μόνου
1170 1204 1198 1220 τε
1211 1194 1328 1230 Χριστοῦ
1341 1194 1467 1229 ἀριθμὸν,
1481 1195 1548 1221 ἀλλὰ
1566 1195 1612 1221 καὶ
1630 1194 1676 1220 τοῦ
1695 1195 1723 1220 ὲν
1734 1192 1807 1228 αὑτῷ

1025 1241 1070 1270 νοῦ
1087 1241 1138 1274 ἰδίᾳ
1152 1241 1199 1267 καὶ
1213 1241 1262 1276 τῆς
1276 1241 1305 1266 ἐν
1322 1240 1396 1274 αὑτῷ
1409 1240 1534 1274 θεότητος
1549 1239 1664 1266 διδόασιν
1680 1239 1805 1274 ἀριθμόν·

1024 1287 1048 1313 si
1065 1287 1091 1313 δὲ
1106 1288 1153 1313 σὺν
1168 1287 1201 1321 τῇ
1215 1286 1340 1321 διαφορᾷ.
1357 1286 1372 1319 ἧ
1399 1285 1466 1320 μετὰ
1479 1285 1527 1320 τὴν
1551 1285 1694 1319 διαφορὰν,
1710 1285 1755 1311 τὸν
1768 1284 1792 1310 δι

1024 1332 1137 1367 ορισμδν
1161 1331 1315 1364 ἀναγκαίως
1337 1331 1421 1365 ὁρῶσι
1445 1330 1498 1356 τῶν
1522 1329 1702 1364 διαφερόντων
1716 1349 1723 1361 ,
1751 1328 1808 1360 πῶς

1026 1377 1161 1412 διαφορὰν
1177 1377 1303 1410 λέγοντες
1329 1376 1375 1402 τὸν
1389 1376 1459 1402 κατὰ
1473 1376 1518 1402 τὸν
1540 1376 1619 1409 λόγον
1643 1376 1698 1402 τῶν
1715 1376 1808 1409 διαφε-

1027 1426 1129 1459 ρόντων
1158 1421 1296 1458 διορισμὸν
1312 1420 1342 1447 οὗ
1358 1429 1422 1455 φασι
1433 1441 1441 1454 ,
1466 1421 1514 1447 κλὶ
1525 1421 1747 1455 ὁμολογουμένως
1761 1421 1809 1447 καὶ

1026 1471 1074 1505 τῆς
1089 1470 1149 1496 καθ’
1164 1469 1311 1495 ὑπόστασιν
1328 1467 1417 1494 αὐτῶν
1444 1467 1566 1498 ἑνώσεως
1584 1467 1789 1502 φυλαττομένης
1799 1485 1808 1499 ,

1026 1515 1061 1541 τὰ
1083 1513 1247 1550 διαφέροντα
1277 1514 1316 1548 τῷ
1327 1514 1399 1549 λόγῳ
1427 1515 1473 1540 καὶ
1499 1514 1636 1549 διαφόροις
1662 1514 1809 1549 ὁριστικοῖς

1025 1560 1115 1594 λόγοις
1132 1557 1187 1586 οἷον
1209 1568 1279 1586 τισιν
1294 1560 1365 1594 ὅροις
1391 1558 1563 1595 διοριζόμενα
1586 1559 1809 1595 άπαριϐμοῦσιν;

1059 1692 1144 1724 νζ’.”0
1156 1689 1272 1725 ἀριθμὸς
1286 1688 1301 1725 ἢ
1320 1689 1519 1725 προῦπάρχειῆ
1536 1691 1702 1726 συνυπάρχει
1716 1691 1731 1726 ἢ
1746 1692 1810 1726 μεθ-

1027 1738 1146 1773 υπάρχει
1175 1738 1225 1770 τῆς
1248 1736 1380 1770 διαφορᾶς
1397 1736 1503 1767 πάντως
1516 1744 1522 1750 ·
1543 1737 1590 1771 τὴν
1611 1733 1656 1762 οὖν
1677 1736 1809 1771 διαφορὰν

1025 1784 1080 1811 τῶν
1091 1782 1236 1819 ἡνωμένων
1252 1781 1358 1816 φύσεων
1372 1782 1418 1808 τοῦ
1437 1782 1541 1817 Κυρίου
1562 1783 1587 1807 ot
1604 1782 1808 1816 ὁμολογοῦντες,

1026 1830 1072 1856 τὸν
1090 1827 1206 1863 ἀριθμὺν
1227 1827 1273 1853 τὸν
1296 1827 1358 1852 κατ’
1375 1826 1476 1860 αὐτὴν,
1491 1826 1575 1860 ἥγουν
1597 1826 1632 1852 τὰ
1648 1827 1809 1861 διαφέροντα

1027 1875 1188 1910 πράγματα,
1202 1873 1226 1900 εί
1242 1873 1289 1906 μὲν
1303 1873 1356 1907 πρὸ
1371 1872 1453 1907 αὐτῆς
1469 1872 1553 1903 ίσασι,
1570 1864 1737 1905 λεγέτωσαν,
1757 1872 1809 1899 ποῦ

1029 1921 1126 1951 ίδόντες
1142 1918 1210 1945 αὐτὰ
1225 1919 1241 1953 ἢ
1258 1918 1322 1944 πότε
1336 1918 1452 1952 διάφορα
1470 1916 1636 1952 ἠρίθμησαν,
1652 1916 1696 1942 ἴνα
1719 1918 1749 1943 ὲκ
1763 1917 1809 1944 δύο

1029 1965 1077 2000 μὲν
1089 1965 1224 2000 διαφόρων
1244 1965 1291 1999 μία
1304 1965 1332 1990 δὲ
1346 1964 1425 1998 φύσις
1442 1963 1483 1998 εἴη
1502 1964 1592 1994 αὐτοῖς
1604 1963 1650 1989 νῦν
1665 1964 1681 1998 ἢ
1696 1963 1805 1998 ἀδιάφο-

1028 2019 1084 2045 ρος,
1108 2009 1152 2036 ὅτε
1176 2009 1294 2035 διίστατο
1308 2009 1407 2043 ἔχουσα
1427 2008 1457 2034 τὺ
1471 2009 1572 2042 ὅμοιον,
1592 2009 1634 2034 ὅτε
1659 2008 1687 2034 δὲ
1717 2008 1806 2043 ήνὼθη

1026 2056 1088 2082 τάδε
1104 2055 1223 2082 λαῦοῦσα
1238 2055 1267 2080 τὸ
1283 2054 1421 2090 διάφορον·
1445 2055 1469 2080 εἰ
1492 2053 1519 2080 δὲ
1541 2054 1588 2079 σὺν
1604 2055 1636 2089 τῇ
1650 2053 1775 2088 διαφορᾷ,
1791 2053 1807 2088 ἢ

1029 2102 1097 2137 μετὰ
1111 2102 1213 2136 ταύτην
1230 2102 1244 2127 ὁ
1265 2102 1380 2136 ἀριθμός
1399 2102 1482 2130 ἐστιν,
1499 2101 1656 2134 ἀναγκαίως
1678 2101 1808 2135 διαφορὰν

1026 2149 1126 2179 δόντες.
1144 2147 1159 2183 ἢ
1181 2149 1229 2174 σὺν
1252 2148 1338 2181 αὐτῇ,
1364 2147 1380 2181 ἢ
1403 2146 1447 2172 ἐπ’
1464 2146 1541 2181 αὐτῇ,
1563 2146 1611 2172 καὶ
1633 2145 1677 2172 τὸν
1694 2145 1807 2180 ἀριθμὸν

1027 2194 1080 2220 τῶν
1096 2193 1278 2228 διαφερόντων
1293 2192 1548 2227 είσπραχϐήσονται.

1063 2239 1112 2273 νη’.
1128 2239 1160 2265 Εί
1180 2238 1243 2273 μίαν
1258 2239 1289 2264 ἐκ
1312 2238 1370 2269 δύο,
1384 2237 1443 2272 οὐχὶ
1466 2236 1494 2262 δὲ
1517 2236 1564 2262 καὶ
1581 2235 1627 2262 δύο
1644 2236 1737 2269 φύσεις
1758 2235 1804 2260 τοῦ

1027 2285 1130 2320 Κυρίου
1148 2284 1226 2318 ἡμῶν
1250 2283 1338 2318 Ἰησοῦ
1357 2281 1474 2317 Χριστοῦ
1485 2279 1554 2307 εἷναί
1569 2289 1644 2312 φασι,
1655 2280 1808 2313 λεγέτωσαν

1027 2331 1075 2364 τῆς
1092 2330 1165 2361 Θείας
1178 2330 1248 2363 ὑπὲρ
1261 2329 1306 2355 τὸν
1318 2328 1363 2354 τοῦ
1378 2326 1466 2353 κοινοῦ
1483 2327 1529 2352 καὶ
1544 2326 1627 2352 ἱδικοῦ
1639 2325 1716 2359 λόγον
1726 2324 1809 2360 οὔσης

187 2385 223 2405 ex
246 2379 366 2406 omnium
391 2386 527 2405 consensu
544 2382 661 2409 natura,
686 2377 799 2404 alteram
822 2377 939 2403 duarum
960 2385 974 2404 e

1030 2376 1136 2410 φύσεως
1152 2374 1383 2409 ὁμολογουμένως,
1408 2373 1457 2407 τὴν
1478 2371 1573 2406 ἑτέραν
1596 2371 1649 2398 τῶν
1665 2371 1712 2397 δύο
1727 2370 1757 2403 ἐξ
1773 2368 1810 2397 ὧν

186 2425 290 2459 quibus
313 2424 448 2454 Salvator,
470 2423 577 2450 scilicet
602 2423 811 2451 lnnmnitatcm,
829 2427 974 2456 quamnam

188 2469 304 2497 dicunt?
330 2468 524 2500 Communem,
550 2473 597 2495 aut
623 2467 837 2503 particularem?
860 2467 886 2494 Si
911 2474 976 2501 ergo

187 2514 301 2549 quidem
321 2514 514 2548 particularem
528 2513 672 2548 quamdam
688 2517 815 2539 naturam
830 2512 979 2547 particula-

191 2561 259 2587 riter
273 2560 454 2587 cxsistentem
467 2560 606 2594 ctabsque
621 2559 712 2587 Verbo
727 2558 795 2586 l‘orte
809 2559 880 2586 hanc
895 2566 979 2586 exco-

190 2607 289 2642 gitant,
305 2607 480 2641 perspicuum
496 2611 538 2633 est
552 2606 625 2641 quod
645 2605 835 2632 Nestorianam
852 2604 975 2639 impieta-

192 2657 246 2679 tem
272 2656 422 2679 sectantur.
449 2652 476 2679 Si
501 2659 673 2679 communem
699 2651 768 2678 hanc
793 2651 903 2685 dicunt,
929 2653 976 2676 aut

191 2697 368 2733 cogitatione,
393 2702 440 2724 aut
463 2705 503 2729 rc,
529 2697 612 2724 totius
629 2700 693 2723 vero
713 2697 806 2723 formae
827 2696 975 2724 essentiam

192 2744 286 2775 aiunt;
309 2743 332 2770 si
357 2751 422 2778 ergo
445 2743 557 2777 quidem
583 2743 750 2777 cogitatione
774 2742 869 2770 dicunt
893 2749 976 2768 unam

193 2797 253 2816 esse
268 2796 362 2815 earum
385 2796 400 2814 e
423 2789 524 2824 quibus
540 2789 663 2816 Salvator
686 2788 853 2823 compositus
869 2791 910 2814 cst
924 2794 977 2813 una

193 2838 291 2862 natura
318 2839 462 2867 constans,
491 2835 666 2869 perspicuum
701 2838 743 2861 cst
768 2833 840 2868 quod
866 2832 981 2860 rationis

195 2880 328 2907 naturalis
341 2880 412 2906 circa
437 2880 526 2914 ipsum
544 2880 632 2906 media
656 2887 727 2914 pars,
746 2879 908 2914 cogitatione
927 2878 981 2905 crit

193 2931 221 2954 et
247 2934 301 2953 non
325 2934 364 2967 τε,
384 2926 493 2953 scilicet
517 2926 665 2953 humanum
690 2933 752 2959 pars
775 2923 981 2959 entiipnsitionis

1027 2423 1042 2448 ὑ
1057 2422 1162 2456 Σωτὴρ,
1181 2421 1265 2455 ἢγουν
1282 2420 1329 2454 τὴν
1344 2417 1526 2452 ἀνθρωπείαν,
1543 2417 1638 2442 ὁποίαν
1656 2417 1740 2450 quasi;
1755 2425 1809 2443 κοι-

1029 2468 1087 2502 νὴν,
1102 2467 1118 2500 ἣ
1135 2466 1222 2499 ίδικήν
1235 2474 1241 2496 ;
1255 2465 1284 2490 Εἰ
1303 2464 1351 2498 μὲν
1365 2461 1411 2489 οὖν
1437 2463 1522 2496 ἱδικήν
1535 2470 1595 2487 τινα
1613 2461 1765 2493 ἰδιάζουσαν
1779 2469 1810 2486 τε

1029 2514 1113 2548 χωρἰς
1128 2511 1174 2537 τοῦ
1185 2511 1269 2544 Λόγου
1288 2508 1351 2535 ποτὲ
1369 2508 1469 2543 ταύτην
1485 2508 1596 2539 οἴονται,
1615 2508 1693 2542 δῆλον
1706 2507 1742 2539 ὡς
1756 2507 1810 2533 Νε-

1030 2558 1176 2594 στοριανῶς
1191 2555 1350 2582 ἀσεϐοῦσιν·
1369 2555 1393 2581 εί
1415 2555 1443 2581 δὲ
1468 2554 1560 2589 κοινὴν
1583 2553 1660 2588 τήνδε
1677 2554 1809 2586 λέγουσιν,

1029 2605 1045 2640 ἢ
1069 2605 1118 2638 τὴν
1141 2602 1254 2636 ἐπινοίᾳ,
1271 2601 1287 2635 ἢ
1302 2600 1351 2635 τὴν
1374 2601 1527 2635 πράγματι,
1546 2600 1607 2626 ὅλου
1621 2599 1648 2625 δὲ
1665 2598 1710 2624 τοῦ
1726 2598 1811 2629 είδους

1029 2649 1121 2676 οὐσίαν
1136 2646 1229 2679 φασίν.
1253 2646 1282 2672 Et
1301 2646 1350 2681 μὲν
1372 2643 1417 2671 οὖν
1434 2645 1482 2680 τὴν
1502 2645 1609 2679 ἐπινοίᾳ
1622 2643 1731 2676 λέγουσι
1749 2643 1813 2678 μίαν

1029 2690 1098 2718 εἶναι
1112 2690 1166 2716 τῶν
1180 2689 1211 2721 ἐξ
1232 2685 1269 2715 ὧν
1292 2689 1306 2714 ὁ
1327 2689 1422 2724 Σωτὴρ
1438 2688 1564 2719 σύνθετός
1582 2689 1640 2714 ἔστι
1661 2688 1732 2713 κατὰ.
1751 2687 1813 2722 μίαν

1030 2737 1109 2771 φύσιν
1124 2735 1258 2770 ὑφεστὼς,
1279 2735 1364 2769 σαφὲς
1380 2734 1417 2766 ὡς
1443 2733 1472 2760 τὸ
1491 2734 1577 2769 ἥμισυ
1590 2733 1636 2759 τοῦ
1659 2732 1717 2759 κατ’
1733 2732 1814 2758 αὑτὸν

1031 2781 1146 2817 φυσικοῦ
1160 2782 1251 2814 λόγου,
1266 2779 1372 2815 ἐπινοίᾳ
1383 2780 1458 2806 ἕσται
1473 2779 1541 2813 ἔχων
1553 2780 1600 2804 καὶ
1615 2779 1646 2804 οὒ
1660 2778 1813 2814 πράγματι,

1032 2829 1114 2862 ἤγουν
1126 2827 1156 2853 ἰδ
1170 2825 1341 2861 ἀνθρώπινον
1361 2827 1441 2860 μέρος
1456 2826 1504 2858 τῆς
1519 2825 1669 2854 συνθέσεως
1684 2823 1776 2849 αὐτοῦ·
1789 2822 1813 2847 εί

1031 2875 1059 2901 δὲ
1075 2873 1146 2900 κατὰ
1160 2873 1239 2899 τοῦτο
1255 2872 1302 2898 καὶ
1324 2873 1355 2898 ἐκ
1371 2872 1420 2905 τῆς
1435 2871 1573 2905 Παρθένου
1589 2869 1748 2904 σαρκοῦται,
1766 2869 1814 2894 καὶ

1033 2919 1183 2956 ἀνθρώποις
1208 2918 1312 2954 epam].
1333 2917 1380 2945 καὶ
1408 2916 1578 2951 ἐσταυρώθη,
1603 2916 1651 2942 καὶ
1668 2915 1702 2941 τὲ
1721 2913 1813 2948 λοιπὰ,
