1963 3077
113 167 180 202 1801

678 159 827 191 CONTRA
845 155 1002 190 MONOPH
1007 158 1146 189 YSITAS.

1674 154 1684 186 1
1689 155 1742 186 802

111 225 221 256 πάντως
235 222 380 251 καὶταῦτα
395 220 502 255 ἐπινοίᾳ
521 219 569 246 καὶ
588 219 617 245 οὐ
635 218 780 254 πράγματι
793 216 900 251 άληθῶς

965 216 1022 251 :jus.
1039 214 1068 242 Si
1084 221 1147 242 vere
1162 214 1236 242 circa
1258 213 1326 240 illud
1342 217 1369 240 et
1383 220 1399 240 e
1415 212 1526 248 Virgine
1541 212 1702 240 incarnatur
1714 217 1743 240 et

111 270 269 305 γεγένηταιο
289 268 314 295 εί
328 267 358 295 δι
380 266 523 302 πράγματι
543 264 602 299 μὲν,
625 263 718 298 κοινὴν
729 262 757 289 δὲ
775 261 825 297 τὴν
840 260 901 288 κατ’

111 315 195 343 αὑτὸν
210 314 292 349 φύσιν
311 313 363 348 τῆς
383 309 593 347 ἀνθρωπότητός
616 317 709 344 φασιν,
739 308 800 335 ἐπεὶ
815 308 845 334 ἐν
867 308 903 342 τῇ

111 362 191 397 κοινῇ
216 361 249 396 τῇ
273 359 416 395 πράγματι
438 354 509 384 εἶναι
528 355 673 391 λεγομένῃ,
696 353 797 386 Ἰούδας
809 362 838 381 τε
855 353 902 380 καὶ

113 407 229 438 Πιλᾶτος
247 405 331 438 ἐστὶν,
344 405 400 441 ἄρα
414 404 461 431 καὶ
476 401 550 431 οῦτοι
562 401 639 429 οὐδὲν
649 398 730 437 ἦττον
738 399 785 427 τοῦ
802 399 903 427 Δεσπό-

112 461 159 479 του
181 449 404 486 ἐσταυρώθησαν,
416 448 464 475 καὶ
477 449 509 474 ἐκ
523 446 628 482 νεκρῶν
643 445 806 480 ἀνέστησαν·
822 444 903 475 αὐτός

113 506 144 524 τε
158 497 233 523 οὐδὲν
248 494 331 531 ἦττον
346 494 486 530 προέδωκέ
502 501 532 520 τε
550 493 598 520 καὶ
618 488 792 526 ἐσταύρωὰεν
805 489 904 521 αὐτούς

113 551 145 569 τε
160 542 207 569 καὶ
227 541 332 568 ἑαυτόν.
341 539 420 567 οὕτω
433 540 462 566 δὲ
473 539 520 566 καὶ
535 536 735 572 συγγενηθῑγιαι
752 535 826 571 αὐτῷ
839 535 904 562 ’Λν-

114 596 164 619 νας
182 595 211 613 τε
227 586 275 613 καὶ
297 585 425 620 Καϊάφας
443 585 476 611 ἐκ
493 584 541 619 τῆς
564 583 646 617 ἁγίας
663 581 803 617 Παρθένου
819 582 905 608 νοοῖτο

114 634 158 661 ἂν.
167 633 248 660 Ἀλλὰ
262 632 316 668 μὴν
326 633 373 658 καὶ
385 632 400 658 6
412 631 563 666 προπάτωρ
575 627 660 664 αὐτῆς
672 628 764 660 Δαϐὶδ,
777 627 825 656 καὶ
835 627 904 662 αὐτὴ

114 682 131 717 ἠ
159 681 295 716 ἄχραντος
319 679 369 714 μία
383 687 426 710 τις
448 674 516 704 οὖσα
537 677 587 711 τῆς
606 675 701 709 κοινῆς
716 674 837 710 φύσεως,
860 674 905 708 ὑφ’

113 726 215 761 ἑαυτῆς
229 725 393 760 γεννηθῆναι
410 723 460 751 σὺν
483 722 523 758 τῷ
539 721 599 757 Θεῷ
625 721 704 755 Λόγῳ
731 719 783 756 τὴν
813 719 906 756 κοινὴν

114 771 197 806 φύσιν
216 771 266 806 τῆς
281 769 491 805 ἁνθρωπότητος
506 767 647 803 γεννώσης
661 766 811 801 λογισθείη·
827 761 864 792 ὧν
880 765 906 792 τί

115 817 290 852 ἀτοπώτερον
314 815 422 851 ἐξεύροι
441 823 493 846 τις,
518 814 534 850 ἢ
558 813 800 849 βλασφημότερονς
821 812 853 839 Et
878 811 906 838 δὲ

115 863 231 895 λέγοιεν·
247 862 343 896 Ὑμεῖς
354 859 400 888 οὖν
417 862 446 888 ἐν
467 860 514 887 δύο
528 859 626 894 φύσεσι
639 859 686 886 τὸν
705 858 845 894 Δεσπάτην
861 858 906 885 δο-

116 909 253 943 ξάζοντες,
265 908 366 935 ὁποίων
380 907 482 934 τούτων
495 906 580 942 «pars;
592 905 716 940 ἀφθόνως
725 905 816 937 αὐτοῖς
828 904 907 940 ἐροῦ-

118 963 179 990 μεν,
197 954 234 986 ὼς
252 955 284 980 ὲκ
298 953 346 980 δύο
364 953 413 988 μὲν
426 953 476 989 τῆς
489 960 520 979 τε
532 951 607 983 θείας
621 951 669 978 καὶ
683 951 733 986 τῆς
746 952 840 986 κοινῆς
856 951 905 977 ἀν-

117 999 256 1035 ῠρωπείσς
280 998 365 1034 ἄμφω
382 996 621 1034 προῦπαρχουσῶν
636 996 686 1031 τῆς
701 997 823 1027 ἐνώσεως
839 996 907 1032 Χρι-

117 1045 181 1073 ατοῦ
199 1053 300 1080 φαμεν·
316 1046 346 1072 ἐν
362 1044 409 1071 δύο
434 1043 472 1078 δὲ,
489 1044 539 1079 τῆς
561 1052 590 1070 τε
607 1043 677 1078 ὑπὲρ
691 1042 737 1069 τὸν
755 1042 846 1070 κοινὸν
861 1042 907 1068 λό-

117 1101 165 1126 γον
178 1092 226 1118 καὶ
243 1091 328 1118 ίδικὸν
343 1090 426 1126 οὒσης
441 1089 534 1125 κοινῆς
550 1089 675 1124 θεότητος
692 1089 740 1116 καὶ
753 1088 804 1123 τῆς
821 1088 908 1122 ῑόικῆς

119 1138 201 1173 μόνου
218 1136 303 1164 αὑτοῦ
329 1136 549 1173 ἀνθρωπότητος.
571 1136 628 1170 Τὴν
644 1135 693 1171 μὲν
708 1134 763 1169 γὰρ
800 1135 833 1161 ἐκ
856 1133 902 1160 δύο

116 1184 228 1219 ῖρύσεων
243 1183 337 1219 φωνὴν
353 1182 480 1218 συνιστᾷν
494 1181 617 1214 δυνατὸν,
633 1181 682 1208 καὶ
704 1180 737 1207 ἐκ
761 1180 812 1215 τῆς
839 1180 909 1207 κατὰ

119 1229 267 1264 ἀφαίρεσιν
282 1227 495 1263 λαμϐανομένης
514 1225 623 1262 φύσεως
638 1227 671 1253 ἐκ
686 1225 734 1253 τοῦ
751 1224 840 1252 κοινοῦ
855 1225 909 1252 τῶν

119 1273 273 1309 ἀνθρώπιον
288 1273 358 1310 πρὸς
373 1274 407 1309 τῇ
427 1273 592 1308 ἐνυπάρκτῳ
612 1271 721 1307 θεότητι
742 1271 850 1307 ἐπινοίᾳ
864 1270 908 1298 οὖ-

119 1327 181 1347 σαν·
208 1319 316 1355 ἐπινοίᾳ
343 1319 398 1354 γὰρ
425 1319 473 1346 καὶ
495 1318 654 1354 θεωροῦμεν
669 1317 724 1353 πρὸ
738 1317 860 1354 Χριστοῦ
875 1317 910 1344 τὰ

119 1363 253 1400 Χριστοῦ·
274 1364 309 1391 τὰ
327 1364 356 1390 δὲ
371 1364 401 1390 ἐν
416 1363 490 1399 αὺτῷ
503 1362 667 1397 ὑφεστώτως
679 1363 745 1391 ὅντα
756 1363 908 1397 ὁμολογεῖν,

119 1410 172 1437 οὑκ
200 1409 259 1436 ἐστι
277 1409 332 1445 πρὸ
354 1409 448 1441 αὐτοῦ,
466 1409 523 1437 ἀλλ’
541 1410 571 1436 ἐν
592 1408 676 1445 αὐτῷ·
689 1406 771 1437 ’ὥστε
795 1408 845 1444 τὴν
864 1409 911 1444 ὑφ-

122 1456 247 1483 εστῶσαν
262 1456 345 1484 αὐτοῦ
365 1456 574 1492 ἀνθρωπότητα,
589 1455 614 1482 οἱ
626 1455 674 1483 δύο
697 1455 793 1490 φύσεις
810 1455 911 1487 ειδότες

123 1502 266 1538 ἠνωμένας
291 1502 321 1528 ἐν
342 1501 453 1538 Χριστῷ
474 1508 541 1536 φασι
564 1501 675 1536 μᾶλλον,
690 1501 764 1536 ἢπερ
779 1501 805 1528 οἱ
819 1501 851 1527 ἐκ
864 1500 912 1527 δυο

122 1548 231 1582 φύσεων
244 1546 368 1582 λέγοντες
382 1547 473 1575 αὐτόν.

952 261 987 289 ab
996 261 1157 288 hominibus
1165 260 1240 288 visus
1251 264 1304 292 est,
1315 264 1344 288 et
1352 258 1503 287 cruciﬁxus
1513 264 1566 292 est,
1583 263 1611 286 et
1624 259 1742 294 reliqua,

953 315 1067 342 prorsus
1079 311 1108 334 et
1127 306 1172 334 illa
1184 306 1361 342 cogitatione,
1380 313 1431 333 nec
1448 312 1478 333 re
1494 313 1559 334 vere
1579 305 1650 334 facta
1666 311 1742 333 sunt.

953 353 982 382 Si
997 361 1064 382 vero
1079 361 1108 381 re
1122 353 1245 388 quidem,
1258 359 1434 380 communem
1449 359 1516 380 vero
1530 352 1564 380 de
1584 353 1644 388 ipso
1661 357 1743 380 natu-

954 407 1014 427 ram
1029 399 1211 427 humanitatis
1228 402 1371 432 asserunt,
1394 398 1617 434 quandoquidem
1640 399 1668 426 in
1693 399 1744 426 hac

954 444 1094 473 communi
1110 445 1182 473 dicta
1197 452 1258 480 quae
1272 444 1300 472 in
1322 452 1352 472 re
1365 444 1473 472 exsistit
1491 445 1577 472 Judas
1597 449 1627 473 et
1643 445 1745 473 Pilatus

954 495 1030 525 sunt,
1044 499 1109 527 ergo
1122 495 1150 519 et
1170 490 1216 518 isti
1238 497 1293 518 non
1306 490 1399 518 minus
1412 498 1493 526 quam
1506 490 1637 518 Dominus
1652 491 1745 518 eruci-

956 539 1002 566 tlxi
1017 542 1082 567 sunt
1097 543 1125 567 et
1137 546 1153 566 a
1165 538 1284 566 mortuis
1298 542 1527 571 resurrexerunt;
1551 538 1665 574 ipseque
1689 545 1744 566 non

956 585 1048 613 minus
1061 589 1090 613 et
1107 585 1183 620 ipsos
1196 589 1225 613 et
1241 592 1270 613 se
1284 583 1373 620 ipsum
1388 589 1416 612 et
1432 584 1544 612 tradidit
1556 588 1585 612 et
1597 584 1744 612 cruciﬁxit.

957 630 1003 659 Sic
1015 635 1044 658 et
1057 639 1111 658 una
1126 639 1188 658 cum
1206 631 1266 666 ipso
1279 635 1359 658 natos
1375 635 1404 658 et
1418 630 1512 658 Annos
1531 635 1559 658 et
1578 630 1697 666 Caiphas
1713 639 1745 658 ex

957 681 1051 704 sancta
1061 677 1172 712 Virgine
1184 676 1397 712 excogitaretur.
1408 676 1463 703 Sed
1472 680 1500 703 et
1510 677 1571 711 ejus
1581 683 1649 703 avus
1660 676 1745 703 David

957 726 985 749 et
998 721 1056 756 ipsa
1070 720 1246 748 immaculata
1263 721 1345 748 unica
1365 719 1491 755 quasdam
1511 719 1650 747 exsistcns
1663 719 1748 754 hujus

957 769 1113 796 communis
1124 772 1230 796 naturae
1243 767 1278 795 ab
1290 767 1348 802 ipsa
1360 766 1452 803 genita
1466 766 1616 798 diceretur,
1629 765 1664 793 ab
1676 765 1747 801 ipsa,

958 815 1087 850 inquam,
1103 814 1277 842 humanitate
1301 820 1364 840 cum
1388 813 1444 841 Deo
1460 812 1552 841 Verbo
1573 819 1748 839 communem

958 866 1084 889 naturam
1095 861 1234 897 gignente.
1244 860 1368 894 Quorum
1378 859 1445 895 quid
1455 859 1603 887 absurdius
1613 858 1748 890 invenies,

958 908 1002 935 vel
1028 908 1114 944 magis
1138 907 1348 942 blaSphemum?
1371 906 1399 934 Si
1425 911 1517 934 autem
1539 905 1659 933 dixerint
1674 913 1681 932 :
1696 906 1751 933 νη

958 963 1025 991 ergo
1038 962 1054 983 e
1069 954 1178 982 duabus
1192 954 1299 982 naturis
1317 953 1463 982 Dominum
1481 953 1664 985 celebrantes,
1681 960 1751 987 qua-

960 1000 1086 1027 rumnam
1107 999 1218 1026 illorum
1234 998 1344 1026 dicitis?
1361 998 1473 1033 Absque
1498 997 1601 1024 invidia
1619 997 1686 1032 ipsis
1708 1005 1753 1023 re-

960 1045 1172 1081 spondebimus,
1185 1044 1265 1080 quasi
1279 1052 1294 1072 e
1309 1043 1418 1072 duabus
1432 1043 1544 1079 quidem
1566 1047 1596 1070 et
1614 1043 1708 1070 divina
1724 1047 1754 1070 et

960 1090 1099 1119 communi
1109 1090 1228 1118 humana
1237 1089 1494 1125 prmexsistentibus
1502 1088 1663 1116 adunationi
1674 1087 1724 1116 Chi
1732 1089 1754 1115 ἱ·

960 1137 996 1165 sti
1011 1137 1106 1165 ambas
1120 1136 1254 1170 dicimus;
1273 1136 1301 1163 in
1319 1136 1427 1163 duabus
1443 1143 1520 1168 vero,
1530 1135 1671 1163 communi
1684 1134 1754 1162 divi-

960 1182 1048 1210 nitate
1059 1189 1120 1217 qua':
1130 1189 1278 1210 commune
1290 1181 1405 1209 verbum
1414 1185 1442 1208 et
1453 1181 1618 1216 particulare
1629 1185 1752 1215 superat,

959 1232 990 1256 et
1009 1227 1170 1263 particulari
1187 1227 1274 1262 ipsius
1297 1227 1384 1255 solius
1403 1226 1585 1254 humanitate.
1599 1226 1723 1261 Namque
1738 1234 1753 1253 e

961 1274 1069 1302 duabus
1083 1274 1191 1301 naturis
1206 1281 1302 1301 vocem
1320 1273 1443 1301 stabilire
1460 1273 1591 1308 possibile
1605 1277 1657 1303 est.
1675 1277 1704 1300 et
1720 1280 1754 1299 ex

962 1323 1061 1347 natura
1087 1327 1137 1355 per
1158 1319 1357 1347 extractionem
1383 1324 1522 1354 assumpta
1555 1327 1589 1346 ex
1608 1319 1752 1346 hominum

963 1366 1102 1394 communi
1116 1370 1215 1393 natura
1226 1366 1259 1393 ad
1270 1366 1444 1393 divinitatem
1460 1365 1534 1393 intus
1546 1369 1753 1400 permanentem

962 1411 1128 1446 cogitatione
1144 1411 1335 1439 exsistentem.
1352 1410 1526 1446 Cogitatione
1548 1410 1623 1438 enim
1646 1415 1674 1438 et
1689 1415 1754 1437 ante

963 1455 1103 1484 Christum
1118 1464 1151 1484 ea
1170 1464 1232 1491 quae
1246 1456 1274 1483 in
1296 1455 1408 1483 Christo
1430 1459 1496 1483 sunt
1518 1455 1753 1490 contemplamur;

965 1509 1025 1537 qum
1037 1509 1103 1529 vero
1118 1502 1147 1529 in
1161 1502 1222 1538 ipso
1238 1501 1328 1537 rcipsa
1341 1505 1407 1529 sunt
1416 1501 1555 1533 conﬁteri,
1565 1509 1619 1528 non
1630 1506 1671 1529 est
1686 1501 1754 1528 illud

923 1541 944 1570 (ἶ
960 1551 1024 1574 ante
1037 1547 1140 1582 ipsum,
1152 1547 1201 1575 sed
1217 1547 1247 1575 in
1266 1547 1343 1582 ipso;
1354 1547 1395 1584 ita
1408 1551 1439 1575 ut
1456 1546 1652 1574 subsistentem
1667 1547 1755 1582 ipsius

124 1593 334 1626 humanitatem,
347 1593 394 1629 qui
405 1593 474 1622 duas
486 1597 598 1622 naturas
623 1597 744 1621 noscunt
755 1592 891 1621 adunatas
917 1591 945 1620 in
962 1592 1085 1626 Christo,
1101 1593 1197 1621 dicunt
1220 1593 1308 1629 magis
1325 1600 1406 1628 quam
1424 1593 1471 1629 qui
1487 1601 1504 1621 ο
1520 1592 1628 1621 duabus
1649 1593 1757 1620 naturis

124 1639 213 1674 ipsam
231 1639 337 1667 dicunt.

161 1686 212 1713 vl)’.
233 1685 296 1713 Ἔτι
312 1687 329 1721 ἡ
355 1686 405 1720 μία
423 1685 505 1722 φύσις
519 1685 565 1712 τοῦ
583 1684 651 1712 Θεοῦ
670 1685 757 1720 Λόγου
772 1685 789 1720 ἡ
801 1684 849 1712 νῦν
869 1693 915 1711 σε-

125 1730 313 1767 ισρκωμένη,
331 1729 366 1767 ἦν
384 1739 450 1758 ποτε
478 1729 719 1766 σεσαρκωμένη,ἢ
741 1730 818 1765 auxi;
840 1730 865 1756 ει
889 1730 917 1756 δὲ

123 1777 206 1805 τοῦτο
226 1776 410 1812 ἀναμςίδολον
430 1776 478 1804 καὶ
502 1776 606 1808 αὐτοῖς,
622 1775 772 1803 ἀκουστέον
787 1775 852 1811 παρ’
868 1774 917 1802 αὖα

125 1823 193 1856 τῶν,
213 1823 239 1849 εί
257 1821 326 1849 Θεοῦ
340 1830 369 1848 τε
384 1821 471 1856 Λόγου
486 1819 531 1857 ἦν.
554 1821 602 1848 καὶ
627 1820 709 1856 φύσις
731 1818 778 1856 ἦν,
803 1821 851 1847 καὶ
866 1820 916 1856 μία

125 1865 172 1903 ἦν,
187 1868 236 1894 καὶ
258 1867 311 1903 πρὸ
334 1867 383 1894 τοῦ
408 1866 595 1902 σαρκωθῆναι,
624 1866 809 1902 σαρκωθεῖσα,
825 1865 853 1893 τί
868 1867 917 1893 ἐπ-

127 1912 305 1948 εκτήσατο,ἢ
330 1912 357 1939 τί
370 1912 535 1946 ἀπεϐάλετος
555 1913 580 1940 εί
598 1912 648 1948 μὲν
672 1912 750 1940 οὐδὲν
766 1912 918 1939 ἀπεϐάλετο

127 1961 172 1995 (οὐ
199 1960 255 1995 γὰρ
280 1959 353 1987 κατὰ
375 1960 480 1995 τροπὴν
498 1959 607 1995 εἴρηται
619 1959 666 1986 καὶ
681 1959 860 1993 μετουσίωσιν
875 1959 916 1992 τὸ,

129 2006 327 2041 σεσαρκωμένη
339 2025 348 2036 ,
371 2004 465 2040 ὥσπερ
482 2005 573 2039 φαμὲν
601 2005 648 2031 ἐπὶ
661 2004 709 2031 τοῦ
730 2005 911 2040 κρυστάλλου,

128 2052 182 2086 μία
189 2050 271 2086 φύσις
280 2050 373 2081 ὓδατος
387 2049 579 2085 λελιθωμένη),
594 2050 676 2086 δῆλον
690 2050 728 2082 ὡς
742 2051 918 2086 ἐπεκτήσατο

128 2097 232 2132 σάρκα,
245 2096 333 2131 ἤγουν
340 2095 546 2132 ἁνθρωπότηται
563 2095 632 2131 αὕτη
645 2096 672 2122 δὲ
684 2095 710 2123 τί
723 2097 793 2130 ἐστι,
807 2097 919 2132 ποιότης

126 2143 144 2176 ἢ
160 2141 244 2177 quiat;
262 2150 319 2174 τις;
336 2142 360 2168 εἰ
374 2142 403 2169 δὲ
419 2142 528 2173 πάντως
553 2142 635 2177 φύσις
659 2142 728 2178 αὕτη
755 2144 771 2179 ἡ
787 2143 919 2177 κτηθεῖσα

127 2188 212 2223 φύσις
222 2188 290 2223 πρὸς
305 2188 338 2223 τῇ
355 2187 516 2223 κτησαμένη
530 2187 613 2223 αὐτὴν
629 2189 678 2224 μιᾷ
688 2188 735 2215 τοῦ
746 2188 815 2215 Θεοῦ
831 2189 917 2222 Λόγου

129 2233 228 2269 τρύσει,
245 2233 327 2260 πόσαι
343 2232 376 2260 ἂν
395 2231 460 2266 εἷεν,
478 2234 633 2260 εἰπάτωσαν
647 2234 712 2269 ἡμῖν
729 2233 916 2268 εὐγνωμόνως.

165 2280 198 2314 ξ.
217 2281 281 2307 Ἔτι
302 2280 335 2307 ἐκ
354 2280 403 2307 δύο
423 2280 529 2315 φύσεων
547 2280 595 2316 τὴν
613 2281 678 2316 μίαν
693 2280 774 2314 φύσιν
787 2280 833 2306 τοῦ
849 2279 916 2306 Θεοῦ

128 2328 220 2362 Λόγου
240 2327 288 2362 τὴν
305 2327 517 2362 σεσαργιωμένην
533 2327 633 2359 ἴσασιν,
649 2326 666 2363 ἢ
683 2326 802 2362 Χριστοῦ
820 2327 914 2361 μόνον;
927 2321 955 2353 Ῑ)

128 2375 153 2401 εί
178 2373 231 2409 μιν
257 2373 377 2409 Χριστοῦ
393 2373 484 2408 μόνον,
512 2372 674 2406 κακούργως
701 2373 766 2408 περὶ
797 2372 917 2408 Χριστοῦ

71 2433 73 2435 -
128 2417 340 2453 ἀνακρινόμενοι
356 2417 420 2452 παρ’
434 2417 524 2452 ήμῶν,
539 2417 571 2443 ού
589 2417 634 2444 διὰ
651 2416 697 2443 τοῦ
719 2416 802 2444 αὐτοῦ
816 2416 917 2451 ὀνόμα-

128 2473 188 2496 τος,
203 2463 274 2491 ἀλλὰ
286 2463 330 2489 διὰ
349 2462 398 2490 τοῦ
413 2461 482 2490 Θεοῦ
500 2463 586 2498 Λόγου
602 2463 651 2498 τὴν
666 2463 798 2498 περὶτῶν
809 2462 918 2496 φύσεων

127 2509 282 2542 ἀπολογίαν
296 2507 447 2536 ποιοῦνται.
465 2509 497 2536 El
517 2509 546 2535 δὲ
562 2509 611 2536 καὶ
627 2508 675 2535 τοῦ
691 2508 778 2543 Λόγου
793 2508 843 2544 τὴν
855 2508 919 2543 μίαν

128 2554 213 2589 φύσιν
224 2554 258 2580 ἐκ
273 2553 320 2580 δύο
331 2553 421 2588 λέγειν
431 2554 577 2588 τολμῶσιν,
588 2553 666 2581 ἔσται
675 2554 722 2581 καὶ
734 2553 805 2589 αὑτὴ
817 2553 918 2588 δηλαδὴ

128 2600 161 2626 ἐκ
176 2598 306 2633 Ocean-:4;
320 2607 351 2626 τε
366 2599 413 2626 καὶ
431 2598 640 2635 ἁνθρωπότητος
663 2599 724 2626 καθ’
742 2598 827 2635 αὐτὴν
841 2608 918 2626 νοου-

129 2644 211 2680 plur
227 2645 275 2671 καὶ
290 2643 464 2679 σαρηουμὲνη
475 2643 504 2670 δὲ
514 2643 606 2676 πάλιν,
622 2644 718 2679 ἑτέραν
727 2643 807 2678 φύσιν
817 2644 918 2679 σαρκὸς

128 2689 351 2724 ἐπικτησαμένη·
367 2688 468 2724 τριπλῆ
489 2689 518 2716 δὲ
537 2689 598 2716 ἀντὶ
613 2690 712 2725 διπλῆς
733 2690 766 2717 ἐι
789 2689 837 2716 δύο
851 2698 919 2725 σαρ-

128 2735 188 2762 κῶν
209 2736 258 2762 καὶ
274 2735 341 2770 μιᾶς
357 2734 487 2769 θεότητος
503 2735 761 2772 συγκεκροτημένη.

165 2781 214 2814 ξω.
233 2781 296 2808 Ἔτι
311 2780 373 2808 ἐπεὶ
388 2780 420 2807 ἐκ
429 2779 478 2807 δύο
497 2781 604 2815 φύσεων
617 2781 646 2808 ἐν
657 2790 682 2808 τι
695 2781 824 2816 γενέσθαι
841 2782 919 2815 φασὶ,

129 2827 263 2854 αυστέον
281 2825 372 2852 αὐτῶν
385 2825 417 2853 τὸ
434 2825 463 2853 ἓν
475 2827 553 2854 τοῦτο
572 2827 625 2854 τίνι
639 2827 710 2864 λόγῳ
726 2828 756 2855 εν
775 2836 875 2862 φασιν;
899 2829 915 2864 ἢ

131 2872 183 2908 γὰρ
199 2872 238 2908 τῷ
255 2872 379 2906 ὀνόματι,
393 2871 410 2907 ἢ
425 2871 463 2907 τῷ
483 2873 566 2906 γένει,
584 2873 602 2907 ἢ
618 2873 656 2909 τῷ
671 2873 745 2906 εῖδει,
762 2874 778 2908 ἢ
796 2874 834 2909 τῷ
853 2875 915 2910 ἀρι-

259 2919 398 2950 Ρηιιοι..
415 2920 472 2951 Gn.
492 2918 653 2951 LXXXVI.

1001 1685 1046 1714 59.
1062 1684 1161 1713 Adhuc
1178 1684 1259 1713 unica
1273 1684 1322 1713 Dei
1338 1684 1420 1713 Verbi
1435 1687 1532 1711 natura
1548 1691 1609 1719 quas
1623 1692 1697 1712 nunc
1712 1685 1757 1713 in-

966 1737 1077 1760 cantata
1092 1736 1145 1763 est,
1159 1735 1258 1760 eratne
1269 1732 1335 1759 olim
1348 1731 1500 1764 incantata,
1512 1738 1548 1758 an
1559 1730 1633 1758 non?
1647 1730 1675 1758 Si
1689 1738 1759 1758 vero

967 1778 1034 1806 illud
1054 1778 1238 1806 indubitabile
1259 1781 1288 1806 et
1311 1777 1390 1814 ipsis,
1406 1785 1440 1805 ex
1457 1777 1525 1813 ipsis
1539 1777 1720 1811 audiendum,
1735 1778 1758 1806 si

967 1824 1016 1852 Dei
1032 1824 1115 1852 Verbi
1138 1827 1210 1856 erat,
1225 1824 1248 1852 si
1272 1828 1383 1857 natura,
1399 1823 1422 1851 si
1448 1823 1541 1856 unica,
1563 1823 1586 1851 si
1609 1826 1758 1858 antequam

969 1870 1160 1898 incarnaretur
1184 1871 1340 1903 incarnata,
1369 1869 1438 1906 quid
1463 1869 1627 1904 acquisivit,
1656 1869 1760 1905 quidve

968 1915 1105 1951 perdidit?
1123 1910 1153 1944 Si
1169 1915 1239 1943 nihil
1252 1915 1363 1951 quidem
1378 1914 1517 1950 perdidit;
1538 1921 1594 1941 non
1614 1914 1689 1942 enim
1709 1922 1760 1950 per

968 1966 1113 1998 tropumet
1121 1962 1398 1990 communicationem
1406 1960 1511 1988 dicitur
1517 1959 1595 1992 illud,
1604 1960 1744 1988 incantata
1750 1981 1759 1994 ,

967 2009 1040 2037 sicut
1050 2007 1168 2036 dicimus
1178 2008 1212 2035 de
1222 2008 1318 2043 glacie,
1327 2015 1382 2035 una
1396 2012 1497 2037 natura
1511 2013 1588 2041 aquae
1603 2006 1631 2033 in
1641 2006 1760 2041 lapidem

969 2061 1115 2086 conversa,
1131 2053 1307 2089 perspicuum
1322 2052 1449 2088 estquod
1465 2058 1588 2083 carnem,
1609 2051 1636 2078 id
1651 2055 1693 2079 est
1707 2051 1760 2079 hu-

968 2101 1128 2128 manitatem
1159 2099 1315 2134 acquisivit.
1346 2097 1406 2134 Ipsa
1431 2106 1498 2126 vero
1518 2097 1585 2133 quid
1615 2099 1674 2125 est?
1694 2106 1761 2125 num

969 2146 1088 2181 qualitas
1103 2149 1151 2173 aut
1159 2148 1257 2172 natura
1272 2144 1414 2179 quaedam?
1426 2143 1455 2171 Si
1463 2151 1529 2171 vero
1538 2143 1651 2180 penitus
1660 2147 1760 2170 natura

969 2191 1029 2226 ipsa
1044 2191 1178 2226 acquisita
1189 2194 1289 2218 natura
1299 2190 1334 2217 ab
1342 2190 1503 2225 acquirente
1516 2189 1602 2225 ipsam
1616 2189 1698 2217 unica
1710 2189 1758 2217 Dei

969 2237 1052 2267 Verbi
1062 2242 1170 2269 natura,
1189 2236 1286 2272 quales
1300 2236 1356 2264 sint
1369 2236 1451 2263 nobis
1463 2235 1516 2264 fide
1530 2236 1638 2272 integra
1652 2236 1757 2263 dicant.

1004 2283 1049 2311 60.
1073 2282 1170 2310 Adhuc
1191 2290 1207 2310 e
1223 2282 1331 2310 duabus
1347 2283 1456 2310 naturis
1473 2282 1582 2310 unicam
1606 2283 1654 2310 Dei
1676 2282 1757 2310 Verbi

969 2331 1094 2356 naturam
1106 2328 1276 2355 incamatam
1291 2327 1397 2359 dicunt,
1412 2332 1459 2355 aut
1469 2327 1570 2355 Christi
1587 2327 1713 2369 tantum?
1729 2328 1756 2354 Si

970 2374 1072 2402 Christi
1097 2374 1208 2408 quidem
1236 2378 1341 2401 tantum
1366 2381 1495 2408 perverse
1520 2373 1592 2401 circa
1617 2372 1758 2401 Christum

969 2419 1084 2456 iudicati
1099 2427 1114 2446 τι
1134 2419 1225 2451 nobis,
1247 2426 1301 2446 non
1320 2424 1431 2454 propter
1444 2427 1555 2451 nomen,
1579 2419 1626 2446 sed
1646 2423 1758 2454 propter

971 2465 1058 2493 Deum
1069 2465 1190 2493 Verbum
1201 2465 1352 2502 apologiam
1364 2465 1397 2493 de
1408 2465 1515 2493 naturis
1525 2465 1640 2493 faciunt.
1652 2465 1681 2493 Si
1693 2473 1758 2493 vero

971 2516 1000 2538 et
1014 2511 1096 2538 Verbi
1117 2511 1225 2538 unicam
1241 2515 1368 2538 naturam
1381 2518 1398 2538 e
1413 2511 1520 2539 duabus
1534 2511 1627 2539 dicere
1644 2511 1756 2541 audent.

970 2556 1024 2584 erit
1040 2560 1068 2583 et
1081 2556 1139 2592 ipsa
1154 2564 1220 2584 sane
1240 2565 1254 2584 e
1269 2556 1412 2585 divinitate
1428 2561 1456 2584 et
1473 2557 1641 2584 humanitate
1656 2564 1758 2584 secun-

971 2602 1037 2630 dum
1060 2602 1145 2638 ipsum
1169 2603 1305 2638 cogitata;
1330 2607 1359 2630 et
1382 2603 1525 2631 incarnata
1547 2611 1654 2635 rursus,
1677 2603 1759 2630 aliam

970 2649 1062 2676 carnis
1085 2653 1210 2676 naturam
1226 2648 1388 2684 acquirens,
1404 2650 1503 2684 triplex
1526 2653 1617 2677 autem
1635 2656 1685 2684 pro
1706 2649 1760 2676 du-

970 2694 1045 2728 plici,
1063 2702 1078 2722 e
1094 2694 1203 2723 duabus
1217 2695 1348 2723 carnibus
1368 2700 1396 2723 et
1420 2703 1473 2723 una
1489 2695 1633 2723 divinitate
1646 2703 1760 2730 compu-

969 2740 1030 2767 sita.

1003 2785 1048 2812 6|.
1058 2785 1157 2814 Adhuc
1172 2794 1234 2814 cum
1247 2795 1263 2815 e
1275 2786 1383 2815 duabus
1398 2787 1505 2816 naturis
1522 2793 1607 2824 unum
1621 2787 1760 2822 quoddam

971 2830 1030 2859 ﬁeri
1048 2831 1150 2866 dicant,
1169 2832 1204 2860 ab
1217 2833 1261 2864 eis
1284 2833 1479 2868 inquirendum
1505 2833 1572 2862 illud
1597 2841 1681 2862 unum
1707 2841 1764 2870 qua

969 2877 1075 2906 ratione
1090 2885 1174 2905 unum
1185 2878 1299 2906 dicunt?
1309 2879 1362 2907 Aut
1372 2880 1445 2907 enim
1456 2881 1578 2911 nomine.
1590 2885 1636 2908 aut
1648 2887 1759 2917 genere,

1562 2926 1598 2958 57
