  <div class='ocr_page' id='page_1' title='image "/cluster/home/n/w/nwhite01/storage/ocr_20150623/86,pt.2/njp.32101077772810/027.png"; bbox 0 0 1963 3077; ppageno 0'>
   <div class='ocr_carea' id='block_1_1' title="bbox 184 101 252 133">
    <p class='ocr_par' dir='ltr' id='par_1_1' title="bbox 184 101 252 133">
     <span class='ocr_line' id='line_1_1' title="bbox 184 101 252 133; baseline -0.015 0"><span class='ocrx_word' id='word_1_1' title='bbox 184 101 252 133; x_wconf 79' lang='grc'>1803</span> 
     </span>
    </p>
   </div>
   <div class='ocr_carea' id='block_1_2' title="bbox 751 101 1184 138">
    <p class='ocr_par' dir='ltr' id='par_1_2' title="bbox 751 101 1184 138">
     <span class='ocr_line' id='line_1_2' title="bbox 751 101 1184 138; baseline 0.009 -4"><span class='ocrx_word' id='word_1_2' title='bbox 751 101 755 105; x_wconf 74' lang='grc'><em>’</em></span> <span class='ocrx_word' id='word_1_3' title='bbox 806 106 959 137; x_wconf 77' lang='lat' dir='ltr'><strong>LEONTII</strong></span> <span class='ocrx_word' id='word_1_4' title='bbox 982 108 1184 138; x_wconf 74' lang='grc' dir='ltr'><strong>ΒΥΖΛΝΤΙΝΙ</strong></span> 
     </span>
    </p>
   </div>
   <div class='ocr_carea' id='block_1_3' title="bbox 1743 113 1812 146">
    <p class='ocr_par' dir='ltr' id='par_1_3' title="bbox 1743 113 1812 146">
     <span class='ocr_line' id='line_1_3' title="bbox 1743 113 1812 146; baseline 0 -1"><span class='ocrx_word' id='word_1_5' title='bbox 1743 113 1812 146; x_wconf 70' lang='grc'><strong>1804</strong></span> 
     </span>
    </p>
   </div>
   <div class='ocr_carea' id='block_1_4' title="bbox 183 155 979 204">
    <p class='ocr_par' dir='ltr' id='par_1_4' title="bbox 183 155 971 196">
     <span class='ocr_line' id='line_1_4' title="bbox 183 155 971 196; baseline 0.006 -12"><span class='ocrx_word' id='word_1_6' title='bbox 183 161 229 185; x_wconf 78' lang='lat' dir='ltr'><strong>aut</strong></span> <span class='ocrx_word' id='word_1_7' title='bbox 242 155 342 190; x_wconf 82' lang='lat' dir='ltr'><strong>forma,</strong></span> <span class='ocrx_word' id='word_1_8' title='bbox 363 161 536 185; x_wconf 89' lang='lat' dir='ltr'><strong>autnumcro</strong></span> <span class='ocrx_word' id='word_1_9' title='bbox 551 167 636 186; x_wconf 90' lang='lat' dir='ltr'><strong>unum</strong></span> <span class='ocrx_word' id='word_1_10' title='bbox 655 166 715 186; x_wconf 86' lang='lat' dir='ltr'><strong>esse</strong></span> <span class='ocrx_word' id='word_1_11' title='bbox 733 160 836 196; x_wconf 88' lang='lat' dir='ltr'><strong>aliquid</strong></span> <span class='ocrx_word' id='word_1_12' title='bbox 856 161 971 189; x_wconf 76' lang='lat' dir='ltr'><strong>dicunt:</strong></span> 
     </span>
    </p>
   </div>
   <div class='ocr_carea' id='block_1_5' title="bbox 1022 155 1810 204">
    <p class='ocr_par' dir='ltr' id='par_1_5' title="bbox 1026 161 1810 204">
     <span class='ocr_line' id='line_1_5' title="bbox 1026 161 1810 204; baseline 0.01 -14"><span class='ocrx_word' id='word_1_13' title='bbox 1026 162 1086 199; x_wconf 85' lang='grc' dir='ltr'>θμῷ</span> <span class='ocrx_word' id='word_1_14' title='bbox 1115 163 1144 190; x_wconf 83' lang='grc' dir='ltr'>ἓν</span> <span class='ocrx_word' id='word_1_15' title='bbox 1158 161 1228 191; x_wconf 79' lang='grc' dir='ltr'>εἷναί</span> <span class='ocrx_word' id='word_1_16' title='bbox 1244 171 1270 190; x_wconf 86' lang='grc' dir='ltr'><strong>τι</strong></span> <span class='ocrx_word' id='word_1_17' title='bbox 1281 163 1401 197; x_wconf 87' lang='grc' dir='ltr'>λέγουσι·</span> <span class='ocrx_word' id='word_1_18' title='bbox 1418 166 1493 201; x_wconf 82' lang='grc' dir='ltr'>παρὰ</span> <span class='ocrx_word' id='word_1_19' title='bbox 1508 166 1562 203; x_wconf 86' lang='grc' dir='ltr'><strong>γὰρ</strong></span> <span class='ocrx_word' id='word_1_20' title='bbox 1578 167 1652 202; x_wconf 82' lang='grc' dir='ltr'>τάδε,</span> <span class='ocrx_word' id='word_1_21' title='bbox 1666 168 1768 204; x_wconf 74' lang='grc' dir='ltr'>ἑτέρως</span> <span class='ocrx_word' id='word_1_22' title='bbox 1782 170 1810 198; x_wconf 69' lang='grc' dir='ltr'>ἓν</span> 
     </span>
    </p>
   </div>
   <div class='ocr_carea' id='block_1_6' title="bbox 181 203 971 240">
    <p class='ocr_par' dir='ltr' id='par_1_6' title="bbox 181 203 971 240">
     <span class='ocr_line' id='line_1_6' title="bbox 181 203 971 240; baseline 0.008 -12"><span class='ocrx_word' id='word_1_23' title='bbox 181 206 281 237; x_wconf 63' lang='lat' dir='ltr'><strong>praeter</strong></span> <span class='ocrx_word' id='word_1_24' title='bbox 305 203 357 230; x_wconf 89' lang='lat' dir='ltr'><strong>ista</strong></span> <span class='ocrx_word' id='word_1_25' title='bbox 381 203 471 236; x_wconf 87' lang='lat' dir='ltr'><strong>enim,</strong></span> <span class='ocrx_word' id='word_1_26' title='bbox 499 204 580 231; x_wconf 78' lang='lat' dir='ltr'><strong>aliter</strong></span> <span class='ocrx_word' id='word_1_27' title='bbox 601 212 686 231; x_wconf 89' lang='lat' dir='ltr'><strong>unum</strong></span> <span class='ocrx_word' id='word_1_28' title='bbox 703 205 768 240; x_wconf 90' lang='lat' dir='ltr'><strong>quid</strong></span> <span class='ocrx_word' id='word_1_29' title='bbox 798 206 890 234; x_wconf 88' lang='lat' dir='ltr'><strong>dicere</strong></span> <span class='ocrx_word' id='word_1_30' title='bbox 916 215 971 234; x_wconf 91' lang='lat' dir='ltr'><strong>non</strong></span> 
     </span>
    </p>
   </div>
   <div class='ocr_carea' id='block_1_7' title="bbox 181 248 971 287">
    <p class='ocr_par' dir='ltr' id='par_1_7' title="bbox 181 248 971 287">
     <span class='ocr_line' id='line_1_7' title="bbox 181 248 971 287; baseline 0.006 -12"><span class='ocrx_word' id='word_1_31' title='bbox 181 249 314 276; x_wconf 77' lang='lat' dir='ltr'><strong>valemus.</strong></span> <span class='ocrx_word' id='word_1_32' title='bbox 328 248 426 284; x_wconf 55' lang='lat' dir='ltr'><strong>.ltaque</strong></span> <span class='ocrx_word' id='word_1_33' title='bbox 445 249 469 277; x_wconf 93' lang='lat' dir='ltr'><strong>si</strong></span> <span class='ocrx_word' id='word_1_34' title='bbox 485 250 596 280; x_wconf 81' lang='lat' dir='ltr'><strong>nomine</strong></span> <span class='ocrx_word' id='word_1_35' title='bbox 614 259 700 278; x_wconf 91' lang='lat' dir='ltr'><strong>unum</strong></span> <span class='ocrx_word' id='word_1_36' title='bbox 716 252 854 287; x_wconf 80' lang='lat' dir='ltr'><strong>quoddam</strong></span> <span class='ocrx_word' id='word_1_37' title='bbox 869 252 971 280; x_wconf 78' lang='lat' dir='ltr'><strong>factum</strong></span> 
     </span>
    </p>
   </div>
   <div class='ocr_carea' id='block_1_8' title="bbox 180 295 972 332">
    <p class='ocr_par' dir='ltr' id='par_1_8' title="bbox 180 295 972 332">
     <span class='ocr_line' id='line_1_8' title="bbox 180 295 972 332; baseline 0.005 -10"><span class='ocrx_word' id='word_1_38' title='bbox 180 300 232 328; x_wconf 87' lang='lat' dir='ltr'><strong>est,</strong></span> <span class='ocrx_word' id='word_1_39' title='bbox 251 300 355 323; x_wconf 89' lang='lat' dir='ltr'><strong>tantum</strong></span> <span class='ocrx_word' id='word_1_40' title='bbox 372 295 554 324; x_wconf 81' lang='lat' dir='ltr'><strong>similitudine</strong></span> <span class='ocrx_word' id='word_1_41' title='bbox 567 297 760 332; x_wconf 74' lang='lat' dir='ltr'><strong>appellationis</strong></span> <span class='ocrx_word' id='word_1_42' title='bbox 774 299 894 326; x_wconf 82' lang='lat' dir='ltr'><strong>adunata</strong></span> <span class='ocrx_word' id='word_1_43' title='bbox 908 304 972 326; x_wconf 90' lang='lat' dir='ltr'><strong>sunt</strong></span> 
     </span>
    </p>
   </div>
   <div class='ocr_carea' id='block_1_9' title="bbox 180 340 970 379">
    <p class='ocr_par' dir='ltr' id='par_1_9' title="bbox 180 340 970 379">
     <span class='ocr_line' id='line_1_9' title="bbox 180 340 970 379; baseline 0.004 -11"><span class='ocrx_word' id='word_1_44' title='bbox 180 340 235 368; x_wconf 94' lang='lat' dir='ltr'><strong>duo</strong></span> <span class='ocrx_word' id='word_1_45' title='bbox 259 340 331 374; x_wconf 81' lang='lat' dir='ltr'><strong>haec,</strong></span> <span class='ocrx_word' id='word_1_46' title='bbox 349 341 458 368; x_wconf 86' lang='lat' dir='ltr'><strong>diversa</strong></span> <span class='ocrx_word' id='word_1_47' title='bbox 475 348 542 368; x_wconf 91' lang='lat' dir='ltr'><strong>vero</strong></span> <span class='ocrx_word' id='word_1_48' title='bbox 565 346 665 369; x_wconf 88' lang='lat' dir='ltr'><strong>natura</strong></span> <span class='ocrx_word' id='word_1_49' title='bbox 687 347 716 370; x_wconf 92' lang='lat' dir='ltr'><strong>et</strong></span> <span class='ocrx_word' id='word_1_50' title='bbox 737 343 919 379; x_wconf 87' lang='lat' dir='ltr'><strong>incomposita</strong></span> <span class='ocrx_word' id='word_1_51' title='bbox 936 344 970 371; x_wconf 90' lang='lat' dir='ltr'><strong>ad</strong></span> 
     </span>
    </p>
   </div>
   <div class='ocr_carea' id='block_1_10' title="bbox 179 386 970 420">
    <p class='ocr_par' dir='ltr' id='par_1_10' title="bbox 179 386 970 420">
     <span class='ocr_line' id='line_1_10' title="bbox 179 386 970 420; baseline 0.005 -7"><span class='ocrx_word' id='word_1_52' title='bbox 179 386 296 414; x_wconf 86' lang='lat' dir='ltr'><strong>invicem</strong></span> <span class='ocrx_word' id='word_1_53' title='bbox 305 386 395 414; x_wconf 90' lang='lat' dir='ltr'><strong>adhuc</strong></span> <span class='ocrx_word' id='word_1_54' title='bbox 407 390 481 420; x_wconf 85' lang='lat' dir='ltr'><strong>sunt,</strong></span> <span class='ocrx_word' id='word_1_55' title='bbox 496 391 525 415; x_wconf 90' lang='lat' dir='ltr'><strong>et</strong></span> <span class='ocrx_word' id='word_1_56' title='bbox 539 387 621 415; x_wconf 90' lang='lat' dir='ltr'><strong>homo</strong></span> <span class='ocrx_word' id='word_1_57' title='bbox 635 391 751 419; x_wconf 85' lang='lat' dir='ltr'><strong>tantum.</strong></span> <span class='ocrx_word' id='word_1_58' title='bbox 763 394 811 416; x_wconf 86' lang='lat' dir='ltr'><strong>aut</strong></span> <span class='ocrx_word' id='word_1_59' title='bbox 823 390 895 417; x_wconf 87' lang='lat' dir='ltr'><strong>Deus</strong></span> <span class='ocrx_word' id='word_1_60' title='bbox 910 394 970 417; x_wconf 61' lang='lat' dir='ltr'><strong>tan«</strong></span> 
     </span>
    </p>
   </div>
   <div class='ocr_carea' id='block_1_11' title="bbox 180 432 970 468">
    <p class='ocr_par' dir='ltr' id='par_1_11' title="bbox 180 432 970 468">
     <span class='ocr_line' id='line_1_11' title="bbox 180 432 970 468; baseline 0.005 -9"><span class='ocrx_word' id='word_1_61' title='bbox 180 436 248 465; x_wconf 92' lang='lat' dir='ltr'><strong>tum,</strong></span> <span class='ocrx_word' id='word_1_62' title='bbox 258 437 305 460; x_wconf 84' lang='lat' dir='ltr'><strong>aut</strong></span> <span class='ocrx_word' id='word_1_63' title='bbox 315 432 389 460; x_wconf 90' lang='lat' dir='ltr'><strong>aliud</strong></span> <span class='ocrx_word' id='word_1_64' title='bbox 406 432 544 468; x_wconf 84' lang='lat' dir='ltr'><strong>quoddam</strong></span> <span class='ocrx_word' id='word_1_65' title='bbox 556 433 629 468; x_wconf 92' lang='lat' dir='ltr'><strong>quod</strong></span> <span class='ocrx_word' id='word_1_66' title='bbox 645 441 696 461; x_wconf 87' lang='lat' dir='ltr'><strong>nec</strong></span> <span class='ocrx_word' id='word_1_67' title='bbox 711 435 770 468; x_wconf 85' lang='lat' dir='ltr'><strong>Dei,</strong></span> <span class='ocrx_word' id='word_1_68' title='bbox 780 443 833 463; x_wconf 90' lang='lat' dir='ltr'><strong>nec</strong></span> <span class='ocrx_word' id='word_1_69' title='bbox 848 435 970 463; x_wconf 85' lang='lat' dir='ltr'><strong>hominis</strong></span> 
     </span>
    </p>
   </div>
   <div class='ocr_carea' id='block_1_12' title="bbox 178 478 968 514">
    <p class='ocr_par' dir='ltr' id='par_1_12' title="bbox 178 478 968 514">
     <span class='ocr_line' id='line_1_12' title="bbox 178 478 968 514; baseline 0.005 -10"><span class='ocrx_word' id='word_1_70' title='bbox 178 485 278 505; x_wconf 91' lang='lat' dir='ltr'><strong>nomen</strong></span> <span class='ocrx_word' id='word_1_71' title='bbox 289 478 389 506; x_wconf 90' lang='lat' dir='ltr'><strong>retinet</strong></span> <span class='ocrx_word' id='word_1_72' title='bbox 403 478 437 506; x_wconf 90' lang='lat' dir='ltr'><strong>de</strong></span> <span class='ocrx_word' id='word_1_73' title='bbox 452 483 570 514; x_wconf 89' lang='lat' dir='ltr'><strong>utroque</strong></span> <span class='ocrx_word' id='word_1_74' title='bbox 593 479 800 514; x_wconf 67' lang='lat' dir='ltr'><strong>prmdicabitur.</strong></span> <span class='ocrx_word' id='word_1_75' title='bbox 824 480 852 508; x_wconf 92' lang='lat' dir='ltr'><strong>Si</strong></span> <span class='ocrx_word' id='word_1_76' title='bbox 875 485 968 508; x_wconf 88' lang='lat' dir='ltr'><strong>autem</strong></span> 
     </span>
    </p>
   </div>
   <div class='ocr_carea' id='block_1_13' title="bbox 177 525 971 560">
    <p class='ocr_par' dir='ltr' id='par_1_13' title="bbox 177 525 971 560">
     <span class='ocr_line' id='line_1_13' title="bbox 177 525 971 560; baseline 0.005 -9"><span class='ocrx_word' id='word_1_77' title='bbox 177 531 277 559; x_wconf 78' lang='lat' dir='ltr'><strong>genere</strong></span> <span class='ocrx_word' id='word_1_78' title='bbox 293 527 336 551; x_wconf 87' lang='lat' dir='ltr'><strong>est</strong></span> <span class='ocrx_word' id='word_1_79' title='bbox 349 532 434 551; x_wconf 87' lang='lat' dir='ltr'><strong>unum</strong></span> <span class='ocrx_word' id='word_1_80' title='bbox 449 525 610 553; x_wconf 79' lang='lat' dir='ltr'><strong>exsistensa</strong></span> <span class='ocrx_word' id='word_1_81' title='bbox 624 532 679 560; x_wconf 90' lang='lat' dir='ltr'><strong>quo</strong></span> <span class='ocrx_word' id='word_1_82' title='bbox 693 525 840 554; x_wconf 84' lang='lat' dir='ltr'><strong>conﬁcitur</strong></span> <span class='ocrx_word' id='word_1_83' title='bbox 853 527 926 555; x_wconf 84' lang='lat' dir='ltr'><strong>Deus</strong></span> <span class='ocrx_word' id='word_1_84' title='bbox 941 531 971 554; x_wconf 84' lang='lat' dir='ltr'><strong>et</strong></span> 
     </span>
    </p>
   </div>
   <div class='ocr_carea' id='block_1_14' title="bbox 177 570 969 608">
    <p class='ocr_par' dir='ltr' id='par_1_14' title="bbox 177 570 969 608">
     <span class='ocr_line' id='line_1_14' title="bbox 177 570 969 608; baseline 0.005 -12"><span class='ocrx_word' id='word_1_85' title='bbox 177 570 271 603; x_wconf 88' lang='lat' dir='ltr'><strong>homo,</strong></span> <span class='ocrx_word' id='word_1_86' title='bbox 289 570 411 606; x_wconf 86' lang='lat' dir='ltr'><strong>ejusdem</strong></span> <span class='ocrx_word' id='word_1_87' title='bbox 434 571 544 606; x_wconf 77' lang='lat' dir='ltr'><strong>generis</strong></span> <span class='ocrx_word' id='word_1_88' title='bbox 560 579 626 607; x_wconf 74' lang='lat' dir='ltr'><strong>ergo</strong></span> <span class='ocrx_word' id='word_1_89' title='bbox 642 571 701 599; x_wconf 56' lang='lat' dir='ltr'><strong>haec</strong></span> <span class='ocrx_word' id='word_1_90' title='bbox 719 581 725 599; x_wconf 91' lang='lat'><strong>:</strong></span> <span class='ocrx_word' id='word_1_91' title='bbox 744 580 794 600; x_wconf 89' lang='lat' dir='ltr'><strong>cur</strong></span> <span class='ocrx_word' id='word_1_92' title='bbox 810 580 877 608; x_wconf 75' lang='lat' dir='ltr'><strong>ergo</strong></span> <span class='ocrx_word' id='word_1_93' title='bbox 892 580 969 600; x_wconf 91' lang='lat' dir='ltr'><strong>com-</strong></span> 
     </span>
    </p>
   </div>
   <div class='ocr_carea' id='block_1_15' title="bbox 178 616 971 654">
    <p class='ocr_par' dir='ltr' id='par_1_15' title="bbox 178 616 971 654">
     <span class='ocr_line' id='line_1_15' title="bbox 178 616 971 654; baseline 0.005 -12"><span class='ocrx_word' id='word_1_94' title='bbox 178 624 261 643; x_wconf 83' lang='lat' dir='ltr'><strong>mune</strong></span> <span class='ocrx_word' id='word_1_95' title='bbox 277 616 344 650; x_wconf 80' lang='lat' dir='ltr'><strong>ipsis</strong></span> <span class='ocrx_word' id='word_1_96' title='bbox 361 616 503 651; x_wconf 78' lang='lat' dir='ltr'><strong>magisque</strong></span> <span class='ocrx_word' id='word_1_97' title='bbox 523 618 681 645; x_wconf 79' lang='lat' dir='ltr'><strong>universale</strong></span> <span class='ocrx_word' id='word_1_98' title='bbox 698 618 748 645; x_wconf 86' lang='lat' dir='ltr'><strong>Dei</strong></span> <span class='ocrx_word' id='word_1_99' title='bbox 762 626 849 654; x_wconf 77' lang='lat' dir='ltr'><strong>genus</strong></span> <span class='ocrx_word' id='word_1_100' title='bbox 865 627 971 654; x_wconf 58' lang='lat' dir='ltr'><strong>quare-</strong></span> 
     </span>
    </p>
   </div>
   <div class='ocr_carea' id='block_1_16' title="bbox 177 661 970 699">
    <p class='ocr_par' dir='ltr' id='par_1_16' title="bbox 177 661 970 699">
     <span class='ocr_line' id='line_1_16' title="bbox 177 661 970 699; baseline 0.005 -11"><span class='ocrx_word' id='word_1_101' title='bbox 177 670 205 689; x_wconf 86' lang='lat' dir='ltr'><strong>re</strong></span> <span class='ocrx_word' id='word_1_102' title='bbox 241 661 439 697; x_wconf 74' lang='lat' dir='ltr'><strong>satagendum?</strong></span> <span class='ocrx_word' id='word_1_103' title='bbox 463 661 608 695; x_wconf 84' lang='lat' dir='ltr'><strong>Quomodo</strong></span> <span class='ocrx_word' id='word_1_104' title='bbox 631 671 725 699; x_wconf 90' lang='lat' dir='ltr'><strong>porro,</strong></span> <span class='ocrx_word' id='word_1_105' title='bbox 747 664 828 691; x_wconf 83' lang='lat' dir='ltr'><strong>illius</strong></span> <span class='ocrx_word' id='word_1_106' title='bbox 851 665 970 692; x_wconf 83' lang='lat' dir='ltr'><strong>recentis</strong></span> 
     </span>
    </p>
   </div>
   <div class='ocr_carea' id='block_1_17' title="bbox 176 708 970 746">
    <p class='ocr_par' dir='ltr' id='par_1_17' title="bbox 176 708 970 746">
     <span class='ocr_line' id='line_1_17' title="bbox 176 708 970 746; baseline 0.004 -11"><span class='ocrx_word' id='word_1_107' title='bbox 176 708 352 736; x_wconf 83' lang='lat' dir='ltr'><strong>adunationis</strong></span> <span class='ocrx_word' id='word_1_108' title='bbox 369 709 525 742; x_wconf 83' lang='lat' dir='ltr'><strong>occasione,</strong></span> <span class='ocrx_word' id='word_1_109' title='bbox 546 709 613 736; x_wconf 88' lang='lat' dir='ltr'><strong>illud</strong></span> <span class='ocrx_word' id='word_1_110' title='bbox 636 709 860 745; x_wconf 84' lang='lat' dir='ltr'><strong>antiquissimum</strong></span> <span class='ocrx_word' id='word_1_111' title='bbox 883 718 970 746; x_wconf 73' lang='lat' dir='ltr'><strong>genus</strong></span> 
     </span>
    </p>
   </div>
   <div class='ocr_carea' id='block_1_18' title="bbox 176 755 969 791">
    <p class='ocr_par' dir='ltr' id='par_1_18' title="bbox 176 755 969 791">
     <span class='ocr_line' id='line_1_18' title="bbox 176 755 969 791; baseline 0.003 -9"><span class='ocrx_word' id='word_1_112' title='bbox 176 755 211 782; x_wconf 91' lang='lat' dir='ltr'><strong>ab</strong></span> <span class='ocrx_word' id='word_1_113' title='bbox 225 755 293 790; x_wconf 84' lang='lat' dir='ltr'><strong>ipsis</strong></span> <span class='ocrx_word' id='word_1_114' title='bbox 305 755 488 791; x_wconf 75' lang='lat' dir='ltr'><strong>excogitatum</strong></span> <span class='ocrx_word' id='word_1_115' title='bbox 505 755 564 783; x_wconf 87' lang='lat' dir='ltr'><strong>est?</strong></span> <span class='ocrx_word' id='word_1_116' title='bbox 582 755 609 783; x_wconf 90' lang='lat' dir='ltr'><strong>Si</strong></span> <span class='ocrx_word' id='word_1_117' title='bbox 626 763 692 784; x_wconf 85' lang='lat' dir='ltr'><strong>vero</strong></span> <span class='ocrx_word' id='word_1_118' title='bbox 711 755 799 783; x_wconf 79' lang='lat' dir='ltr'><strong>forma</strong></span> <span class='ocrx_word' id='word_1_119' title='bbox 819 764 904 784; x_wconf 90' lang='lat' dir='ltr'><strong>unum</strong></span> <span class='ocrx_word' id='word_1_120' title='bbox 926 756 969 784; x_wconf 90' lang='lat' dir='ltr'><strong>di-</strong></span> 
     </span>
    </p>
   </div>
   <div class='ocr_carea' id='block_1_19' title="bbox 176 801 968 836">
    <p class='ocr_par' dir='ltr' id='par_1_19' title="bbox 176 801 968 836">
     <span class='ocr_line' id='line_1_19' title="bbox 176 801 968 836; baseline 0.003 -8"><span class='ocrx_word' id='word_1_121' title='bbox 176 805 252 833; x_wconf 88' lang='lat' dir='ltr'><strong>cunt,</strong></span> <span class='ocrx_word' id='word_1_122' title='bbox 269 801 324 828; x_wconf 93' lang='lat' dir='ltr'><strong>duo</strong></span> <span class='ocrx_word' id='word_1_123' title='bbox 342 801 455 828; x_wconf 88' lang='lat' dir='ltr'><strong>omnino</strong></span> <span class='ocrx_word' id='word_1_124' title='bbox 475 805 523 828; x_wconf 88' lang='lat' dir='ltr'><strong>aut</strong></span> <span class='ocrx_word' id='word_1_125' title='bbox 551 802 632 836; x_wconf 90' lang='lat' dir='ltr'><strong>plura</strong></span> <span class='ocrx_word' id='word_1_126' title='bbox 664 806 748 829; x_wconf 89' lang='lat' dir='ltr'><strong>erunt</strong></span> <span class='ocrx_word' id='word_1_127' title='bbox 781 802 922 830; x_wconf 89' lang='lat' dir='ltr'><strong>individua</strong></span> <span class='ocrx_word' id='word_1_128' title='bbox 940 803 968 830; x_wconf 92' lang='lat' dir='ltr'><strong>in</strong></span> 
     </span>
    </p>
   </div>
   <div class='ocr_carea' id='block_1_20' title="bbox 178 839 1007 883">
    <p class='ocr_par' dir='ltr' id='par_1_20' title="bbox 178 839 1007 883">
     <span class='ocr_line' id='line_1_20' title="bbox 178 839 1007 883; baseline 0.002 -9"><span class='ocrx_word' id='word_1_129' title='bbox 178 848 248 882; x_wconf 83' lang='lat' dir='ltr'><strong>ipso,</strong></span> <span class='ocrx_word' id='word_1_130' title='bbox 266 847 293 874; x_wconf 91' lang='lat' dir='ltr'><strong>id</strong></span> <span class='ocrx_word' id='word_1_131' title='bbox 314 852 365 880; x_wconf 87' lang='lat' dir='ltr'><strong>est,</strong></span> <span class='ocrx_word' id='word_1_132' title='bbox 380 847 561 883; x_wconf 81' lang='lat' dir='ltr'><strong>hypostases;</strong></span> <span class='ocrx_word' id='word_1_133' title='bbox 578 853 605 875; x_wconf 89' lang='lat' dir='ltr'><strong>et</strong></span> <span class='ocrx_word' id='word_1_134' title='bbox 619 847 646 874; x_wconf 94' lang='lat' dir='ltr'><strong>in</strong></span> <span class='ocrx_word' id='word_1_135' title='bbox 663 847 771 875; x_wconf 89' lang='lat' dir='ltr'><strong>duabus</strong></span> <span class='ocrx_word' id='word_1_136' title='bbox 785 849 912 883; x_wconf 86' lang='lat' dir='ltr'><strong>personis</strong></span> <span class='ocrx_word' id='word_1_137' title='bbox 927 849 969 876; x_wconf 86' lang='lat' dir='ltr'><strong>vel</strong></span> <span class='ocrx_word' id='word_1_138' title='bbox 984 839 1007 868; x_wconf 75' lang='grc' dir='ltr'><strong>Β</strong></span> 
     </span>
    </p>
   </div>
   <div class='ocr_carea' id='block_1_21' title="bbox 178 894 968 929">
    <p class='ocr_par' dir='ltr' id='par_1_21' title="bbox 178 894 968 929">
     <span class='ocr_line' id='line_1_21' title="bbox 178 894 968 929; baseline 0.003 -8"><span class='ocrx_word' id='word_1_139' title='bbox 178 894 204 921; x_wconf 92' lang='lat' dir='ltr'><strong>in</strong></span> <span class='ocrx_word' id='word_1_140' title='bbox 226 894 354 929; x_wconf 87' lang='lat' dir='ltr'><strong>pluribus</strong></span> <span class='ocrx_word' id='word_1_141' title='bbox 376 894 514 929; x_wconf 73' lang='lat' dir='ltr'><strong>cogitatur</strong></span> <span class='ocrx_word' id='word_1_142' title='bbox 528 894 673 928; x_wconf 83' lang='lat' dir='ltr'><strong>Christus;</strong></span> <span class='ocrx_word' id='word_1_143' title='bbox 696 894 804 922; x_wconf 86' lang='lat' dir='ltr'><strong>unicam</strong></span> <span class='ocrx_word' id='word_1_144' title='bbox 820 903 887 923; x_wconf 87' lang='lat' dir='ltr'><strong>vero</strong></span> <span class='ocrx_word' id='word_1_145' title='bbox 910 896 968 923; x_wconf 85' lang='lat' dir='ltr'><strong>for-</strong></span> 
     </span>
    </p>
   </div>
   <div class='ocr_carea' id='block_1_22' title="bbox 178 940 970 977">
    <p class='ocr_par' dir='ltr' id='par_1_22' title="bbox 178 940 970 977">
     <span class='ocr_line' id='line_1_22' title="bbox 178 940 970 977; baseline 0.003 -10"><span class='ocrx_word' id='word_1_146' title='bbox 178 948 250 968; x_wconf 87' lang='lat' dir='ltr'><strong>mam</strong></span> <span class='ocrx_word' id='word_1_147' title='bbox 273 944 301 968; x_wconf 89' lang='lat' dir='ltr'><strong>et</strong></span> <span class='ocrx_word' id='word_1_148' title='bbox 320 940 475 968; x_wconf 82' lang='lat' dir='ltr'><strong>divinitatis</strong></span> <span class='ocrx_word' id='word_1_149' title='bbox 497 944 525 968; x_wconf 90' lang='lat' dir='ltr'><strong>et</strong></span> <span class='ocrx_word' id='word_1_150' title='bbox 540 940 722 969; x_wconf 85' lang='lat' dir='ltr'><strong>humanitatis</strong></span> <span class='ocrx_word' id='word_1_151' title='bbox 745 949 805 969; x_wconf 87' lang='lat' dir='ltr'><strong>esse</strong></span> <span class='ocrx_word' id='word_1_152' title='bbox 831 942 970 977; x_wconf 89' lang='lat' dir='ltr'><strong>quomodo</strong></span> 
     </span>
    </p>
   </div>
   <div class='ocr_carea' id='block_1_23' title="bbox 178 987 970 1023">
    <p class='ocr_par' dir='ltr' id='par_1_23' title="bbox 178 987 970 1023">
     <span class='ocr_line' id='line_1_23' title="bbox 178 987 970 1023; baseline 0 -8"><span class='ocrx_word' id='word_1_153' title='bbox 178 987 413 1020; x_wconf 79' lang='lat' dir='ltr'><strong>ratiocinandum,</strong></span> <span class='ocrx_word' id='word_1_154' title='bbox 439 987 579 1014; x_wconf 88' lang='lat' dir='ltr'><strong>intellectu</strong></span> <span class='ocrx_word' id='word_1_155' title='bbox 605 988 693 1023; x_wconf 86' lang='lat' dir='ltr'><strong>majus</strong></span> <span class='ocrx_word' id='word_1_156' title='bbox 713 992 766 1015; x_wconf 88' lang='lat' dir='ltr'><strong>est.</strong></span> <span class='ocrx_word' id='word_1_157' title='bbox 796 987 825 1015; x_wconf 91' lang='lat' dir='ltr'><strong>Si</strong></span> <span class='ocrx_word' id='word_1_158' title='bbox 848 995 915 1015; x_wconf 85' lang='lat' dir='ltr'><strong>vero</strong></span> <span class='ocrx_word' id='word_1_159' title='bbox 937 988 970 1015; x_wconf 93' lang='lat' dir='ltr'><strong>de</strong></span> 
     </span>
    </p>
   </div>
   <div class='ocr_carea' id='block_1_24' title="bbox 177 1033 970 1066">
    <p class='ocr_par' dir='ltr' id='par_1_24' title="bbox 177 1033 970 1066">
     <span class='ocr_line' id='line_1_24' title="bbox 177 1033 970 1066; baseline -0.001 -5"><span class='ocrx_word' id='word_1_160' title='bbox 177 1033 239 1061; x_wconf 89' lang='lat' dir='ltr'><strong>istis</strong></span> <span class='ocrx_word' id='word_1_161' title='bbox 255 1033 325 1061; x_wconf 86' lang='lat' dir='ltr'><strong>nihil</strong></span> <span class='ocrx_word' id='word_1_162' title='bbox 341 1033 442 1061; x_wconf 86' lang='lat' dir='ltr'><strong>rationi</strong></span> <span class='ocrx_word' id='word_1_163' title='bbox 466 1036 692 1066; x_wconf 81' lang='lat' dir='ltr'><strong>consentaneum,</strong></span> <span class='ocrx_word' id='word_1_164' title='bbox 711 1033 867 1061; x_wconf 76' lang='lat' dir='ltr'><strong>necessario</strong></span> <span class='ocrx_word' id='word_1_165' title='bbox 884 1041 970 1061; x_wconf 94' lang='lat' dir='ltr'><strong>unum</strong></span> 
     </span>
    </p>
   </div>
   <div class='ocr_carea' id='block_1_25' title="bbox 177 1078 968 1116">
    <p class='ocr_par' dir='ltr' id='par_1_25' title="bbox 177 1078 968 1116">
     <span class='ocr_line' id='line_1_25' title="bbox 177 1078 968 1116; baseline -0.001 -9"><span class='ocrx_word' id='word_1_166' title='bbox 177 1087 293 1116; x_wconf 82' lang='lat' dir='ltr'><strong>numero</strong></span> <span class='ocrx_word' id='word_1_167' title='bbox 307 1087 379 1113; x_wconf 84' lang='lat' dir='ltr'><strong>esse,</strong></span> <span class='ocrx_word' id='word_1_168' title='bbox 393 1078 468 1114; x_wconf 84' lang='lat' dir='ltr'><strong>quod</strong></span> <span class='ocrx_word' id='word_1_169' title='bbox 492 1087 507 1107; x_wconf 94' lang='lat' dir='ltr'><strong>e</strong></span> <span class='ocrx_word' id='word_1_170' title='bbox 530 1079 639 1107; x_wconf 85' lang='lat' dir='ltr'><strong>duabus</strong></span> <span class='ocrx_word' id='word_1_171' title='bbox 656 1079 762 1107; x_wconf 89' lang='lat' dir='ltr'><strong>naturis</strong></span> <span class='ocrx_word' id='word_1_172' title='bbox 779 1079 810 1107; x_wconf 84' lang='lat' dir='ltr'><strong>ﬁt</strong></span> <span class='ocrx_word' id='word_1_173' title='bbox 832 1079 968 1115; x_wconf 85' lang='lat' dir='ltr'><strong>reliquum</strong></span> 
     </span>
    </p>
   </div>
   <div class='ocr_carea' id='block_1_26' title="bbox 176 1118 968 1162">
    <p class='ocr_par' dir='ltr' id='par_1_26' title="bbox 176 1118 968 1162">
     <span class='ocr_line' id='line_1_26' title="bbox 176 1118 968 1162; baseline -0.003 -8"><span class='ocrx_word' id='word_1_174' title='bbox 176 1118 233 1160; x_wconf 80' lang='lat' dir='ltr'><strong>est;</strong></span> <span class='ocrx_word' id='word_1_175' title='bbox 252 1126 324 1162; x_wconf 86' lang='lat' dir='ltr'><strong>quod</strong></span> <span class='ocrx_word' id='word_1_176' title='bbox 340 1129 432 1154; x_wconf 86' lang='lat' dir='ltr'><strong>autem</strong></span> <span class='ocrx_word' id='word_1_177' title='bbox 450 1133 535 1154; x_wconf 91' lang='lat' dir='ltr'><strong>unum</strong></span> <span class='ocrx_word' id='word_1_178' title='bbox 554 1133 671 1154; x_wconf 89' lang='lat' dir='ltr'><strong>numero</strong></span> <span class='ocrx_word' id='word_1_179' title='bbox 688 1126 799 1158; x_wconf 86' lang='lat' dir='ltr'><strong>dicitur,</strong></span> <span class='ocrx_word' id='word_1_180' title='bbox 817 1134 901 1153; x_wconf 88' lang='lat' dir='ltr'><strong>unum</strong></span> <span class='ocrx_word' id='word_1_181' title='bbox 917 1126 968 1162; x_wconf 85' lang='lat' dir='ltr'><strong>hy-</strong></span> 
     </span>
    </p>
   </div>
   <div class='ocr_carea' id='block_1_27' title="bbox 176 1172 967 1208">
    <p class='ocr_par' dir='ltr' id='par_1_27' title="bbox 176 1172 967 1208">
     <span class='ocr_line' id='line_1_27' title="bbox 176 1172 967 1208; baseline 0 -8"><span class='ocrx_word' id='word_1_182' title='bbox 176 1173 278 1208; x_wconf 88' lang='lat' dir='ltr'><strong>postasi</strong></span> <span class='ocrx_word' id='word_1_183' title='bbox 287 1173 421 1201; x_wconf 70' lang='lat' dir='ltr'><strong>exsistens</strong></span> <span class='ocrx_word' id='word_1_184' title='bbox 432 1172 560 1206; x_wconf 85' lang='lat' dir='ltr'><strong>dicimus,</strong></span> <span class='ocrx_word' id='word_1_185' title='bbox 575 1177 604 1200; x_wconf 91' lang='lat' dir='ltr'><strong>et</strong></span> <span class='ocrx_word' id='word_1_186' title='bbox 615 1181 671 1200; x_wconf 92' lang='lat' dir='ltr'><strong>non</strong></span> <span class='ocrx_word' id='word_1_187' title='bbox 683 1176 781 1200; x_wconf 89' lang='lat' dir='ltr'><strong>natura</strong></span> <span class='ocrx_word' id='word_1_188' title='bbox 794 1180 892 1205; x_wconf 86' lang='lat' dir='ltr'><strong>unum.</strong></span> <span class='ocrx_word' id='word_1_189' title='bbox 904 1172 967 1200; x_wconf 85' lang='lat' dir='ltr'><strong>ideo</strong></span> 
     </span>
    </p>
   </div>
   <div class='ocr_carea' id='block_1_28' title="bbox 176 1217 967 1253">
    <p class='ocr_par' dir='ltr' id='par_1_28' title="bbox 176 1217 967 1253">
     <span class='ocr_line' id='line_1_28' title="bbox 176 1217 967 1253; baseline -0.004 -8"><span class='ocrx_word' id='word_1_190' title='bbox 176 1217 408 1253; x_wconf 82' lang='lat' dir='ltr'><strong>quemadmodum</strong></span> <span class='ocrx_word' id='word_1_191' title='bbox 429 1225 563 1244; x_wconf 89' lang='lat' dir='ltr'><strong>numerus</strong></span> <span class='ocrx_word' id='word_1_192' title='bbox 580 1217 770 1252; x_wconf 89' lang='lat' dir='ltr'><strong>unusquisque</strong></span> <span class='ocrx_word' id='word_1_193' title='bbox 784 1223 967 1243; x_wconf 88' lang='lat' dir='ltr'><strong>numerorum</strong></span> 
     </span>
    </p>
   </div>
   <div class='ocr_carea' id='block_1_29' title="bbox 1025 209 1810 249">
    <p class='ocr_par' dir='ltr' id='par_1_29' title="bbox 1025 209 1810 249">
     <span class='ocr_line' id='line_1_29' title="bbox 1025 209 1810 249; baseline 0.009 -14"><span class='ocrx_word' id='word_1_194' title='bbox 1025 217 1051 235; x_wconf 86' lang='grc' dir='ltr'><strong>τι</strong></span> <span class='ocrx_word' id='word_1_195' title='bbox 1061 209 1150 243; x_wconf 81' lang='grc' dir='ltr'>λέγειν</span> <span class='ocrx_word' id='word_1_196' title='bbox 1167 210 1217 236; x_wconf 75' lang='grc' dir='ltr'><strong>οὐκ</strong></span> <span class='ocrx_word' id='word_1_197' title='bbox 1233 210 1318 238; x_wconf 75' lang='grc' dir='ltr'>ἐστιν,</span> <span class='ocrx_word' id='word_1_198' title='bbox 1338 211 1369 237; x_wconf 83' lang='grc' dir='ltr'><strong>Εἰ</strong></span> <span class='ocrx_word' id='word_1_199' title='bbox 1384 209 1431 238; x_wconf 75' lang='grc' dir='ltr'>οὖν</span> <span class='ocrx_word' id='word_1_200' title='bbox 1444 212 1482 247; x_wconf 85' lang='grc' dir='ltr'>τῷ</span> <span class='ocrx_word' id='word_1_201' title='bbox 1498 212 1610 248; x_wconf 78' lang='grc' dir='ltr'>ὀνόματι</span> <span class='ocrx_word' id='word_1_202' title='bbox 1622 215 1652 241; x_wconf 72' lang='grc' dir='ltr'>ἓν</span> <span class='ocrx_word' id='word_1_203' title='bbox 1664 223 1689 241; x_wconf 88' lang='grc' dir='ltr'><strong>τι</strong></span> <span class='ocrx_word' id='word_1_204' title='bbox 1706 215 1810 249; x_wconf 83' lang='grc' dir='ltr'>γέγονε,</span> 
     </span>
    </p>
   </div>
   <div class='ocr_carea' id='block_1_30' title="bbox 1026 255 1811 296">
    <p class='ocr_par' dir='ltr' id='par_1_30' title="bbox 1026 255 1811 296">
     <span class='ocr_line' id='line_1_30' title="bbox 1026 255 1811 296; baseline 0.009 -15"><span class='ocrx_word' id='word_1_205' title='bbox 1026 255 1107 290; x_wconf 83' lang='grc' dir='ltr'>μόνον</span> <span class='ocrx_word' id='word_1_206' title='bbox 1124 256 1269 292; x_wconf 76' lang='grc' dir='ltr'><strong>ὁμωνυμίᾳ</strong></span> <span class='ocrx_word' id='word_1_207' title='bbox 1283 256 1428 292; x_wconf 78' lang='grc' dir='ltr'>ἡνώθησαν</span> <span class='ocrx_word' id='word_1_208' title='bbox 1443 258 1477 285; x_wconf 86' lang='grc' dir='ltr'><strong>τὰ</strong></span> <span class='ocrx_word' id='word_1_209' title='bbox 1491 258 1549 292; x_wconf 82' lang='grc' dir='ltr'>δύο,</span> <span class='ocrx_word' id='word_1_210' title='bbox 1567 260 1701 296; x_wconf 77' lang='grc' dir='ltr'>ἑτεροφυῆ</span> <span class='ocrx_word' id='word_1_211' title='bbox 1718 261 1746 287; x_wconf 81' lang='grc' dir='ltr'>δὲ</span> <span class='ocrx_word' id='word_1_212' title='bbox 1764 263 1811 288; x_wconf 73' lang='grc' dir='ltr'><strong>καὶ</strong></span> 
     </span>
    </p>
   </div>
   <div class='ocr_carea' id='block_1_31' title="bbox 1024 301 1810 343">
    <p class='ocr_par' dir='ltr' id='par_1_31' title="bbox 1024 301 1810 343">
     <span class='ocr_line' id='line_1_31' title="bbox 1024 301 1810 343; baseline 0.006 -15"><span class='ocrx_word' id='word_1_213' title='bbox 1024 301 1158 329; x_wconf 80' lang='grc' dir='ltr'><strong>ἀσύνθετα</strong></span> <span class='ocrx_word' id='word_1_214' title='bbox 1172 302 1298 338; x_wconf 82' lang='grc' dir='ltr'>ἀλλήλοις</span> <span class='ocrx_word' id='word_1_215' title='bbox 1313 302 1352 330; x_wconf 73' lang='grc' dir='ltr'>ἔτι</span> <span class='ocrx_word' id='word_1_216' title='bbox 1367 304 1453 336; x_wconf 72' lang='grc' dir='ltr'>ἐστὶν,</span> <span class='ocrx_word' id='word_1_217' title='bbox 1474 305 1618 340; x_wconf 80' lang='grc' dir='ltr'>ἄνθρωπός</span> <span class='ocrx_word' id='word_1_218' title='bbox 1639 315 1667 332; x_wconf 73' lang='grc' dir='ltr'><strong>τε</strong></span> <span class='ocrx_word' id='word_1_219' title='bbox 1690 307 1781 342; x_wconf 86' lang='grc' dir='ltr'>μόνον,</span> <span class='ocrx_word' id='word_1_220' title='bbox 1794 307 1810 343; x_wconf 85' lang='grc' dir='ltr'>ἢ</span> 
     </span>
    </p>
   </div>
   <div class='ocr_carea' id='block_1_32' title="bbox 1023 348 1811 389">
    <p class='ocr_par' dir='ltr' id='par_1_32' title="bbox 1023 348 1811 389">
     <span class='ocr_line' id='line_1_32' title="bbox 1023 348 1811 389; baseline 0.009 -15"><span class='ocrx_word' id='word_1_221' title='bbox 1023 348 1090 380; x_wconf 83' lang='grc' dir='ltr'><strong>Θεὸς</strong></span> <span class='ocrx_word' id='word_1_222' title='bbox 1101 349 1190 384; x_wconf 86' lang='grc' dir='ltr'>μόνον,</span> <span class='ocrx_word' id='word_1_223' title='bbox 1203 348 1219 383; x_wconf 77' lang='grc' dir='ltr'><strong>ἦ</strong></span> <span class='ocrx_word' id='word_1_224' title='bbox 1232 349 1327 384; x_wconf 67' lang='grc' dir='ltr'>ἔτερόν</span> <span class='ocrx_word' id='word_1_225' title='bbox 1338 359 1378 384; x_wconf 83' lang='grc' dir='ltr'>τι,</span> <span class='ocrx_word' id='word_1_226' title='bbox 1393 349 1407 376; x_wconf 83' lang='grc' dir='ltr'><strong>δ</strong></span> <span class='ocrx_word' id='word_1_227' title='bbox 1424 351 1492 386; x_wconf 84' lang='grc' dir='ltr'>μήτε</span> <span class='ocrx_word' id='word_1_228' title='bbox 1501 351 1569 378; x_wconf 84' lang='grc' dir='ltr'><strong>Θεοῦ</strong></span> <span class='ocrx_word' id='word_1_229' title='bbox 1584 352 1652 388; x_wconf 87' lang='grc' dir='ltr'>μήτε</span> <span class='ocrx_word' id='word_1_230' title='bbox 1665 352 1811 389; x_wconf 76' lang='grc' dir='ltr'>ἀνθρώπου</span> 
     </span>
    </p>
   </div>
   <div class='ocr_carea' id='block_1_33' title="bbox 1024 394 1810 434">
    <p class='ocr_par' dir='ltr' id='par_1_33' title="bbox 1024 394 1810 434">
     <span class='ocr_line' id='line_1_33' title="bbox 1024 394 1810 434; baseline 0.008 -14"><span class='ocrx_word' id='word_1_231' title='bbox 1024 394 1098 421; x_wconf 69' lang='grc' dir='ltr'>ἐστὶν</span> <span class='ocrx_word' id='word_1_232' title='bbox 1113 394 1208 429; x_wconf 74' lang='grc' dir='ltr'>ὄνομα,</span> <span class='ocrx_word' id='word_1_233' title='bbox 1223 396 1346 431; x_wconf 78' lang='grc' dir='ltr'>ἐκατέρῳ</span> <span class='ocrx_word' id='word_1_234' title='bbox 1362 396 1586 432; x_wconf 77' lang='grc' dir='ltr'>ὲπικληθήσεται·</span> <span class='ocrx_word' id='word_1_235' title='bbox 1602 399 1626 424; x_wconf 91' lang='grc' dir='ltr'>ει</span> <span class='ocrx_word' id='word_1_236' title='bbox 1641 398 1669 424; x_wconf 80' lang='grc' dir='ltr'>δὲ</span> <span class='ocrx_word' id='word_1_237' title='bbox 1683 398 1722 434; x_wconf 85' lang='grc' dir='ltr'><strong>τῷ</strong></span> <span class='ocrx_word' id='word_1_238' title='bbox 1736 399 1810 434; x_wconf 84' lang='grc' dir='ltr'>γένει</span> 
     </span>
    </p>
   </div>
   <div class='ocr_carea' id='block_1_34' title="bbox 1022 439 1811 480">
    <p class='ocr_par' dir='ltr' id='par_1_34' title="bbox 1022 439 1811 480">
     <span class='ocr_line' id='line_1_34' title="bbox 1022 439 1811 480; baseline 0.008 -15"><span class='ocrx_word' id='word_1_239' title='bbox 1022 439 1096 466; x_wconf 70' lang='grc' dir='ltr'>ἐστὶν</span> <span class='ocrx_word' id='word_1_240' title='bbox 1111 439 1140 465; x_wconf 76' lang='grc' dir='ltr'>ἓν</span> <span class='ocrx_word' id='word_1_241' title='bbox 1156 440 1187 466; x_wconf 78' lang='grc' dir='ltr'>τὸ</span> <span class='ocrx_word' id='word_1_242' title='bbox 1201 441 1346 475; x_wconf 86' lang='grc' dir='ltr'>γενόμενον</span> <span class='ocrx_word' id='word_1_243' title='bbox 1370 441 1416 475; x_wconf 84' lang='grc' dir='ltr'>ὑφ’</span> <span class='ocrx_word' id='word_1_244' title='bbox 1428 440 1443 467; x_wconf 83' lang='grc' dir='ltr'><strong>ὃ</strong></span> <span class='ocrx_word' id='word_1_245' title='bbox 1464 442 1536 468; x_wconf 84' lang='grc' dir='ltr'><strong>τελεί</strong></span> <span class='ocrx_word' id='word_1_246' title='bbox 1552 441 1618 474; x_wconf 85' lang='grc' dir='ltr'>Θεὺς</span> <span class='ocrx_word' id='word_1_247' title='bbox 1638 443 1685 470; x_wconf 74' lang='grc' dir='ltr'>καὶ</span> <span class='ocrx_word' id='word_1_248' title='bbox 1705 444 1811 480; x_wconf 85' lang='grc' dir='ltr'>ἀνθρω-</span> 
     </span>
    </p>
   </div>
   <div class='ocr_carea' id='block_1_35' title="bbox 1021 485 1810 522">
    <p class='ocr_par' dir='ltr' id='par_1_35' title="bbox 1021 485 1810 522">
     <span class='ocr_line' id='line_1_35' title="bbox 1021 485 1810 522; baseline 0.006 -11"><span class='ocrx_word' id='word_1_249' title='bbox 1021 494 1082 518; x_wconf 81' lang='grc' dir='ltr'>πος,</span> <span class='ocrx_word' id='word_1_250' title='bbox 1100 485 1218 521; x_wconf 82' lang='grc' dir='ltr'><strong>ὁμογενῆ</strong></span> <span class='ocrx_word' id='word_1_251' title='bbox 1241 485 1297 521; x_wconf 75' lang='grc' dir='ltr'>ἄρα</span> <span class='ocrx_word' id='word_1_252' title='bbox 1309 485 1384 513; x_wconf 88' lang='grc' dir='ltr'>τάδε.</span> <span class='ocrx_word' id='word_1_253' title='bbox 1404 486 1436 513; x_wconf 90' lang='grc' dir='ltr'>Τί</span> <span class='ocrx_word' id='word_1_254' title='bbox 1452 486 1480 513; x_wconf 82' lang='grc' dir='ltr'>δὲ</span> <span class='ocrx_word' id='word_1_255' title='bbox 1497 487 1550 522; x_wconf 80' lang='grc' dir='ltr'>ἄρα</span> <span class='ocrx_word' id='word_1_256' title='bbox 1565 487 1595 515; x_wconf 79' lang='grc' dir='ltr'>τὸ</span> <span class='ocrx_word' id='word_1_257' title='bbox 1611 488 1700 515; x_wconf 87' lang='grc' dir='ltr'>κοινόν</span> <span class='ocrx_word' id='word_1_258' title='bbox 1717 498 1746 515; x_wconf 89' lang='grc' dir='ltr'><strong>τε</strong></span> <span class='ocrx_word' id='word_1_259' title='bbox 1761 490 1810 516; x_wconf 76' lang='grc' dir='ltr'>αὑ-</span> 
     </span>
    </p>
   </div>
   <div class='ocr_carea' id='block_1_36' title="bbox 1020 530 1809 569">
    <p class='ocr_par' dir='ltr' id='par_1_36' title="bbox 1020 530 1809 569">
     <span class='ocr_line' id='line_1_36' title="bbox 1020 530 1809 569; baseline 0.005 -12"><span class='ocrx_word' id='word_1_260' title='bbox 1020 532 1077 563; x_wconf 85' lang='grc' dir='ltr'>τοῖς</span> <span class='ocrx_word' id='word_1_261' title='bbox 1094 530 1314 565; x_wconf 84' lang='grc' dir='ltr'>καθολικώτερόν</span> <span class='ocrx_word' id='word_1_262' title='bbox 1329 540 1359 558; x_wconf 81' lang='grc' dir='ltr'><strong>τε</strong></span> <span class='ocrx_word' id='word_1_263' title='bbox 1371 532 1438 558; x_wconf 78' lang='grc' dir='ltr'>Θεοῦ</span> <span class='ocrx_word' id='word_1_264' title='bbox 1449 532 1527 566; x_wconf 86' lang='grc' dir='ltr'>γένος</span> <span class='ocrx_word' id='word_1_265' title='bbox 1540 534 1687 569; x_wconf 83' lang='grc' dir='ltr'>ζητητέον;</span> <span class='ocrx_word' id='word_1_266' title='bbox 1706 535 1764 566; x_wconf 85' lang='grc' dir='ltr'><strong>πῶς</strong></span> <span class='ocrx_word' id='word_1_267' title='bbox 1780 544 1809 561; x_wconf 76' lang='grc' dir='ltr'><strong>τε</strong></span> 
     </span>
    </p>
   </div>
   <div class='ocr_carea' id='block_1_37' title="bbox 1021 575 1810 613">
    <p class='ocr_par' dir='ltr' id='par_1_37' title="bbox 1021 575 1810 613">
     <span class='ocr_line' id='line_1_37' title="bbox 1021 575 1810 613; baseline 0.005 -11"><span class='ocrx_word' id='word_1_268' title='bbox 1021 576 1074 603; x_wconf 80' lang='grc' dir='ltr'>ἀπὸ</span> <span class='ocrx_word' id='word_1_269' title='bbox 1100 576 1258 611; x_wconf 83' lang='grc' dir='ltr'><strong>προσφάτου</strong></span> <span class='ocrx_word' id='word_1_270' title='bbox 1289 575 1413 608; x_wconf 83' lang='grc' dir='ltr'>ὲνώσεως</span> <span class='ocrx_word' id='word_1_271' title='bbox 1436 576 1495 603; x_wconf 83' lang='grc' dir='ltr'>τόδε</span> <span class='ocrx_word' id='word_1_272' title='bbox 1524 577 1704 613; x_wconf 80' lang='grc' dir='ltr'>ἀρχαιότατον</span> <span class='ocrx_word' id='word_1_273' title='bbox 1731 579 1810 613; x_wconf 83' lang='grc' dir='ltr'>γένος</span> 
     </span>
    </p>
   </div>
   <div class='ocr_carea' id='block_1_38' title="bbox 1021 620 1810 657">
    <p class='ocr_par' dir='ltr' id='par_1_38' title="bbox 1021 620 1810 657">
     <span class='ocr_line' id='line_1_38' title="bbox 1021 620 1810 657; baseline 0.005 -11"><span class='ocrx_word' id='word_1_274' title='bbox 1021 620 1112 652; x_wconf 82' lang='grc' dir='ltr'>αὐτοῖς</span> <span class='ocrx_word' id='word_1_275' title='bbox 1129 620 1263 656; x_wconf 71' lang='grc' dir='ltr'>ἐπενοήθη</span> <span class='ocrx_word' id='word_1_276' title='bbox 1277 628 1284 652; x_wconf 91' lang='grc'>;</span> <span class='ocrx_word' id='word_1_277' title='bbox 1304 620 1335 647; x_wconf 87' lang='grc' dir='ltr'><strong>Εἰ</strong></span> <span class='ocrx_word' id='word_1_278' title='bbox 1354 620 1382 646; x_wconf 86' lang='grc' dir='ltr'>δὲ</span> <span class='ocrx_word' id='word_1_279' title='bbox 1396 621 1437 656; x_wconf 81' lang='grc' dir='ltr'>τῷ</span> <span class='ocrx_word' id='word_1_280' title='bbox 1451 621 1517 648; x_wconf 78' lang='grc' dir='ltr'>εῖδει</span> <span class='ocrx_word' id='word_1_281' title='bbox 1537 622 1566 649; x_wconf 80' lang='grc' dir='ltr'>ἓν</span> <span class='ocrx_word' id='word_1_282' title='bbox 1586 623 1652 649; x_wconf 82' lang='grc' dir='ltr'>αὑτό</span> <span class='ocrx_word' id='word_1_283' title='bbox 1670 632 1746 657; x_wconf 78' lang='grc' dir='ltr'>φασι,</span> <span class='ocrx_word' id='word_1_284' title='bbox 1763 624 1810 650; x_wconf 77' lang='grc' dir='ltr'><strong>δύο</strong></span> 
     </span>
    </p>
   </div>
   <div class='ocr_carea' id='block_1_39' title="bbox 1006 665 1808 704">
    <p class='ocr_par' dir='ltr' id='par_1_39' title="bbox 1006 665 1808 704">
     <span class='ocr_line' id='line_1_39' title="bbox 1006 665 1808 704; baseline 0.005 -12"><span class='ocrx_word' id='word_1_285' title='bbox 1006 666 1130 698; x_wconf 72' lang='grc' dir='ltr'><strong>Δπάντως</strong></span> <span class='ocrx_word' id='word_1_286' title='bbox 1156 666 1174 701; x_wconf 82' lang='grc' dir='ltr'>ἢ</span> <span class='ocrx_word' id='word_1_287' title='bbox 1199 667 1245 692; x_wconf 79' lang='grc' dir='ltr'><strong>καὶ</strong></span> <span class='ocrx_word' id='word_1_288' title='bbox 1273 665 1385 693; x_wconf 85' lang='grc' dir='ltr'>πλείονά</span> <span class='ocrx_word' id='word_1_289' title='bbox 1412 667 1470 693; x_wconf 76' lang='grc' dir='ltr'>ἐστι</span> <span class='ocrx_word' id='word_1_290' title='bbox 1495 667 1529 694; x_wconf 83' lang='grc' dir='ltr'>τὰ</span> <span class='ocrx_word' id='word_1_291' title='bbox 1556 668 1683 695; x_wconf 70' lang='grc' dir='ltr'>ὑπἀὑτδ</span> <span class='ocrx_word' id='word_1_292' title='bbox 1708 669 1808 704; x_wconf 80' lang='grc' dir='ltr'>ἄτομα,</span> 
     </span>
    </p>
   </div>
   <div class='ocr_carea' id='block_1_40' title="bbox 1020 712 1807 751">
    <p class='ocr_par' dir='ltr' id='par_1_40' title="bbox 1020 712 1807 751">
     <span class='ocr_line' id='line_1_40' title="bbox 1020 712 1807 751; baseline 0.004 -12"><span class='ocrx_word' id='word_1_293' title='bbox 1020 713 1105 748; x_wconf 73' lang='grc' dir='ltr'>ἤγουν</span> <span class='ocrx_word' id='word_1_294' title='bbox 1124 712 1298 744; x_wconf 77' lang='grc' dir='ltr'><strong>ὑποστάσεις,</strong></span> <span class='ocrx_word' id='word_1_295' title='bbox 1327 713 1374 739; x_wconf 69' lang='grc' dir='ltr'><strong>καὶ⁵</strong></span> <span class='ocrx_word' id='word_1_296' title='bbox 1395 713 1424 740; x_wconf 83' lang='grc' dir='ltr'>ἐν</span> <span class='ocrx_word' id='word_1_297' title='bbox 1438 713 1485 740; x_wconf 87' lang='grc' dir='ltr'><strong>δύο</strong></span> <span class='ocrx_word' id='word_1_298' title='bbox 1504 714 1662 750; x_wconf 81' lang='grc' dir='ltr'>προσώποις</span> <span class='ocrx_word' id='word_1_299' title='bbox 1675 716 1774 742; x_wconf 79' lang='grc' dir='ltr'>νοεῖται</span> <span class='ocrx_word' id='word_1_300' title='bbox 1791 716 1807 751; x_wconf 80' lang='grc' dir='ltr'>ἦ</span> 
     </span>
    </p>
   </div>
   <div class='ocr_carea' id='block_1_41' title="bbox 1020 755 1810 794">
    <p class='ocr_par' dir='ltr' id='par_1_41' title="bbox 1020 755 1810 794">
     <span class='ocr_line' id='line_1_41' title="bbox 1020 755 1810 794; baseline 0.005 -11"><span class='ocrx_word' id='word_1_301' title='bbox 1020 758 1050 784; x_wconf 85' lang='grc' dir='ltr'>ὲν</span> <span class='ocrx_word' id='word_1_302' title='bbox 1073 756 1182 784; x_wconf 86' lang='grc' dir='ltr'>πλείοσι</span> <span class='ocrx_word' id='word_1_303' title='bbox 1200 755 1325 792; x_wconf 81' lang='grc' dir='ltr'>Χριστός·</span> <span class='ocrx_word' id='word_1_304' title='bbox 1340 757 1368 785; x_wconf 82' lang='grc' dir='ltr'>ἒν</span> <span class='ocrx_word' id='word_1_305' title='bbox 1383 758 1411 784; x_wconf 87' lang='grc' dir='ltr'>δὲ</span> <span class='ocrx_word' id='word_1_306' title='bbox 1427 757 1497 790; x_wconf 77' lang='grc' dir='ltr'>εἶδος</span> <span class='ocrx_word' id='word_1_307' title='bbox 1512 758 1638 794; x_wconf 80' lang='grc' dir='ltr'>θεότητός</span> <span class='ocrx_word' id='word_1_308' title='bbox 1652 768 1682 786; x_wconf 84' lang='grc' dir='ltr'><strong>τε</strong></span> <span class='ocrx_word' id='word_1_309' title='bbox 1702 761 1749 787; x_wconf 68' lang='grc' dir='ltr'>καὶ</span> <span class='ocrx_word' id='word_1_310' title='bbox 1765 762 1810 787; x_wconf 78' lang='grc' dir='ltr'>άν-</span> 
     </span>
    </p>
   </div>
   <div class='ocr_carea' id='block_1_42' title="bbox 1021 801 1808 841">
    <p class='ocr_par' dir='ltr' id='par_1_42' title="bbox 1021 801 1808 841">
     <span class='ocr_line' id='line_1_42' title="bbox 1021 801 1808 841; baseline 0.006 -13"><span class='ocrx_word' id='word_1_311' title='bbox 1021 803 1197 838; x_wconf 75' lang='grc' dir='ltr'>θρωπότητος</span> <span class='ocrx_word' id='word_1_312' title='bbox 1213 801 1282 830; x_wconf 80' lang='grc' dir='ltr'>εἶναι</span> <span class='ocrx_word' id='word_1_313' title='bbox 1296 803 1370 835; x_wconf 76' lang='grc' dir='ltr'>ὅπως</span> <span class='ocrx_word' id='word_1_314' title='bbox 1385 804 1535 838; x_wconf 79' lang='grc' dir='ltr'>λογιστέον,</span> <span class='ocrx_word' id='word_1_315' title='bbox 1556 805 1724 841; x_wconf 72' lang='grc' dir='ltr'><strong>ἀδιανόητον·</strong></span> <span class='ocrx_word' id='word_1_316' title='bbox 1740 807 1763 833; x_wconf 81' lang='grc' dir='ltr'><strong>εί</strong></span> <span class='ocrx_word' id='word_1_317' title='bbox 1781 807 1808 833; x_wconf 86' lang='grc' dir='ltr'>δὲ</span> 
     </span>
    </p>
   </div>
   <div class='ocr_carea' id='block_1_43' title="bbox 1020 847 1810 886">
    <p class='ocr_par' dir='ltr' id='par_1_43' title="bbox 1020 847 1810 886">
     <span class='ocr_line' id='line_1_43' title="bbox 1020 847 1810 886; baseline 0.005 -12"><span class='ocrx_word' id='word_1_318' title='bbox 1020 847 1122 874; x_wconf 85' lang='grc' dir='ltr'>τούτων</span> <span class='ocrx_word' id='word_1_319' title='bbox 1137 848 1213 875; x_wconf 74' lang='grc' dir='ltr'>οὐδὲν</span> <span class='ocrx_word' id='word_1_320' title='bbox 1231 847 1352 882; x_wconf 80' lang='grc' dir='ltr'>εὑλογον,</span> <span class='ocrx_word' id='word_1_321' title='bbox 1369 848 1399 880; x_wconf 77' lang='grc' dir='ltr'><strong>ἐξ</strong></span> <span class='ocrx_word' id='word_1_322' title='bbox 1413 849 1537 884; x_wconf 80' lang='grc' dir='ltr'><strong>ἀνάγκης</strong></span> <span class='ocrx_word' id='word_1_323' title='bbox 1552 850 1581 876; x_wconf 75' lang='grc' dir='ltr'>ἓν</span> <span class='ocrx_word' id='word_1_324' title='bbox 1592 850 1632 886; x_wconf 86' lang='grc' dir='ltr'>τῷ</span> <span class='ocrx_word' id='word_1_325' title='bbox 1647 851 1756 886; x_wconf 79' lang='grc' dir='ltr'>ἀριθμῷ</span> <span class='ocrx_word' id='word_1_326' title='bbox 1771 849 1810 878; x_wconf 80' lang='grc' dir='ltr'>εῖ-</span> 
     </span>
    </p>
   </div>
   <div class='ocr_carea' id='block_1_44' title="bbox 1020 893 1809 930">
    <p class='ocr_par' dir='ltr' id='par_1_44' title="bbox 1020 893 1809 930">
     <span class='ocr_line' id='line_1_44' title="bbox 1020 893 1809 930; baseline 0.004 -9"><span class='ocrx_word' id='word_1_327' title='bbox 1020 903 1063 921; x_wconf 86' lang='grc' dir='ltr'><strong>ναι</strong></span> <span class='ocrx_word' id='word_1_328' title='bbox 1078 893 1108 920; x_wconf 82' lang='grc' dir='ltr'>τὸ</span> <span class='ocrx_word' id='word_1_329' title='bbox 1125 895 1157 921; x_wconf 76' lang='grc' dir='ltr'>ἐκ</span> <span class='ocrx_word' id='word_1_330' title='bbox 1177 893 1223 920; x_wconf 86' lang='grc' dir='ltr'><strong>δύο</strong></span> <span class='ocrx_word' id='word_1_331' title='bbox 1239 894 1348 929; x_wconf 79' lang='grc' dir='ltr'>φύσεων</span> <span class='ocrx_word' id='word_1_332' title='bbox 1373 895 1519 930; x_wconf 87' lang='grc' dir='ltr'>γενόμενον</span> <span class='ocrx_word' id='word_1_333' title='bbox 1534 895 1717 923; x_wconf 79' lang='grc' dir='ltr'>ὑπολείπεται”</span> <span class='ocrx_word' id='word_1_334' title='bbox 1735 897 1767 923; x_wconf 76' lang='grc' dir='ltr'>τὸ</span> <span class='ocrx_word' id='word_1_335' title='bbox 1780 897 1809 924; x_wconf 78' lang='grc' dir='ltr'>δὲ</span> 
     </span>
    </p>
   </div>
   <div class='ocr_carea' id='block_1_45' title="bbox 1020 939 1807 978">
    <p class='ocr_par' dir='ltr' id='par_1_45' title="bbox 1020 939 1807 978">
     <span class='ocr_line' id='line_1_45' title="bbox 1020 939 1807 978; baseline 0.004 -12"><span class='ocrx_word' id='word_1_336' title='bbox 1020 939 1129 975; x_wconf 88' lang='grc' dir='ltr'>ἀριθμῷ</span> <span class='ocrx_word' id='word_1_337' title='bbox 1144 940 1173 966; x_wconf 83' lang='grc' dir='ltr'>ἒν</span> <span class='ocrx_word' id='word_1_338' title='bbox 1193 939 1348 975; x_wconf 84' lang='grc' dir='ltr'>λεγόμενον,</span> <span class='ocrx_word' id='word_1_339' title='bbox 1363 941 1393 967; x_wconf 83' lang='grc' dir='ltr'>τὸ</span> <span class='ocrx_word' id='word_1_340' title='bbox 1405 943 1438 977; x_wconf 87' lang='grc' dir='ltr'><strong>τῇ</strong></span> <span class='ocrx_word' id='word_1_341' title='bbox 1453 941 1601 968; x_wconf 82' lang='grc' dir='ltr'>ὑποστάσει</span> <span class='ocrx_word' id='word_1_342' title='bbox 1621 942 1650 968; x_wconf 83' lang='grc' dir='ltr'>ἓν</span> <span class='ocrx_word' id='word_1_343' title='bbox 1662 942 1694 969; x_wconf 70' lang='grc' dir='ltr'>ὅν</span> <span class='ocrx_word' id='word_1_344' title='bbox 1706 951 1807 978; x_wconf 81' lang='grc' dir='ltr'>φαμεν,</span> 
     </span>
    </p>
   </div>
   <div class='ocr_carea' id='block_1_46' title="bbox 1020 986 1809 1025">
    <p class='ocr_par' dir='ltr' id='par_1_46' title="bbox 1020 986 1809 1025">
     <span class='ocr_line' id='line_1_46' title="bbox 1020 986 1809 1025; baseline 0.004 -11"><span class='ocrx_word' id='word_1_345' title='bbox 1020 987 1068 1014; x_wconf 73' lang='grc' dir='ltr'><strong>καὶ</strong></span> <span class='ocrx_word' id='word_1_346' title='bbox 1082 987 1113 1013; x_wconf 80' lang='grc' dir='ltr'>οὐ</span> <span class='ocrx_word' id='word_1_347' title='bbox 1128 986 1158 1013; x_wconf 83' lang='grc' dir='ltr'>τὸ</span> <span class='ocrx_word' id='word_1_348' title='bbox 1171 987 1203 1022; x_wconf 81' lang='grc' dir='ltr'>τῇ</span> <span class='ocrx_word' id='word_1_349' title='bbox 1220 987 1302 1022; x_wconf 80' lang='grc' dir='ltr'>φύσει</span> <span class='ocrx_word' id='word_1_350' title='bbox 1318 986 1361 1014; x_wconf 76' lang='grc' dir='ltr'><strong>ἓν·</strong></span> <span class='ocrx_word' id='word_1_351' title='bbox 1374 987 1440 1014; x_wconf 78' lang='grc' dir='ltr'>διότι</span> <span class='ocrx_word' id='word_1_352' title='bbox 1457 987 1550 1024; x_wconf 84' lang='grc' dir='ltr'>ὥσπερ</span> <span class='ocrx_word' id='word_1_353' title='bbox 1565 989 1680 1025; x_wconf 80' lang='grc' dir='ltr'>ἀριθμὸς</span> <span class='ocrx_word' id='word_1_354' title='bbox 1695 990 1809 1023; x_wconf 75' lang='grc' dir='ltr'>ἕκαστος</span> 
     </span>
    </p>
   </div>
   <div class='ocr_carea' id='block_1_47' title="bbox 1022 1032 1809 1071">
    <p class='ocr_par' dir='ltr' id='par_1_47' title="bbox 1022 1032 1809 1071">
     <span class='ocr_line' id='line_1_47' title="bbox 1022 1032 1809 1071; baseline 0.005 -13"><span class='ocrx_word' id='word_1_355' title='bbox 1022 1032 1146 1059; x_wconf 79' lang='grc' dir='ltr'>συνθέσει</span> <span class='ocrx_word' id='word_1_356' title='bbox 1160 1032 1284 1068; x_wconf 82' lang='grc' dir='ltr'>ἀριθμῶν</span> <span class='ocrx_word' id='word_1_357' title='bbox 1299 1032 1316 1068; x_wconf 80' lang='grc' dir='ltr'>ἢ</span> <span class='ocrx_word' id='word_1_358' title='bbox 1337 1033 1460 1068; x_wconf 85' lang='grc' dir='ltr'>μονάδων</span> <span class='ocrx_word' id='word_1_359' title='bbox 1474 1034 1504 1060; x_wconf 69' lang='grc' dir='ltr'>τὸ</span> <span class='ocrx_word' id='word_1_360' title='bbox 1518 1034 1547 1061; x_wconf 79' lang='grc' dir='ltr'>ἓν</span> <span class='ocrx_word' id='word_1_361' title='bbox 1556 1043 1583 1061; x_wconf 81' lang='grc' dir='ltr'><strong>τι</strong></span> <span class='ocrx_word' id='word_1_362' title='bbox 1602 1033 1670 1061; x_wconf 79' lang='grc' dir='ltr'>εἶναι</span> <span class='ocrx_word' id='word_1_363' title='bbox 1683 1035 1750 1071; x_wconf 79' lang='grc' dir='ltr'>ἔχει,</span> <span class='ocrx_word' id='word_1_364' title='bbox 1764 1035 1809 1062; x_wconf 80' lang='grc' dir='ltr'><strong>οὖ-</strong></span> 
     </span>
    </p>
   </div>
   <div class='ocr_carea' id='block_1_48' title="bbox 1022 1079 1810 1116">
    <p class='ocr_par' dir='ltr' id='par_1_48' title="bbox 1022 1079 1810 1116">
     <span class='ocr_line' id='line_1_48' title="bbox 1022 1079 1810 1116; baseline 0.005 -11"><span class='ocrx_word' id='word_1_365' title='bbox 1022 1087 1076 1110; x_wconf 84' lang='grc' dir='ltr'><strong>τως</strong></span> <span class='ocrx_word' id='word_1_366' title='bbox 1102 1079 1148 1106; x_wconf 78' lang='grc' dir='ltr'><strong>καὶ</strong></span> <span class='ocrx_word' id='word_1_367' title='bbox 1173 1079 1202 1106; x_wconf 80' lang='grc' dir='ltr'>αἱ</span> <span class='ocrx_word' id='word_1_368' title='bbox 1224 1079 1389 1112; x_wconf 78' lang='grc' dir='ltr'>ὑποστάσεις</span> <span class='ocrx_word' id='word_1_369' title='bbox 1404 1081 1529 1108; x_wconf 80' lang='grc' dir='ltr'>συνθέσει</span> <span class='ocrx_word' id='word_1_370' title='bbox 1545 1081 1653 1116; x_wconf 85' lang='grc' dir='ltr'>φύσεων</span> <span class='ocrx_word' id='word_1_371' title='bbox 1673 1083 1721 1109; x_wconf 75' lang='grc' dir='ltr'><strong>καὶ</strong></span> <span class='ocrx_word' id='word_1_372' title='bbox 1739 1083 1810 1109; x_wconf 81' lang='grc' dir='ltr'>ἰδιω-</span> 
     </span>
    </p>
   </div>
   <div class='ocr_carea' id='block_1_49' title="bbox 1024 1125 1808 1163">
    <p class='ocr_par' dir='ltr' id='par_1_49' title="bbox 1024 1125 1808 1163">
     <span class='ocr_line' id='line_1_49' title="bbox 1024 1125 1808 1163; baseline 0.001 -12"><span class='ocrx_word' id='word_1_373' title='bbox 1024 1125 1117 1161; x_wconf 81' lang='grc' dir='ltr'>μάτων</span> <span class='ocrx_word' id='word_1_374' title='bbox 1138 1125 1355 1161; x_wconf 76' lang='grc' dir='ltr'>συμπαραλήψει</span> <span class='ocrx_word' id='word_1_375' title='bbox 1382 1126 1564 1161; x_wconf 72' lang='grc' dir='ltr'>ὑφίστανται,</span> <span class='ocrx_word' id='word_1_376' title='bbox 1590 1127 1606 1163; x_wconf 85' lang='grc' dir='ltr'><strong>ἦ</strong></span> <span class='ocrx_word' id='word_1_377' title='bbox 1633 1128 1808 1163; x_wconf 75' lang='grc' dir='ltr'>τούλάχιστον</span> 
     </span>
    </p>
   </div>
   <div class='ocr_carea' id='block_1_50' title="bbox 1023 1169 1808 1208">
    <p class='ocr_par' dir='ltr' id='par_1_50' title="bbox 1023 1169 1808 1208">
     <span class='ocr_line' id='line_1_50' title="bbox 1023 1169 1808 1208; baseline 0.004 -13"><span class='ocrx_word' id='word_1_378' title='bbox 1023 1169 1166 1205; x_wconf 82' lang='grc' dir='ltr'>συμπλοκῇ</span> <span class='ocrx_word' id='word_1_379' title='bbox 1182 1169 1290 1204; x_wconf 74' lang='grc' dir='ltr'>φύσεως</span> <span class='ocrx_word' id='word_1_380' title='bbox 1307 1171 1372 1205; x_wconf 79' lang='grc' dir='ltr'>μιᾶς</span> <span class='ocrx_word' id='word_1_381' title='bbox 1385 1170 1431 1196; x_wconf 83' lang='grc' dir='ltr'><strong>καὶ</strong></span> <span class='ocrx_word' id='word_1_382' title='bbox 1447 1170 1603 1205; x_wconf 80' lang='grc' dir='ltr'>ἰδιώματος·</span> <span class='ocrx_word' id='word_1_383' title='bbox 1615 1171 1645 1198; x_wconf 81' lang='grc' dir='ltr'>τὸ</span> <span class='ocrx_word' id='word_1_384' title='bbox 1659 1173 1712 1208; x_wconf 85' lang='grc' dir='ltr'><strong>γὰρ</strong></span> <span class='ocrx_word' id='word_1_385' title='bbox 1728 1172 1808 1207; x_wconf 79' lang='grc' dir='ltr'>φύσει</span> 
     </span>
    </p>
   </div>
   <div class='ocr_carea' id='block_1_51' title="bbox 1022 1212 1716 1250">
    <p class='ocr_par' dir='ltr' id='par_1_51' title="bbox 1022 1212 1716 1250">
     <span class='ocr_line' id='line_1_51' title="bbox 1022 1212 1716 1250; baseline 0.004 -10"><span class='ocrx_word' id='word_1_386' title='bbox 1022 1214 1050 1241; x_wconf 86' lang='grc' dir='ltr'>ἓν</span> <span class='ocrx_word' id='word_1_387' title='bbox 1063 1212 1145 1247; x_wconf 76' lang='grc' dir='ltr'>εἷναι,</span> <span class='ocrx_word' id='word_1_388' title='bbox 1161 1213 1309 1241; x_wconf 76' lang='grc' dir='ltr'>ἀσυνθέτου</span> <span class='ocrx_word' id='word_1_389' title='bbox 1326 1215 1414 1250; x_wconf 81' lang='grc' dir='ltr'>πάντη</span> <span class='ocrx_word' id='word_1_390' title='bbox 1433 1215 1546 1250; x_wconf 84' lang='grc' dir='ltr'>μονάδος</span> <span class='ocrx_word' id='word_1_391' title='bbox 1565 1215 1630 1242; x_wconf 84' lang='grc' dir='ltr'>ῐδιόν</span> <span class='ocrx_word' id='word_1_392' title='bbox 1648 1217 1716 1243; x_wconf 75' lang='grc' dir='ltr'>ἐστι.</span> 
     </span>
    </p>
   </div>
   <div class='ocr_carea' id='block_1_52' title="bbox 175 1259 1806 1298">
    <p class='ocr_par' dir='ltr' id='par_1_52' title="bbox 175 1259 1806 1298">
     <span class='ocr_line' id='line_1_52' title="bbox 175 1259 1806 1298; baseline -0.001 -7"><span class='ocrx_word' id='word_1_393' title='bbox 175 1269 223 1291; x_wconf 88' lang='lat' dir='ltr'><strong>aut</strong></span> <span class='ocrx_word' id='word_1_394' title='bbox 238 1263 387 1291; x_wconf 88' lang='lat' dir='ltr'><strong>monadum</strong></span> <span class='ocrx_word' id='word_1_395' title='bbox 401 1262 603 1298; x_wconf 81' lang='lat' dir='ltr'><strong>compositione</strong></span> <span class='ocrx_word' id='word_1_396' title='bbox 617 1262 691 1298; x_wconf 91' lang='lat' dir='ltr'><strong>quod</strong></span> <span class='ocrx_word' id='word_1_397' title='bbox 709 1263 745 1290; x_wconf 90' lang='lat' dir='ltr'><strong>sit</strong></span> <span class='ocrx_word' id='word_1_398' title='bbox 760 1270 845 1289; x_wconf 89' lang='lat' dir='ltr'><strong>unum</strong></span> <span class='ocrx_word' id='word_1_399' title='bbox 861 1261 963 1297; x_wconf 88' lang='lat' dir='ltr'><strong>aliquid</strong></span> <span class='ocrx_word' id='word_1_400' title='bbox 982 1260 1076 1293; x_wconf 84' lang='lat' dir='ltr'><strong>habet,</strong></span> <span class='ocrx_word' id='word_1_401' title='bbox 1100 1260 1140 1287; x_wconf 82' lang='lat' dir='ltr'><strong>sic</strong></span> <span class='ocrx_word' id='word_1_402' title='bbox 1163 1264 1192 1287; x_wconf 79' lang='lat' dir='ltr'><strong>et</strong></span> <span class='ocrx_word' id='word_1_403' title='bbox 1217 1259 1380 1295; x_wconf 75' lang='lat' dir='ltr'><strong>hypostases</strong></span> <span class='ocrx_word' id='word_1_404' title='bbox 1411 1263 1575 1288; x_wconf 86' lang='lat' dir='ltr'><strong>naturarum</strong></span> <span class='ocrx_word' id='word_1_405' title='bbox 1608 1261 1806 1297; x_wconf 83' lang='lat' dir='ltr'><strong>compositione</strong></span> 
     </span>
    </p>
   </div>
   <div class='ocr_carea' id='block_1_53' title="bbox 176 1305 1807 1344">
    <p class='ocr_par' dir='ltr' id='par_1_53' title="bbox 176 1305 1807 1344">
     <span class='ocr_line' id='line_1_53' title="bbox 176 1305 1807 1344; baseline -0.001 -8"><span class='ocrx_word' id='word_1_406' title='bbox 176 1309 434 1344; x_wconf 85' lang='lat' dir='ltr'><strong>proprietatumque</strong></span> <span class='ocrx_word' id='word_1_407' title='bbox 447 1308 641 1344; x_wconf 81' lang='lat' dir='ltr'><strong>conjunctione</strong></span> <span class='ocrx_word' id='word_1_408' title='bbox 658 1312 795 1341; x_wconf 87' lang='lat' dir='ltr'><strong>constant,</strong></span> <span class='ocrx_word' id='word_1_409' title='bbox 827 1308 870 1336; x_wconf 87' lang='lat' dir='ltr'><strong>vel</strong></span> <span class='ocrx_word' id='word_1_410' title='bbox 902 1308 999 1335; x_wconf 85' lang='lat' dir='ltr'><strong>saltem</strong></span> <span class='ocrx_word' id='word_1_411' title='bbox 1017 1310 1123 1334; x_wconf 62' lang='lat' dir='ltr'><strong>natura:</strong></span> <span class='ocrx_word' id='word_1_412' title='bbox 1136 1305 1221 1334; x_wconf 87' lang='lat' dir='ltr'><strong>unius</strong></span> <span class='ocrx_word' id='word_1_413' title='bbox 1235 1309 1264 1333; x_wconf 89' lang='lat' dir='ltr'><strong>et</strong></span> <span class='ocrx_word' id='word_1_414' title='bbox 1279 1306 1456 1341; x_wconf 80' lang='lat' dir='ltr'><strong>proprietatis</strong></span> <span class='ocrx_word' id='word_1_415' title='bbox 1471 1307 1644 1335; x_wconf 78' lang='lat' dir='ltr'><strong>oonnexione</strong></span> <span class='ocrx_word' id='word_1_416' title='bbox 1660 1317 1666 1323; x_wconf 90' lang='grc'>·</span> <span class='ocrx_word' id='word_1_417' title='bbox 1680 1315 1743 1335; x_wconf 85' lang='lat' dir='ltr'><strong>nam</strong></span> <span class='ocrx_word' id='word_1_418' title='bbox 1759 1315 1807 1336; x_wconf 88' lang='lat' dir='ltr'><strong>na-</strong></span> 
     </span>
    </p>
   </div>
   <div class='ocr_carea' id='block_1_54' title="bbox 177 1353 1111 1389">
    <p class='ocr_par' dir='ltr' id='par_1_54' title="bbox 177 1353 1111 1389">
     <span class='ocr_line' id='line_1_54' title="bbox 177 1353 1111 1389; baseline -0.004 -6"><span class='ocrx_word' id='word_1_419' title='bbox 177 1361 238 1383; x_wconf 85' lang='lat' dir='ltr'><strong>tura</strong></span> <span class='ocrx_word' id='word_1_420' title='bbox 257 1363 342 1383; x_wconf 87' lang='lat' dir='ltr'><strong>unum</strong></span> <span class='ocrx_word' id='word_1_421' title='bbox 356 1363 417 1383; x_wconf 90' lang='lat' dir='ltr'><strong>esse</strong></span> <span class='ocrx_word' id='word_1_422' title='bbox 434 1354 622 1389; x_wconf 61' lang='lat' dir='ltr'><strong>incompositae</strong></span> <span class='ocrx_word' id='word_1_423' title='bbox 631 1361 749 1389; x_wconf 84' lang='lat' dir='ltr'><strong>prorsus</strong></span> <span class='ocrx_word' id='word_1_424' title='bbox 762 1354 888 1381; x_wconf 84' lang='lat' dir='ltr'><strong>monadis</strong></span> <span class='ocrx_word' id='word_1_425' title='bbox 901 1353 1042 1388; x_wconf 87' lang='lat' dir='ltr'><strong>proprium</strong></span> <span class='ocrx_word' id='word_1_426' title='bbox 1058 1357 1111 1380; x_wconf 86' lang='lat' dir='ltr'><strong>est.</strong></span> 
     </span>
    </p>
   </div>
   <div class='ocr_carea' id='block_1_55' title="bbox 212 1399 967 1436">
    <p class='ocr_par' dir='ltr' id='par_1_55' title="bbox 212 1399 967 1436">
     <span class='ocr_line' id='line_1_55' title="bbox 212 1399 967 1436; baseline -0.005 -6"><span class='ocrx_word' id='word_1_427' title='bbox 212 1402 256 1430; x_wconf 80' lang='lat'><strong>6‘2.</strong></span> <span class='ocrx_word' id='word_1_428' title='bbox 280 1402 309 1430; x_wconf 90' lang='lat' dir='ltr'><strong>Si</strong></span> <span class='ocrx_word' id='word_1_429' title='bbox 339 1401 405 1436; x_wconf 87' lang='lat' dir='ltr'><strong>quia</strong></span> <span class='ocrx_word' id='word_1_430' title='bbox 423 1408 479 1428; x_wconf 89' lang='lat' dir='ltr'><strong>non</strong></span> <span class='ocrx_word' id='word_1_431' title='bbox 505 1400 574 1427; x_wconf 89' lang='lat' dir='ltr'><strong>duas</strong></span> <span class='ocrx_word' id='word_1_432' title='bbox 596 1405 707 1427; x_wconf 85' lang='lat' dir='ltr'><strong>naturas</strong></span> <span class='ocrx_word' id='word_1_433' title='bbox 731 1400 765 1428; x_wconf 91' lang='lat' dir='ltr'><strong>ad</strong></span> <span class='ocrx_word' id='word_1_434' title='bbox 787 1400 908 1427; x_wconf 79' lang='lat' dir='ltr'><strong>litteram</strong></span> <span class='ocrx_word' id='word_1_435' title='bbox 934 1399 967 1426; x_wconf 80' lang='lat' dir='ltr'><strong>de</strong></span> 
     </span>
    </p>
   </div>
   <div class='ocr_carea' id='block_1_56' title="bbox 177 1444 967 1483">
    <p class='ocr_par' dir='ltr' id='par_1_56' title="bbox 177 1444 967 1483">
     <span class='ocr_line' id='line_1_56' title="bbox 177 1444 967 1483; baseline -0.005 -7"><span class='ocrx_word' id='word_1_436' title='bbox 177 1448 288 1476; x_wconf 77' lang='lat' dir='ltr'><strong>Christo</strong></span> <span class='ocrx_word' id='word_1_437' title='bbox 308 1447 452 1483; x_wconf 83' lang='lat' dir='ltr'><strong>proferunt</strong></span> <span class='ocrx_word' id='word_1_438' title='bbox 477 1446 586 1478; x_wconf 87' lang='lat' dir='ltr'><strong>Patres,</strong></span> <span class='ocrx_word' id='word_1_439' title='bbox 611 1446 691 1472; x_wconf 75' lang='lat' dir='ltr'><strong>aiunt</strong></span> <span class='ocrx_word' id='word_1_440' title='bbox 706 1444 967 1480; x_wconf 68' lang='lat' dir='ltr'><strong>prazterrnittendam</strong></span> 
     </span>
    </p>
   </div>
   <div class='ocr_carea' id='block_1_57' title="bbox 178 1489 966 1525">
    <p class='ocr_par' dir='ltr' id='par_1_57' title="bbox 178 1489 966 1525">
     <span class='ocr_line' id='line_1_57' title="bbox 178 1489 966 1525; baseline -0.005 -5"><span class='ocrx_word' id='word_1_441' title='bbox 178 1493 255 1520; x_wconf 83' lang='lat' dir='ltr'><strong>vocis</strong></span> <span class='ocrx_word' id='word_1_442' title='bbox 280 1491 443 1524; x_wconf 88' lang='lat' dir='ltr'><strong>novitatem,</strong></span> <span class='ocrx_word' id='word_1_443' title='bbox 460 1494 508 1518; x_wconf 88' lang='lat' dir='ltr'><strong>aut</strong></span> <span class='ocrx_word' id='word_1_444' title='bbox 526 1489 673 1525; x_wconf 87' lang='lat' dir='ltr'><strong>quemdam</strong></span> <span class='ocrx_word' id='word_1_445' title='bbox 701 1489 812 1518; x_wconf 87' lang='lat' dir='ltr'><strong>unicam</strong></span> <span class='ocrx_word' id='word_1_446' title='bbox 840 1493 966 1517; x_wconf 90' lang='lat' dir='ltr'><strong>naturam</strong></span> 
     </span>
    </p>
   </div>
   <div class='ocr_carea' id='block_1_58' title="bbox 178 1534 966 1578">
    <p class='ocr_par' dir='ltr' id='par_1_58' title="bbox 178 1534 966 1578">
     <span class='ocr_line' id='line_1_58' title="bbox 178 1534 966 1578; baseline -0.006 -12"><span class='ocrx_word' id='word_1_447' title='bbox 178 1539 341 1573; x_wconf 78' lang='lat' dir='ltr'><strong>simpliciter</strong></span> <span class='ocrx_word' id='word_1_448' title='bbox 358 1537 495 1565; x_wconf 88' lang='lat' dir='ltr'><strong>dicentem</strong></span> <span class='ocrx_word' id='word_1_449' title='bbox 527 1535 676 1578; x_wconf 55' lang='lat' dir='ltr'><strong>nscipiant,</strong></span> <span class='ocrx_word' id='word_1_450' title='bbox 695 1538 744 1566; x_wconf 84' lang='lat' dir='ltr'><strong>aut</strong></span> <span class='ocrx_word' id='word_1_451' title='bbox 767 1539 795 1562; x_wconf 87' lang='lat' dir='ltr'><strong>et</strong></span> <span class='ocrx_word' id='word_1_452' title='bbox 816 1534 868 1570; x_wconf 89' lang='lat' dir='ltr'><strong>ipsi</strong></span> <span class='ocrx_word' id='word_1_453' title='bbox 885 1534 966 1561; x_wconf 90' lang='lat' dir='ltr'><strong>talem</strong></span> 
     </span>
    </p>
   </div>
   <div class='ocr_carea' id='block_1_59' title="bbox 178 1581 968 1617">
    <p class='ocr_par' dir='ltr' id='par_1_59' title="bbox 178 1581 968 1617">
     <span class='ocr_line' id='line_1_59' title="bbox 178 1581 968 1617; baseline -0.008 -4"><span class='ocrx_word' id='word_1_454' title='bbox 178 1593 275 1613; x_wconf 79' lang='lat' dir='ltr'><strong>vocem</strong></span> <span class='ocrx_word' id='word_1_455' title='bbox 292 1592 328 1611; x_wconf 93' lang='lat' dir='ltr'><strong>ne</strong></span> <span class='ocrx_word' id='word_1_456' title='bbox 347 1588 450 1611; x_wconf 88' lang='lat' dir='ltr'><strong>temere</strong></span> <span class='ocrx_word' id='word_1_457' title='bbox 467 1582 605 1615; x_wconf 90' lang='lat' dir='ltr'><strong>dictitent,</strong></span> <span class='ocrx_word' id='word_1_458' title='bbox 624 1581 734 1617; x_wconf 90' lang='lat' dir='ltr'><strong>quando</strong></span> <span class='ocrx_word' id='word_1_459' title='bbox 752 1588 802 1608; x_wconf 90' lang='lat' dir='ltr'><strong>nos</strong></span> <span class='ocrx_word' id='word_1_460' title='bbox 816 1584 844 1608; x_wconf 87' lang='lat' dir='ltr'><strong>et</strong></span> <span class='ocrx_word' id='word_1_461' title='bbox 857 1585 968 1607; x_wconf 84' lang='lat' dir='ltr'><strong>naturas</strong></span> 
     </span>
    </p>
   </div>
   <div class='ocr_carea' id='block_1_60' title="bbox 180 1627 968 1663">
    <p class='ocr_par' dir='ltr' id='par_1_60' title="bbox 180 1627 968 1663">
     <span class='ocr_line' id='line_1_60' title="bbox 180 1627 968 1663; baseline -0.009 -3"><span class='ocrx_word' id='word_1_462' title='bbox 180 1631 228 1660; x_wconf 82' lang='lat' dir='ltr'><strong>sed</strong></span> <span class='ocrx_word' id='word_1_463' title='bbox 243 1636 271 1659; x_wconf 84' lang='lat' dir='ltr'><strong>et</strong></span> <span class='ocrx_word' id='word_1_464' title='bbox 282 1630 351 1659; x_wconf 86' lang='lat' dir='ltr'><strong>duas</strong></span> <span class='ocrx_word' id='word_1_465' title='bbox 364 1629 489 1658; x_wconf 84' lang='lat' dir='ltr'><strong>dicentes</strong></span> <span class='ocrx_word' id='word_1_466' title='bbox 507 1627 635 1656; x_wconf 86' lang='lat' dir='ltr'><strong>audimus</strong></span> <span class='ocrx_word' id='word_1_467' title='bbox 653 1627 805 1663; x_wconf 81' lang='lat' dir='ltr'><strong>exquisitos</strong></span> <span class='ocrx_word' id='word_1_468' title='bbox 818 1628 889 1654; x_wconf 89' lang='lat' dir='ltr'><strong>inter</strong></span> <span class='ocrx_word' id='word_1_469' title='bbox 910 1634 968 1654; x_wconf 89' lang='lat' dir='ltr'><strong>ma-</strong></span> 
     </span>
    </p>
   </div>
   <div class='ocr_carea' id='block_1_61' title="bbox 179 1678 290 1713">
    <p class='ocr_par' dir='ltr' id='par_1_61' title="bbox 179 1678 290 1713">
     <span class='ocr_line' id='line_1_61' title="bbox 179 1678 290 1713; baseline -0.009 -8"><span class='ocrx_word' id='word_1_470' title='bbox 179 1678 290 1713; x_wconf 80' lang='lat' dir='ltr'><strong>gistros.</strong></span> 
     </span>
    </p>
   </div>
   <div class='ocr_carea' id='block_1_62' title="bbox 215 1717 968 1756">
    <p class='ocr_par' dir='ltr' id='par_1_62' title="bbox 215 1717 968 1756">
     <span class='ocr_line' id='line_1_62' title="bbox 215 1717 968 1756; baseline -0.008 -5"><span class='ocrx_word' id='word_1_471' title='bbox 215 1724 259 1752; x_wconf 80' lang='lat'><strong>65.</strong></span> <span class='ocrx_word' id='word_1_472' title='bbox 282 1723 330 1751; x_wconf 89' lang='lat' dir='ltr'><strong>Dei</strong></span> <span class='ocrx_word' id='word_1_473' title='bbox 352 1723 435 1751; x_wconf 86' lang='lat' dir='ltr'><strong>Verbi</strong></span> <span class='ocrx_word' id='word_1_474' title='bbox 462 1727 562 1750; x_wconf 80' lang='lat' dir='ltr'><strong>natura</strong></span> <span class='ocrx_word' id='word_1_475' title='bbox 581 1722 664 1750; x_wconf 84' lang='lat' dir='ltr'><strong>unica</strong></span> <span class='ocrx_word' id='word_1_476' title='bbox 687 1725 817 1756; x_wconf 80' lang='lat' dir='ltr'><strong>tanquam</strong></span> <span class='ocrx_word' id='word_1_477' title='bbox 833 1717 968 1747; x_wconf 85' lang='lat' dir='ltr'><strong>incarnati</strong></span> 
     </span>
    </p>
   </div>
   <div class='ocr_carea' id='block_1_63' title="bbox 1054 1383 1818 1435">
    <p class='ocr_par' dir='ltr' id='par_1_63' title="bbox 1054 1383 1818 1435">
     <span class='ocr_line' id='line_1_63' title="bbox 1054 1383 1818 1435; baseline 0.004 -11"><span class='ocrx_word' id='word_1_478' title='bbox 1054 1398 1103 1433; x_wconf 78' lang='grc' dir='ltr'><strong>ξβι.</strong></span> <span class='ocrx_word' id='word_1_479' title='bbox 1120 1398 1151 1425; x_wconf 87' lang='grc' dir='ltr'><strong>Εἰ</strong></span> <span class='ocrx_word' id='word_1_480' title='bbox 1167 1398 1211 1425; x_wconf 82' lang='grc' dir='ltr'><strong>διὰ</strong></span> <span class='ocrx_word' id='word_1_481' title='bbox 1225 1383 1261 1425; x_wconf 69' lang='grc' dir='ltr'><em>τὲ</em></span> <span class='ocrx_word' id='word_1_482' title='bbox 1272 1398 1310 1434; x_wconf 83' lang='grc' dir='ltr'>μὴ</span> <span class='ocrx_word' id='word_1_483' title='bbox 1331 1399 1471 1434; x_wconf 82' lang='grc' dir='ltr'>εῑρηκέναι</span> <span class='ocrx_word' id='word_1_484' title='bbox 1485 1399 1548 1430; x_wconf 75' lang='grc' dir='ltr'>τοὺς</span> <span class='ocrx_word' id='word_1_485' title='bbox 1562 1399 1686 1435; x_wconf 74' lang='grc' dir='ltr'>Πατέρας</span> <span class='ocrx_word' id='word_1_486' title='bbox 1697 1399 1744 1426; x_wconf 86' lang='grc' dir='ltr'><strong>δύο</strong></span> <span class='ocrx_word' id='word_1_487' title='bbox 1759 1401 1818 1435; x_wconf 77' lang='grc' dir='ltr'>φύ-“</span> 
     </span>
    </p>
   </div>
   <div class='ocr_carea' id='block_1_64' title="bbox 1019 1443 1806 1480">
    <p class='ocr_par' dir='ltr' id='par_1_64' title="bbox 1019 1443 1806 1480">
     <span class='ocr_line' id='line_1_64' title="bbox 1019 1443 1806 1480; baseline 0.003 -10"><span class='ocrx_word' id='word_1_488' title='bbox 1019 1452 1075 1475; x_wconf 83' lang='grc' dir='ltr'>σεις</span> <span class='ocrx_word' id='word_1_489' title='bbox 1098 1443 1238 1477; x_wconf 71' lang='grc' dir='ltr'>αὑτολεξεὶ</span> <span class='ocrx_word' id='word_1_490' title='bbox 1261 1445 1307 1471; x_wconf 78' lang='grc' dir='ltr'><strong>ἐπὶ</strong></span> <span class='ocrx_word' id='word_1_491' title='bbox 1334 1444 1468 1480; x_wconf 79' lang='grc' dir='ltr'>Χριστοῦ,</span> <span class='ocrx_word' id='word_1_492' title='bbox 1490 1444 1699 1471; x_wconf 79' lang='grc' dir='ltr'>ὑποστέλλεσθαί</span> <span class='ocrx_word' id='word_1_493' title='bbox 1728 1454 1806 1479; x_wconf 68' lang='grc' dir='ltr'>φασι,</span> 
     </span>
    </p>
   </div>
   <div class='ocr_carea' id='block_1_65' title="bbox 1018 1489 1806 1525">
    <p class='ocr_par' dir='ltr' id='par_1_65' title="bbox 1018 1489 1806 1525">
     <span class='ocr_line' id='line_1_65' title="bbox 1018 1489 1806 1525; baseline 0.001 -9"><span class='ocrx_word' id='word_1_494' title='bbox 1018 1490 1067 1525; x_wconf 85' lang='grc' dir='ltr'>τὴν</span> <span class='ocrx_word' id='word_1_495' title='bbox 1095 1490 1286 1524; x_wconf 77' lang='grc' dir='ltr'>καινοφωνίαν,</span> <span class='ocrx_word' id='word_1_496' title='bbox 1311 1489 1327 1525; x_wconf 80' lang='grc' dir='ltr'><strong>ἢ</strong></span> <span class='ocrx_word' id='word_1_497' title='bbox 1352 1489 1519 1523; x_wconf 79' lang='grc' dir='ltr'>δειξάτωσάν</span> <span class='ocrx_word' id='word_1_498' title='bbox 1545 1498 1606 1516; x_wconf 86' lang='grc' dir='ltr'>τινα</span> <span class='ocrx_word' id='word_1_499' title='bbox 1634 1490 1699 1525; x_wconf 87' lang='grc' dir='ltr'>μίαν</span> <span class='ocrx_word' id='word_1_500' title='bbox 1725 1491 1806 1525; x_wconf 76' lang='grc' dir='ltr'>φύσιν</span> 
     </span>
    </p>
   </div>
   <div class='ocr_carea' id='block_1_66' title="bbox 1018 1535 1806 1572">
    <p class='ocr_par' dir='ltr' id='par_1_66' title="bbox 1018 1535 1806 1572">
     <span class='ocr_line' id='line_1_66' title="bbox 1018 1535 1806 1572; baseline 0 -10"><span class='ocrx_word' id='word_1_501' title='bbox 1018 1536 1110 1568; x_wconf 83' lang='grc' dir='ltr'>ἁπλῶς</span> <span class='ocrx_word' id='word_1_502' title='bbox 1125 1536 1248 1569; x_wconf 80' lang='grc' dir='ltr'>λέγοντα,</span> <span class='ocrx_word' id='word_1_503' title='bbox 1271 1535 1287 1571; x_wconf 81' lang='grc' dir='ltr'><strong>ἢ</strong></span> <span class='ocrx_word' id='word_1_504' title='bbox 1303 1535 1350 1562; x_wconf 72' lang='grc' dir='ltr'>καὶ</span> <span class='ocrx_word' id='word_1_505' title='bbox 1365 1535 1442 1562; x_wconf 71' lang='grc' dir='ltr'>αὐτοὶ</span> <span class='ocrx_word' id='word_1_506' title='bbox 1465 1535 1515 1570; x_wconf 81' lang='grc' dir='ltr'>τὴν</span> <span class='ocrx_word' id='word_1_507' title='bbox 1535 1535 1641 1562; x_wconf 88' lang='grc' dir='ltr'>τοιάνδε</span> <span class='ocrx_word' id='word_1_508' title='bbox 1657 1536 1749 1571; x_wconf 79' lang='grc' dir='ltr'>φωνὴν</span> <span class='ocrx_word' id='word_1_509' title='bbox 1769 1537 1806 1572; x_wconf 76' lang='grc' dir='ltr'>μὴ</span> 
     </span>
    </p>
   </div>
   <div class='ocr_carea' id='block_1_67' title="bbox 1019 1581 1807 1618">
    <p class='ocr_par' dir='ltr' id='par_1_67' title="bbox 1019 1581 1807 1618">
     <span class='ocr_line' id='line_1_67' title="bbox 1019 1581 1807 1618; baseline 0 -10"><span class='ocrx_word' id='word_1_510' title='bbox 1019 1581 1292 1618; x_wconf 75' lang='grc' dir='ltr'>προπετευέσθωσαν,</span> <span class='ocrx_word' id='word_1_511' title='bbox 1309 1582 1377 1608; x_wconf 82' lang='grc' dir='ltr'>ὅπου</span> <span class='ocrx_word' id='word_1_512' title='bbox 1401 1589 1433 1616; x_wconf 85' lang='grc' dir='ltr'><strong>γε</strong></span> <span class='ocrx_word' id='word_1_513' title='bbox 1455 1582 1535 1616; x_wconf 80' lang='grc' dir='ltr'>ἡμεῖς</span> <span class='ocrx_word' id='word_1_514' title='bbox 1549 1581 1596 1608; x_wconf 78' lang='grc' dir='ltr'>καὶ</span> <span class='ocrx_word' id='word_1_515' title='bbox 1613 1581 1719 1616; x_wconf 81' lang='grc' dir='ltr'>φύσεις,</span> <span class='ocrx_word' id='word_1_516' title='bbox 1740 1582 1807 1609; x_wconf 76' lang='grc' dir='ltr'>ἀλλὰ</span> 
     </span>
    </p>
   </div>
   <div class='ocr_carea' id='block_1_68' title="bbox 1021 1627 1807 1664">
    <p class='ocr_par' dir='ltr' id='par_1_68' title="bbox 1021 1627 1807 1664">
     <span class='ocr_line' id='line_1_68' title="bbox 1021 1627 1807 1664; baseline 0 -10"><span class='ocrx_word' id='word_1_517' title='bbox 1021 1628 1068 1655; x_wconf 69' lang='grc' dir='ltr'><strong>καὶ</strong></span> <span class='ocrx_word' id='word_1_518' title='bbox 1082 1628 1139 1661; x_wconf 88' lang='grc' dir='ltr'>δύο,</span> <span class='ocrx_word' id='word_1_519' title='bbox 1156 1627 1286 1662; x_wconf 79' lang='grc' dir='ltr'>λέγοντας</span> <span class='ocrx_word' id='word_1_520' title='bbox 1300 1627 1435 1663; x_wconf 86' lang='grc' dir='ltr'>ἀκούομεν</span> <span class='ocrx_word' id='word_1_521' title='bbox 1456 1627 1521 1660; x_wconf 79' lang='grc' dir='ltr'>τοὺς</span> <span class='ocrx_word' id='word_1_522' title='bbox 1535 1628 1678 1664; x_wconf 78' lang='grc' dir='ltr'>ἐκκρίτους</span> <span class='ocrx_word' id='word_1_523' title='bbox 1697 1628 1753 1654; x_wconf 87' lang='grc' dir='ltr'>τῶν</span> <span class='ocrx_word' id='word_1_524' title='bbox 1766 1628 1807 1655; x_wconf 80' lang='grc' dir='ltr'>δι-</span> 
     </span>
    </p>
   </div>
   <div class='ocr_carea' id='block_1_69' title="bbox 1021 1673 1173 1700">
    <p class='ocr_par' dir='ltr' id='par_1_69' title="bbox 1021 1673 1173 1700">
     <span class='ocr_line' id='line_1_69' title="bbox 1021 1673 1173 1700; baseline 0 -1"><span class='ocrx_word' id='word_1_525' title='bbox 1021 1673 1052 1699; x_wconf 87' lang='grc' dir='ltr'><strong>δα</strong></span> <span class='ocrx_word' id='word_1_526' title='bbox 1057 1673 1173 1700; x_wconf 82' lang='grc' dir='ltr'>σκάλων.</span> 
     </span>
    </p>
   </div>
   <div class='ocr_carea' id='block_1_70' title="bbox 1058 1718 1806 1755">
    <p class='ocr_par' dir='ltr' id='par_1_70' title="bbox 1058 1718 1806 1755">
     <span class='ocr_line' id='line_1_70' title="bbox 1058 1718 1806 1755; baseline -0.001 -9"><span class='ocrx_word' id='word_1_527' title='bbox 1058 1719 1109 1753; x_wconf 82' lang='grc' dir='ltr'><strong>ξγ’.</strong></span> <span class='ocrx_word' id='word_1_528' title='bbox 1134 1718 1167 1746; x_wconf 76' lang='grc' dir='ltr'><em>’Π</em></span> <span class='ocrx_word' id='word_1_529' title='bbox 1183 1718 1230 1745; x_wconf 84' lang='grc' dir='ltr'>τοῦ</span> <span class='ocrx_word' id='word_1_530' title='bbox 1252 1718 1321 1746; x_wconf 79' lang='grc' dir='ltr'>Θεοῦ</span> <span class='ocrx_word' id='word_1_531' title='bbox 1341 1719 1428 1753; x_wconf 84' lang='grc' dir='ltr'>Λόγου</span> <span class='ocrx_word' id='word_1_532' title='bbox 1441 1718 1524 1754; x_wconf 79' lang='grc' dir='ltr'>φύσις</span> <span class='ocrx_word' id='word_1_533' title='bbox 1540 1718 1589 1754; x_wconf 86' lang='grc' dir='ltr'><strong>μία</strong></span> <span class='ocrx_word' id='word_1_534' title='bbox 1612 1719 1651 1751; x_wconf 85' lang='grc' dir='ltr'>ὼς</span> <span class='ocrx_word' id='word_1_535' title='bbox 1667 1727 1806 1755; x_wconf 74' lang='grc' dir='ltr'>σεσαρκω-</span> 
     </span>
    </p>
   </div>
   <div class='ocr_carea' id='block_1_71' title="bbox 180 1762 979 1804">
    <p class='ocr_par' dir='ltr' id='par_1_71' title="bbox 180 1766 974 1804">
     <span class='ocr_line' id='line_1_71' title="bbox 180 1766 974 1804; baseline -0.01 -6"><span class='ocrx_word' id='word_1_536' title='bbox 180 1775 232 1804; x_wconf 82' lang='lat' dir='ltr'><strong>est,</strong></span> <span class='ocrx_word' id='word_1_537' title='bbox 247 1774 295 1798; x_wconf 87' lang='lat' dir='ltr'><strong>aut</strong></span> <span class='ocrx_word' id='word_1_538' title='bbox 319 1775 348 1797; x_wconf 87' lang='lat' dir='ltr'><strong>et</strong></span> <span class='ocrx_word' id='word_1_539' title='bbox 372 1775 501 1804; x_wconf 88' lang='lat' dir='ltr'><strong>tanquam</strong></span> <span class='ocrx_word' id='word_1_540' title='bbox 526 1769 630 1804; x_wconf 83' lang='lat' dir='ltr'><strong>absque</strong></span> <span class='ocrx_word' id='word_1_541' title='bbox 648 1768 752 1796; x_wconf 81' lang='lat' dir='ltr'><strong>carne?</strong></span> <span class='ocrx_word' id='word_1_542' title='bbox 782 1766 810 1794; x_wconf 88' lang='lat' dir='ltr'><strong>Si</strong></span> <span class='ocrx_word' id='word_1_543' title='bbox 839 1770 974 1800; x_wconf 81' lang='lat' dir='ltr'><strong>tanquam</strong></span> 
     </span>
    </p>
   </div>
   <div class='ocr_carea' id='block_1_72' title="bbox 1022 1762 1807 1804">
    <p class='ocr_par' dir='ltr' id='par_1_72' title="bbox 1024 1762 1807 1802">
     <span class='ocr_line' id='line_1_72' title="bbox 1024 1762 1807 1802; baseline -0.003 -10"><span class='ocrx_word' id='word_1_544' title='bbox 1024 1765 1105 1802; x_wconf 86' lang='grc' dir='ltr'>μένου</span> <span class='ocrx_word' id='word_1_545' title='bbox 1121 1765 1206 1798; x_wconf 68' lang='grc' dir='ltr'>ἐστὶν,</span> <span class='ocrx_word' id='word_1_546' title='bbox 1223 1765 1240 1800; x_wconf 80' lang='grc' dir='ltr'>ἢ</span> <span class='ocrx_word' id='word_1_547' title='bbox 1256 1765 1304 1792; x_wconf 80' lang='grc' dir='ltr'><strong>καὶ</strong></span> <span class='ocrx_word' id='word_1_548' title='bbox 1315 1765 1356 1797; x_wconf 82' lang='grc' dir='ltr'><strong>ὡς</strong></span> <span class='ocrx_word' id='word_1_549' title='bbox 1368 1765 1489 1801; x_wconf 81' lang='grc' dir='ltr'>ἀσάρκου</span> <span class='ocrx_word' id='word_1_550' title='bbox 1502 1773 1509 1798; x_wconf 89' lang='lat'><strong>;</strong></span> <span class='ocrx_word' id='word_1_551' title='bbox 1525 1765 1550 1791; x_wconf 82' lang='grc' dir='ltr'>ει</span> <span class='ocrx_word' id='word_1_552' title='bbox 1567 1764 1616 1800; x_wconf 76' lang='grc' dir='ltr'><strong>μὲν</strong></span> <span class='ocrx_word' id='word_1_553' title='bbox 1636 1762 1682 1791; x_wconf 80' lang='grc' dir='ltr'>οὖν</span> <span class='ocrx_word' id='word_1_554' title='bbox 1701 1765 1739 1796; x_wconf 82' lang='grc' dir='ltr'>ὡς</span> <span class='ocrx_word' id='word_1_555' title='bbox 1762 1773 1807 1791; x_wconf 87' lang='grc' dir='ltr'>σε-</span> 
     </span>
    </p>
   </div>
   <div class='ocr_carea' id='block_1_73' title="bbox 182 1814 969 1851">
    <p class='ocr_par' dir='ltr' id='par_1_73' title="bbox 182 1814 969 1851">
     <span class='ocr_line' id='line_1_73' title="bbox 182 1814 969 1851; baseline -0.01 -7"><span class='ocrx_word' id='word_1_556' title='bbox 182 1816 316 1845; x_wconf 86' lang='lat' dir='ltr'><strong>incarnati</strong></span> <span class='ocrx_word' id='word_1_557' title='bbox 328 1816 450 1851; x_wconf 84' lang='lat' dir='ltr'><strong>quidem,</strong></span> <span class='ocrx_word' id='word_1_558' title='bbox 463 1819 527 1842; x_wconf 82' lang='lat' dir='ltr'><strong>ante</strong></span> <span class='ocrx_word' id='word_1_559' title='bbox 537 1814 757 1843; x_wconf 87' lang='lat' dir='ltr'><strong>incarnationem</strong></span> <span class='ocrx_word' id='word_1_560' title='bbox 767 1820 822 1839; x_wconf 94' lang='lat' dir='ltr'><strong>non</strong></span> <span class='ocrx_word' id='word_1_561' title='bbox 837 1818 890 1838; x_wconf 91' lang='lat' dir='ltr'><strong>una</strong></span> <span class='ocrx_word' id='word_1_562' title='bbox 897 1814 969 1842; x_wconf 85' lang='lat' dir='ltr'><strong>erat,</strong></span> 
     </span>
    </p>
   </div>
   <div class='ocr_carea' id='block_1_74' title="bbox 182 1857 969 1897">
    <p class='ocr_par' dir='ltr' id='par_1_74' title="bbox 182 1857 969 1897">
     <span class='ocr_line' id='line_1_74' title="bbox 182 1857 969 1897; baseline -0.011 -5"><span class='ocrx_word' id='word_1_563' title='bbox 182 1865 230 1893; x_wconf 83' lang='lat' dir='ltr'><strong>sed</strong></span> <span class='ocrx_word' id='word_1_564' title='bbox 255 1863 392 1896; x_wconf 87' lang='lat' dir='ltr'><strong>semiuna,</strong></span> <span class='ocrx_word' id='word_1_565' title='bbox 414 1866 461 1890; x_wconf 89' lang='lat' dir='ltr'><strong>aut</strong></span> <span class='ocrx_word' id='word_1_566' title='bbox 478 1861 602 1897; x_wconf 65' lang='lat' dir='ltr'><strong>quaedam</strong></span> <span class='ocrx_word' id='word_1_567' title='bbox 619 1868 682 1896; x_wconf 84' lang='lat' dir='ltr'><strong>pars</strong></span> <span class='ocrx_word' id='word_1_568' title='bbox 709 1858 783 1891; x_wconf 87' lang='lat' dir='ltr'><strong>talis;</strong></span> <span class='ocrx_word' id='word_1_569' title='bbox 810 1857 901 1885; x_wconf 87' lang='lat' dir='ltr'><strong>adhuc</strong></span> <span class='ocrx_word' id='word_1_570' title='bbox 917 1864 969 1884; x_wconf 90' lang='lat' dir='ltr'><strong>nec</strong></span> 
     </span>
    </p>
   </div>
   <div class='ocr_carea' id='block_1_75' title="bbox 182 1904 970 1944">
    <p class='ocr_par' dir='ltr' id='par_1_75' title="bbox 182 1904 970 1944">
     <span class='ocr_line' id='line_1_75' title="bbox 182 1904 970 1944; baseline -0.013 -6"><span class='ocrx_word' id='word_1_571' title='bbox 182 1912 273 1943; x_wconf 88' lang='lat' dir='ltr'><strong>Pater,</strong></span> <span class='ocrx_word' id='word_1_572' title='bbox 290 1917 342 1937; x_wconf 91' lang='lat' dir='ltr'><strong>nec</strong></span> <span class='ocrx_word' id='word_1_573' title='bbox 359 1908 478 1944; x_wconf 83' lang='lat' dir='ltr'><strong>Spiritus</strong></span> <span class='ocrx_word' id='word_1_574' title='bbox 494 1911 607 1935; x_wconf 86' lang='lat' dir='ltr'><strong>sanctus</strong></span> <span class='ocrx_word' id='word_1_575' title='bbox 624 1905 709 1933; x_wconf 91' lang='lat' dir='ltr'><strong>unius</strong></span> <span class='ocrx_word' id='word_1_576' title='bbox 718 1904 772 1932; x_wconf 90' lang='lat' dir='ltr'><strong>erit</strong></span> <span class='ocrx_word' id='word_1_577' title='bbox 782 1907 888 1931; x_wconf 59' lang='lat' dir='ltr'><strong>natura:</strong></span> <span class='ocrx_word' id='word_1_578' title='bbox 905 1909 970 1936; x_wconf 89' lang='lat' dir='ltr'><strong>per—</strong></span> 
     </span>
    </p>
   </div>
   <div class='ocr_carea' id='block_1_76' title="bbox 182 1947 967 1993">
    <p class='ocr_par' dir='ltr' id='par_1_76' title="bbox 182 1947 967 1993">
     <span class='ocr_line' id='line_1_76' title="bbox 182 1947 967 1993; baseline -0.014 -9"><span class='ocrx_word' id='word_1_579' title='bbox 182 1957 268 1993; x_wconf 64' lang='lat' dir='ltr'><strong>fectae.</strong></span> <span class='ocrx_word' id='word_1_580' title='bbox 286 1956 315 1984; x_wconf 89' lang='lat' dir='ltr'><strong>Si</strong></span> <span class='ocrx_word' id='word_1_581' title='bbox 331 1959 422 1982; x_wconf 85' lang='lat' dir='ltr'><strong>autem</strong></span> <span class='ocrx_word' id='word_1_582' title='bbox 434 1959 462 1981; x_wconf 91' lang='lat' dir='ltr'><strong>et</strong></span> <span class='ocrx_word' id='word_1_583' title='bbox 470 1958 534 1981; x_wconf 87' lang='lat' dir='ltr'><strong>ante</strong></span> <span class='ocrx_word' id='word_1_584' title='bbox 547 1951 765 1980; x_wconf 86' lang='lat' dir='ltr'><strong>incarnationem</strong></span> <span class='ocrx_word' id='word_1_585' title='bbox 777 1956 831 1976; x_wconf 88' lang='lat' dir='ltr'><strong>una</strong></span> <span class='ocrx_word' id='word_1_586' title='bbox 842 1951 910 1980; x_wconf 87' lang='lat' dir='ltr'><strong>erat,</strong></span> <span class='ocrx_word' id='word_1_587' title='bbox 924 1947 967 1974; x_wconf 88' lang='lat' dir='ltr'><strong>vel</strong></span> 
     </span>
    </p>
   </div>
   <div class='ocr_carea' id='block_1_77' title="bbox 182 1994 966 2038">
    <p class='ocr_par' dir='ltr' id='par_1_77' title="bbox 182 1994 966 2038">
     <span class='ocr_line' id='line_1_77' title="bbox 182 1994 966 2038; baseline -0.014 -7"><span class='ocrx_word' id='word_1_588' title='bbox 182 2003 251 2031; x_wconf 77' lang='lat' dir='ltr'><strong>niihil</strong></span> <span class='ocrx_word' id='word_1_589' title='bbox 270 2002 396 2038; x_wconf 87' lang='lat' dir='ltr'><strong>apposuit</strong></span> <span class='ocrx_word' id='word_1_590' title='bbox 414 2001 540 2028; x_wconf 85' lang='lat' dir='ltr'><strong>naturale</strong></span> <span class='ocrx_word' id='word_1_591' title='bbox 558 1999 590 2026; x_wconf 87' lang='lat' dir='ltr'><strong>ad</strong></span> <span class='ocrx_word' id='word_1_592' title='bbox 609 1997 777 2034; x_wconf 87' lang='lat' dir='ltr'><strong>hypostasim</strong></span> <span class='ocrx_word' id='word_1_593' title='bbox 789 1994 873 2023; x_wconf 81' lang='lat' dir='ltr'><strong>Verbi</strong></span> <span class='ocrx_word' id='word_1_594' title='bbox 891 2001 966 2026; x_wconf 86' lang='lat' dir='ltr'><strong>caro,</strong></span> 
     </span>
    </p>
   </div>
   <div class='ocr_carea' id='block_1_78' title="bbox 181 2042 968 2081">
    <p class='ocr_par' dir='ltr' id='par_1_78' title="bbox 181 2042 968 2081">
     <span class='ocr_line' id='line_1_78' title="bbox 181 2042 968 2081; baseline -0.014 -4"><span class='ocrx_word' id='word_1_595' title='bbox 181 2055 210 2077; x_wconf 81' lang='lat' dir='ltr'><strong>et</strong></span> <span class='ocrx_word' id='word_1_596' title='bbox 227 2049 309 2076; x_wconf 74' lang='lat' dir='ltr'><strong>fallax</strong></span> <span class='ocrx_word' id='word_1_597' title='bbox 326 2047 478 2076; x_wconf 76' lang='lat' dir='ltr'><strong>secundum</strong></span> <span class='ocrx_word' id='word_1_598' title='bbox 505 2045 673 2081; x_wconf 87' lang='lat' dir='ltr'><strong>hypostasim</strong></span> <span class='ocrx_word' id='word_1_599' title='bbox 696 2042 834 2071; x_wconf 87' lang='lat' dir='ltr'><strong>celebrata</strong></span> <span class='ocrx_word' id='word_1_600' title='bbox 855 2044 968 2068; x_wconf 87' lang='lat' dir='ltr'><strong>natura-</strong></span> 
     </span>
    </p>
   </div>
   <div class='ocr_carea' id='block_1_79' title="bbox 183 2090 970 2127">
    <p class='ocr_par' dir='ltr' id='par_1_79' title="bbox 183 2090 970 2127">
     <span class='ocr_line' id='line_1_79' title="bbox 183 2090 970 2127; baseline -0.015 -4"><span class='ocrx_word' id='word_1_601' title='bbox 183 2103 244 2122; x_wconf 90' lang='lat' dir='ltr'><strong>rum</strong></span> <span class='ocrx_word' id='word_1_602' title='bbox 256 2094 398 2126; x_wconf 83' lang='lat' dir='ltr'><strong>adunatio,</strong></span> <span class='ocrx_word' id='word_1_603' title='bbox 414 2093 455 2120; x_wconf 85' lang='lat' dir='ltr'><strong>vel</strong></span> <span class='ocrx_word' id='word_1_604' title='bbox 469 2092 592 2127; x_wconf 84' lang='lat' dir='ltr'><strong>apposita</strong></span> <span class='ocrx_word' id='word_1_605' title='bbox 608 2097 691 2117; x_wconf 89' lang='lat' dir='ltr'><strong>unam</strong></span> <span class='ocrx_word' id='word_1_606' title='bbox 712 2092 837 2115; x_wconf 82' lang='lat' dir='ltr'><strong>naturam</strong></span> <span class='ocrx_word' id='word_1_607' title='bbox 852 2090 970 2112; x_wconf 78' lang='lat' dir='ltr'><strong>natura:-</strong></span> 
     </span>
    </p>
   </div>
   <div class='ocr_carea' id='block_1_80' title="bbox 182 2133 933 2176">
    <p class='ocr_par' dir='ltr' id='par_1_80' title="bbox 182 2133 933 2176">
     <span class='ocr_line' id='line_1_80' title="bbox 182 2133 933 2176; baseline -0.016 -8"><span class='ocrx_word' id='word_1_608' title='bbox 182 2148 216 2168; x_wconf 91' lang='lat' dir='ltr'><strong>ve</strong></span> <span class='ocrx_word' id='word_1_609' title='bbox 233 2144 340 2176; x_wconf 81' lang='lat' dir='ltr'><strong>partem</strong></span> <span class='ocrx_word' id='word_1_610' title='bbox 355 2137 499 2174; x_wconf 73' lang='lat' dir='ltr'><strong>conjunxit</strong></span> <span class='ocrx_word' id='word_1_611' title='bbox 511 2136 597 2171; x_wconf 84' lang='lat' dir='ltr'><strong>priori</strong></span> <span class='ocrx_word' id='word_1_612' title='bbox 620 2134 702 2163; x_wconf 79' lang='lat' dir='ltr'><strong>Verbi</strong></span> <span class='ocrx_word' id='word_1_613' title='bbox 715 2133 802 2160; x_wconf 79' lang='lat' dir='ltr'><strong>unica:</strong></span> <span class='ocrx_word' id='word_1_614' title='bbox 819 2134 933 2159; x_wconf 73' lang='lat' dir='ltr'><strong>naturae.</strong></span> 
     </span>
    </p>
   </div>
   <div class='ocr_carea' id='block_1_81' title="bbox 1021 1808 1805 1846">
    <p class='ocr_par' dir='ltr' id='par_1_81' title="bbox 1021 1808 1805 1846">
     <span class='ocr_line' id='line_1_81' title="bbox 1021 1808 1805 1846; baseline -0.001 -9"><span class='ocrx_word' id='word_1_615' title='bbox 1021 1810 1210 1846; x_wconf 77' lang='grc' dir='ltr'>σαρκωμένου,</span> <span class='ocrx_word' id='word_1_616' title='bbox 1230 1810 1283 1845; x_wconf 82' lang='grc' dir='ltr'><strong>πρὸ</strong></span> <span class='ocrx_word' id='word_1_617' title='bbox 1307 1811 1356 1844; x_wconf 82' lang='grc' dir='ltr'>τῆς</span> <span class='ocrx_word' id='word_1_618' title='bbox 1384 1810 1549 1846; x_wconf 80' lang='grc' dir='ltr'>σαρκώσεως</span> <span class='ocrx_word' id='word_1_619' title='bbox 1568 1810 1599 1836; x_wconf 86' lang='grc' dir='ltr'><strong>οὑ</strong></span> <span class='ocrx_word' id='word_1_620' title='bbox 1619 1811 1668 1845; x_wconf 79' lang='grc' dir='ltr'><strong>μία</strong></span> <span class='ocrx_word' id='word_1_621' title='bbox 1684 1808 1728 1845; x_wconf 81' lang='grc' dir='ltr'><strong>ἦν,</strong></span> <span class='ocrx_word' id='word_1_622' title='bbox 1748 1810 1805 1837; x_wconf 82' lang='grc' dir='ltr'>ἀλλ’</span> 
     </span>
    </p>
   </div>
   <div class='ocr_carea' id='block_1_82' title="bbox 1018 1854 1807 1892">
    <p class='ocr_par' dir='ltr' id='par_1_82' title="bbox 1018 1854 1807 1892">
     <span class='ocr_line' id='line_1_82' title="bbox 1018 1854 1807 1892; baseline -0.001 -10"><span class='ocrx_word' id='word_1_623' title='bbox 1018 1857 1103 1892; x_wconf 78' lang='grc' dir='ltr'>ἥμισυ</span> <span class='ocrx_word' id='word_1_624' title='bbox 1125 1856 1200 1890; x_wconf 83' lang='grc' dir='ltr'>μιᾶς,</span> <span class='ocrx_word' id='word_1_625' title='bbox 1216 1855 1233 1891; x_wconf 74' lang='grc' dir='ltr'>ἧ</span> <span class='ocrx_word' id='word_1_626' title='bbox 1255 1864 1282 1882; x_wconf 87' lang='grc' dir='ltr'><strong>τι</strong></span> <span class='ocrx_word' id='word_1_627' title='bbox 1293 1855 1392 1882; x_wconf 87' lang='grc' dir='ltr'>τοιόνδε</span> <span class='ocrx_word' id='word_1_628' title='bbox 1408 1856 1512 1891; x_wconf 84' lang='grc' dir='ltr'>μόριον·</span> <span class='ocrx_word' id='word_1_629' title='bbox 1528 1855 1567 1881; x_wconf 72' lang='grc' dir='ltr'><strong>ἔτι</strong></span> <span class='ocrx_word' id='word_1_630' title='bbox 1579 1854 1632 1890; x_wconf 78' lang='grc' dir='ltr'>μὴν</span> <span class='ocrx_word' id='word_1_631' title='bbox 1646 1854 1706 1881; x_wconf 80' lang='grc' dir='ltr'>οὐδὲ</span> <span class='ocrx_word' id='word_1_632' title='bbox 1721 1855 1735 1880; x_wconf 87' lang='grc' dir='ltr'>ὁ</span> <span class='ocrx_word' id='word_1_633' title='bbox 1749 1855 1807 1881; x_wconf 86' lang='grc' dir='ltr'><strong>Πα-</strong></span> 
     </span>
    </p>
   </div>
   <div class='ocr_carea' id='block_1_83' title="bbox 1017 1899 1805 1938">
    <p class='ocr_par' dir='ltr' id='par_1_83' title="bbox 1017 1899 1805 1938">
     <span class='ocr_line' id='line_1_83' title="bbox 1017 1899 1805 1938; baseline -0.001 -10"><span class='ocrx_word' id='word_1_634' title='bbox 1017 1902 1071 1938; x_wconf 83' lang='grc' dir='ltr'><strong>τὴρ</strong></span> <span class='ocrx_word' id='word_1_635' title='bbox 1090 1902 1106 1937; x_wconf 84' lang='grc' dir='ltr'><strong>ἢ</strong></span> <span class='ocrx_word' id='word_1_636' title='bbox 1121 1901 1152 1928; x_wconf 70' lang='grc' dir='ltr'>τὸ</span> <span class='ocrx_word' id='word_1_637' title='bbox 1173 1901 1252 1935; x_wconf 78' lang='grc' dir='ltr'>ἅγιον</span> <span class='ocrx_word' id='word_1_638' title='bbox 1273 1900 1386 1936; x_wconf 81' lang='grc' dir='ltr'>Πνεῦμα</span> <span class='ocrx_word' id='word_1_639' title='bbox 1401 1901 1465 1936; x_wconf 79' lang='grc' dir='ltr'>μιᾶς</span> <span class='ocrx_word' id='word_1_640' title='bbox 1476 1900 1552 1927; x_wconf 77' lang='grc' dir='ltr'>ἔσται</span> <span class='ocrx_word' id='word_1_641' title='bbox 1566 1900 1674 1934; x_wconf 87' lang='grc' dir='ltr'>φύσεως</span> <span class='ocrx_word' id='word_1_642' title='bbox 1688 1899 1805 1932; x_wconf 80' lang='grc' dir='ltr'>τελείας.</span> 
     </span>
    </p>
   </div>
   <div class='ocr_carea' id='block_1_84' title="bbox 1022 1940 1806 1981">
    <p class='ocr_par' dir='ltr' id='par_1_84' title="bbox 1022 1940 1806 1981">
     <span class='ocr_line' id='line_1_84' title="bbox 1022 1940 1806 1981; baseline -0.004 -8"><span class='ocrx_word' id='word_1_643' title='bbox 1022 1947 1053 1973; x_wconf 76' lang='grc' dir='ltr'><strong>Εἰ</strong></span> <span class='ocrx_word' id='word_1_644' title='bbox 1070 1946 1098 1973; x_wconf 66' lang='grc' dir='ltr'>δὲ</span> <span class='ocrx_word' id='word_1_645' title='bbox 1115 1946 1162 1973; x_wconf 72' lang='grc' dir='ltr'><strong>καὶ</strong></span> <span class='ocrx_word' id='word_1_646' title='bbox 1177 1945 1229 1981; x_wconf 84' lang='grc' dir='ltr'><strong>πρὸ</strong></span> <span class='ocrx_word' id='word_1_647' title='bbox 1240 1946 1290 1981; x_wconf 85' lang='grc' dir='ltr'>τῆς</span> <span class='ocrx_word' id='word_1_648' title='bbox 1306 1940 1529 1980; x_wconf 62' lang='grc' dir='ltr'>σαρκώσεωξμια</span> <span class='ocrx_word' id='word_1_649' title='bbox 1542 1943 1585 1980; x_wconf 76' lang='grc' dir='ltr'><strong>ἦν,</strong></span> <span class='ocrx_word' id='word_1_650' title='bbox 1604 1944 1620 1980; x_wconf 78' lang='grc' dir='ltr'><strong>ἢ</strong></span> <span class='ocrx_word' id='word_1_651' title='bbox 1634 1944 1710 1971; x_wconf 70' lang='grc' dir='ltr'>οὐδὲν</span> <span class='ocrx_word' id='word_1_652' title='bbox 1721 1953 1806 1980; x_wconf 83' lang='grc' dir='ltr'>προσ-</span> 
     </span>
    </p>
   </div>
   <div class='ocr_carea' id='block_1_85' title="bbox 1022 1989 1806 2026">
    <p class='ocr_par' dir='ltr' id='par_1_85' title="bbox 1022 1989 1806 2026">
     <span class='ocr_line' id='line_1_85' title="bbox 1022 1989 1806 2026; baseline -0.004 -7"><span class='ocrx_word' id='word_1_653' title='bbox 1022 1991 1104 2026; x_wconf 84' lang='grc' dir='ltr'>έθηκε</span> <span class='ocrx_word' id='word_1_654' title='bbox 1116 1991 1230 2026; x_wconf 73' lang='grc' dir='ltr'>φυσικὸν</span> <span class='ocrx_word' id='word_1_655' title='bbox 1247 1992 1263 2026; x_wconf 88' lang='grc' dir='ltr'>ὴ</span> <span class='ocrx_word' id='word_1_656' title='bbox 1278 1990 1346 2026; x_wconf 81' lang='grc' dir='ltr'>σὰρξ</span> <span class='ocrx_word' id='word_1_657' title='bbox 1358 1992 1391 2026; x_wconf 84' lang='grc' dir='ltr'><strong>τῇ</strong></span> <span class='ocrx_word' id='word_1_658' title='bbox 1408 1991 1556 2018; x_wconf 77' lang='grc' dir='ltr'>ὑποστάσει</span> <span class='ocrx_word' id='word_1_659' title='bbox 1572 1989 1618 2016; x_wconf 78' lang='grc' dir='ltr'>τοῦ</span> <span class='ocrx_word' id='word_1_660' title='bbox 1639 1989 1738 2024; x_wconf 83' lang='grc' dir='ltr'>Λόγου,</span> <span class='ocrx_word' id='word_1_661' title='bbox 1760 1991 1806 2016; x_wconf 73' lang='grc' dir='ltr'><strong>καὶ</strong></span> 
     </span>
    </p>
   </div>
   <div class='ocr_carea' id='block_1_86' title="bbox 1022 2035 1804 2073">
    <p class='ocr_par' dir='ltr' id='par_1_86' title="bbox 1022 2035 1804 2073">
     <span class='ocr_line' id='line_1_86' title="bbox 1022 2035 1804 2073; baseline -0.005 -9"><span class='ocrx_word' id='word_1_662' title='bbox 1022 2037 1123 2073; x_wconf 76' lang='grc' dir='ltr'>ψευδὴς</span> <span class='ocrx_word' id='word_1_663' title='bbox 1135 2038 1151 2073; x_wconf 87' lang='grc' dir='ltr'><strong>ή</strong></span> <span class='ocrx_word' id='word_1_664' title='bbox 1166 2037 1227 2064; x_wconf 80' lang='grc' dir='ltr'>καθ’</span> <span class='ocrx_word' id='word_1_665' title='bbox 1239 2036 1388 2063; x_wconf 84' lang='grc' dir='ltr'>ὑπόστασιν</span> <span class='ocrx_word' id='word_1_666' title='bbox 1400 2035 1496 2067; x_wconf 73' lang='grc' dir='ltr'>ἕνωσις</span> <span class='ocrx_word' id='word_1_667' title='bbox 1511 2035 1618 2070; x_wconf 81' lang='grc' dir='ltr'>φύσεων</span> <span class='ocrx_word' id='word_1_668' title='bbox 1630 2035 1804 2070; x_wconf 72' lang='grc' dir='ltr'>δοξαζομένη,</span> 
     </span>
    </p>
   </div>
   <div class='ocr_carea' id='block_1_87' title="bbox 1022 2079 1806 2118">
    <p class='ocr_par' dir='ltr' id='par_1_87' title="bbox 1022 2079 1806 2118">
     <span class='ocr_line' id='line_1_87' title="bbox 1022 2079 1806 2118; baseline -0.003 -9"><span class='ocrx_word' id='word_1_669' title='bbox 1022 2083 1039 2118; x_wconf 83' lang='grc' dir='ltr'>ἣ</span> <span class='ocrx_word' id='word_1_670' title='bbox 1057 2082 1205 2118; x_wconf 85' lang='grc' dir='ltr'>προσθεῖσα</span> <span class='ocrx_word' id='word_1_671' title='bbox 1221 2082 1285 2117; x_wconf 85' lang='grc' dir='ltr'>μίαν</span> <span class='ocrx_word' id='word_1_672' title='bbox 1301 2081 1409 2116; x_wconf 81' lang='grc' dir='ltr'>φύσινῆ</span> <span class='ocrx_word' id='word_1_673' title='bbox 1424 2081 1516 2116; x_wconf 87' lang='grc' dir='ltr'>μόριον</span> <span class='ocrx_word' id='word_1_674' title='bbox 1532 2079 1638 2115; x_wconf 81' lang='grc' dir='ltr'>φύσεως</span> <span class='ocrx_word' id='word_1_675' title='bbox 1655 2080 1806 2116; x_wconf 67' lang='grc' dir='ltr'>επισυνῆψε</span> 
     </span>
    </p>
   </div>
   <div class='ocr_carea' id='block_1_88' title="bbox 1023 2127 1522 2164">
    <p class='ocr_par' dir='ltr' id='par_1_88' title="bbox 1023 2127 1522 2164">
     <span class='ocr_line' id='line_1_88' title="bbox 1023 2127 1522 2164; baseline -0.002 -10"><span class='ocrx_word' id='word_1_676' title='bbox 1023 2129 1055 2164; x_wconf 79' lang='grc' dir='ltr'><strong>τῇ</strong></span> <span class='ocrx_word' id='word_1_677' title='bbox 1073 2127 1193 2164; x_wconf 70' lang='grc' dir='ltr'>προτέρᾳ</span> <span class='ocrx_word' id='word_1_678' title='bbox 1207 2127 1287 2162; x_wconf 83' lang='grc' dir='ltr'>φύσει</span> <span class='ocrx_word' id='word_1_679' title='bbox 1301 2127 1350 2163; x_wconf 82' lang='grc' dir='ltr'><strong>μιᾷ</strong></span> <span class='ocrx_word' id='word_1_680' title='bbox 1363 2127 1409 2154; x_wconf 83' lang='grc' dir='ltr'>τοῦ</span> <span class='ocrx_word' id='word_1_681' title='bbox 1424 2127 1522 2162; x_wconf 82' lang='grc' dir='ltr'>Λόγου.</span> 
     </span>
    </p>
   </div>
   <div class='ocr_carea' id='block_1_89' title="bbox 191 2225 1272 2249">
    <p class='ocr_par' dir='ltr' id='par_1_89' title="bbox 191 2225 1272 2249">
     <span class='ocr_line' id='line_1_89' title="bbox 191 2225 1272 2249; baseline 0 -16"><span class='ocrx_word' id='word_1_682' title='bbox 191 2225 1272 2249; x_wconf 59' lang='lat' dir='ltr'><em>W</em></span> 
     </span>
    </p>
   </div>
   <div class='ocr_carea' id='block_1_90' title="bbox 662 2302 1324 2352">
    <p class='ocr_par' dir='ltr' id='par_1_90' title="bbox 662 2302 1324 2352">
     <span class='ocr_line' id='line_1_90' title="bbox 662 2302 1324 2352; baseline -0.012 -1"><span class='ocrx_word' id='word_1_683' title='bbox 662 2306 956 2352; x_wconf 85' lang='grc' dir='ltr'><strong>ΜΑΡΤΥΡῙΑΙ</strong></span> <span class='ocrx_word' id='word_1_684' title='bbox 991 2305 1104 2348; x_wconf 84' lang='grc' dir='ltr'><strong>ΤΩΝ</strong></span> <span class='ocrx_word' id='word_1_685' title='bbox 1143 2302 1324 2347; x_wconf 84' lang='grc' dir='ltr'><strong>ΑΓΙΩΝ.</strong></span> 
     </span>
    </p>
   </div>
   <div class='ocr_carea' id='block_1_91' title="bbox 611 2464 1402 2517">
    <p class='ocr_par' dir='ltr' id='par_1_91' title="bbox 611 2464 1402 2517">
     <span class='ocr_line' id='line_1_91' title="bbox 611 2464 1402 2517; baseline -0.013 0"><span class='ocrx_word' id='word_1_686' title='bbox 611 2468 989 2517; x_wconf 80' lang='lat' dir='ltr'><strong>TESTIMONIA</strong></span> <span class='ocrx_word' id='word_1_687' title='bbox 1024 2464 1402 2512; x_wconf 81' lang='lat' dir='ltr'><strong>SANCTORUM.</strong></span> 
     </span>
    </p>
   </div>
   <div class='ocr_carea' id='block_1_92' title="bbox 219 2627 979 2672">
    <p class='ocr_par' dir='ltr' id='par_1_92' title="bbox 219 2632 974 2672">
     <span class='ocr_line' id='line_1_92' title="bbox 219 2632 974 2672; baseline -0.016 -2"><span class='ocrx_word' id='word_1_688' title='bbox 219 2642 274 2672; x_wconf 83' lang='lat' dir='ltr'><strong>Sed</strong></span> <span class='ocrx_word' id='word_1_689' title='bbox 287 2649 338 2669; x_wconf 89' lang='lat' dir='ltr'><strong>cur</strong></span> <span class='ocrx_word' id='word_1_690' title='bbox 360 2646 422 2672; x_wconf 83' lang='lat' dir='ltr'><strong>nos,</strong></span> <span class='ocrx_word' id='word_1_691' title='bbox 442 2637 529 2668; x_wconf 84' lang='lat' dir='ltr'><strong>aiunt,</strong></span> <span class='ocrx_word' id='word_1_692' title='bbox 546 2635 730 2670; x_wconf 89' lang='lat' dir='ltr'><strong>undequaque</strong></span> <span class='ocrx_word' id='word_1_693' title='bbox 753 2632 974 2662; x_wconf 82' lang='lat' dir='ltr'><strong>circumvenien-</strong></span> 
     </span>
    </p>
   </div>
   <div class='ocr_carea' id='block_1_93' title="bbox 1022 2627 1815 2672">
    <p class='ocr_par' dir='ltr' id='par_1_93' title="bbox 1068 2627 1815 2672">
     <span class='ocr_line' id='line_1_93' title="bbox 1068 2627 1815 2672; baseline -0.003 -16"><span class='ocrx_word' id='word_1_694' title='bbox 1068 2629 1148 2656; x_wconf 79' lang='grc' dir='ltr'>Ἀλλὰ</span> <span class='ocrx_word' id='word_1_695' title='bbox 1163 2629 1189 2655; x_wconf 87' lang='grc' dir='ltr'><strong>τί</strong></span> <span class='ocrx_word' id='word_1_696' title='bbox 1203 2629 1287 2664; x_wconf 73' lang='grc' dir='ltr'>ἡμᾶς,</span> <span class='ocrx_word' id='word_1_697' title='bbox 1303 2627 1381 2663; x_wconf 78' lang='grc' dir='ltr'>φασὶ,</span> <span class='ocrx_word' id='word_1_698' title='bbox 1400 2627 1567 2662; x_wconf 70' lang='grc' dir='ltr'>πανταχόθεν</span> <span class='ocrx_word' id='word_1_699' title='bbox 1590 2627 1815 2672; x_wconf 58' lang='grc' dir='ltr'><strong>περιτρέχοντες,⁸</strong></span> 
     </span>
    </p>
   </div>
   <div class='ocr_carea' id='block_1_94' title="bbox 185 2673 979 2720">
    <p class='ocr_par' dir='ltr' id='par_1_94' title="bbox 185 2676 972 2720">
     <span class='ocr_line' id='line_1_94' title="bbox 185 2676 972 2720; baseline -0.018 -4"><span class='ocrx_word' id='word_1_700' title='bbox 185 2693 238 2720; x_wconf 72' lang='lat' dir='ltr'><strong>tes,</strong></span> <span class='ocrx_word' id='word_1_701' title='bbox 251 2687 285 2714; x_wconf 85' lang='lat' dir='ltr'><strong>ad</strong></span> <span class='ocrx_word' id='word_1_702' title='bbox 303 2689 422 2713; x_wconf 86' lang='lat' dir='ltr'><strong>vestram</strong></span> <span class='ocrx_word' id='word_1_703' title='bbox 435 2680 601 2717; x_wconf 84' lang='lat' dir='ltr'><strong>compellitis</strong></span> <span class='ocrx_word' id='word_1_704' title='bbox 614 2678 780 2707; x_wconf 81' lang='lat' dir='ltr'><strong>sententiam</strong></span> <span class='ocrx_word' id='word_1_705' title='bbox 792 2677 803 2704; x_wconf 85' lang='lat'><strong>?</strong></span> <span class='ocrx_word' id='word_1_706' title='bbox 821 2677 877 2704; x_wconf 85' lang='lat' dir='ltr'><strong>Nos</strong></span> <span class='ocrx_word' id='word_1_707' title='bbox 898 2676 972 2703; x_wconf 88' lang='lat' dir='ltr'><strong>enim</strong></span> 
     </span>
    </p>
   </div>
   <div class='ocr_carea' id='block_1_95' title="bbox 1022 2673 1812 2720">
    <p class='ocr_par' dir='ltr' id='par_1_95' title="bbox 1026 2673 1812 2710">
     <span class='ocr_line' id='line_1_95' title="bbox 1026 2673 1812 2710; baseline -0.004 -7"><span class='ocrx_word' id='word_1_708' title='bbox 1026 2677 1066 2708; x_wconf 85' lang='grc' dir='ltr'><strong>εις</strong></span> <span class='ocrx_word' id='word_1_709' title='bbox 1079 2675 1128 2710; x_wconf 80' lang='grc' dir='ltr'>τὴν</span> <span class='ocrx_word' id='word_1_710' title='bbox 1150 2674 1289 2710; x_wconf 80' lang='grc' dir='ltr'>ὑμετέραν</span> <span class='ocrx_word' id='word_1_711' title='bbox 1305 2673 1384 2706; x_wconf 77' lang='grc' dir='ltr'>δόξαν</span> <span class='ocrx_word' id='word_1_712' title='bbox 1407 2673 1599 2707; x_wconf 74' lang='grc' dir='ltr'>συνελαύνετες</span> <span class='ocrx_word' id='word_1_713' title='bbox 1617 2674 1697 2709; x_wconf 81' lang='grc' dir='ltr'>ἡμεῖς</span> <span class='ocrx_word' id='word_1_714' title='bbox 1711 2674 1766 2709; x_wconf 77' lang='grc' dir='ltr'><strong>γὰρ</strong></span> <span class='ocrx_word' id='word_1_715' title='bbox 1776 2674 1812 2709; x_wconf 74' lang='grc' dir='ltr'>ἢν</span> 
     </span>
    </p>
   </div>
   <div class='ocr_carea' id='block_1_96' title="bbox 184 2719 979 2770">
    <p class='ocr_par' dir='ltr' id='par_1_96' title="bbox 184 2719 973 2770">
     <span class='ocr_line' id='line_1_96' title="bbox 184 2719 973 2770; baseline -0.018 -8"><span class='ocrx_word' id='word_1_716' title='bbox 184 2719 258 2770; x_wconf 83' lang='lat' dir='ltr'><strong>quod</strong></span> <span class='ocrx_word' id='word_1_717' title='bbox 283 2732 317 2759; x_wconf 85' lang='lat' dir='ltr'><strong>ad</strong></span> <span class='ocrx_word' id='word_1_718' title='bbox 343 2731 462 2759; x_wconf 83' lang='lat' dir='ltr'><strong>litteram</strong></span> <span class='ocrx_word' id='word_1_719' title='bbox 487 2728 598 2755; x_wconf 80' lang='lat' dir='ltr'><strong>Patrum</strong></span> <span class='ocrx_word' id='word_1_720' title='bbox 616 2723 973 2770; x_wconf 17' lang='lat' dir='ltr'><strong>documentumrhausimus</strong></span> 
     </span>
    </p>
   </div>
   <div class='ocr_carea' id='block_1_97' title="bbox 1022 2719 1811 2770">
    <p class='ocr_par' dir='ltr' id='par_1_97' title="bbox 1026 2719 1811 2755">
     <span class='ocr_line' id='line_1_97' title="bbox 1026 2719 1811 2755; baseline -0.003 -7"><span class='ocrx_word' id='word_1_721' title='bbox 1026 2720 1165 2754; x_wconf 69' lang='grc' dir='ltr'>αὐτολεξεὶ</span> <span class='ocrx_word' id='word_1_722' title='bbox 1191 2719 1364 2748; x_wconf 82' lang='grc' dir='ltr'>διδασκαλίαν</span> <span class='ocrx_word' id='word_1_723' title='bbox 1393 2720 1530 2755; x_wconf 81' lang='grc' dir='ltr'>πατρικὴν</span> <span class='ocrx_word' id='word_1_724' title='bbox 1557 2719 1635 2755; x_wconf 77' lang='grc' dir='ltr'>ἴσμεν</span> <span class='ocrx_word' id='word_1_725' title='bbox 1654 2719 1718 2755; x_wconf 74' lang='grc' dir='ltr'>περὶ</span> <span class='ocrx_word' id='word_1_726' title='bbox 1743 2721 1811 2755; x_wconf 86' lang='grc' dir='ltr'>Χρι-</span> 
     </span>
    </p>
   </div>
   <div class='ocr_carea' id='block_1_98' title="bbox 184 2764 979 2808">
    <p class='ocr_par' dir='ltr' id='par_1_98' title="bbox 184 2764 972 2808">
     <span class='ocr_line' id='line_1_98' title="bbox 184 2764 972 2808; baseline -0.018 0"><span class='ocrx_word' id='word_1_727' title='bbox 184 2764 257 2808; x_wconf 57' lang='lat' dir='ltr'><strong>circa</strong></span> <span class='ocrx_word' id='word_1_728' title='bbox 275 2778 424 2808; x_wconf 81' lang='lat' dir='ltr'><strong>Christum,</strong></span> <span class='ocrx_word' id='word_1_729' title='bbox 443 2780 524 2801; x_wconf 85' lang='lat' dir='ltr'><strong>unam</strong></span> <span class='ocrx_word' id='word_1_730' title='bbox 537 2772 667 2800; x_wconf 83' lang='lat' dir='ltr'><strong>videlicet</strong></span> <span class='ocrx_word' id='word_1_731' title='bbox 683 2771 730 2798; x_wconf 89' lang='lat' dir='ltr'><strong>Dei</strong></span> <span class='ocrx_word' id='word_1_732' title='bbox 748 2769 829 2797; x_wconf 85' lang='lat' dir='ltr'><strong>Verbi</strong></span> <span class='ocrx_word' id='word_1_733' title='bbox 847 2773 972 2795; x_wconf 88' lang='lat' dir='ltr'><strong>naturam</strong></span> 
     </span>
    </p>
   </div>
   <div class='ocr_carea' id='block_1_99' title="bbox 1022 2764 1813 2808">
    <p class='ocr_par' dir='ltr' id='par_1_99' title="bbox 1028 2764 1813 2801">
     <span class='ocr_line' id='line_1_99' title="bbox 1028 2764 1813 2801; baseline -0.005 -7"><span class='ocrx_word' id='word_1_734' title='bbox 1028 2768 1102 2799; x_wconf 84' lang='grc' dir='ltr'><strong>στοῦ,</strong></span> <span class='ocrx_word' id='word_1_735' title='bbox 1118 2767 1205 2794; x_wconf 81' lang='grc' dir='ltr'>εῐτουν</span> <span class='ocrx_word' id='word_1_736' title='bbox 1223 2766 1287 2801; x_wconf 87' lang='grc' dir='ltr'>μίαν</span> <span class='ocrx_word' id='word_1_737' title='bbox 1305 2765 1386 2800; x_wconf 86' lang='grc' dir='ltr'>φύσιν</span> <span class='ocrx_word' id='word_1_738' title='bbox 1401 2765 1449 2792; x_wconf 79' lang='grc' dir='ltr'>τοῦ</span> <span class='ocrx_word' id='word_1_739' title='bbox 1473 2764 1540 2791; x_wconf 84' lang='grc' dir='ltr'>Θεοῦ</span> <span class='ocrx_word' id='word_1_740' title='bbox 1556 2765 1643 2798; x_wconf 80' lang='grc' dir='ltr'>Λόγου</span> <span class='ocrx_word' id='word_1_741' title='bbox 1671 2772 1813 2799; x_wconf 81' lang='grc' dir='ltr'>σεσαρκω-</span> 
     </span>
    </p>
   </div>
   <div class='ocr_carea' id='block_1_100' title="bbox 185 2807 979 2854">
    <p class='ocr_par' dir='ltr' id='par_1_100' title="bbox 185 2809 972 2854">
     <span class='ocr_line' id='line_1_100' title="bbox 185 2809 972 2854; baseline -0.015 0"><span class='ocrx_word' id='word_1_742' title='bbox 185 2827 353 2854; x_wconf 78' lang='lat' dir='ltr'><strong>incarnaLmi</strong></span> <span class='ocrx_word' id='word_1_743' title='bbox 372 2809 519 2850; x_wconf 82' lang='lat' dir='ltr'><strong>secundum</strong></span> <span class='ocrx_word' id='word_1_744' title='bbox 539 2823 663 2847; x_wconf 87' lang='lat' dir='ltr'><strong>sanctum</strong></span> <span class='ocrx_word' id='word_1_745' title='bbox 683 2816 863 2845; x_wconf 82' lang='lat' dir='ltr'><strong>Athanasium</strong></span> <span class='ocrx_word' id='word_1_746' title='bbox 881 2819 908 2842; x_wconf 86' lang='lat' dir='ltr'><strong>et</strong></span> <span class='ocrx_word' id='word_1_747' title='bbox 919 2814 972 2849; x_wconf 77' lang='lat' dir='ltr'><strong>Cy-</strong></span> 
     </span>
    </p>
   </div>
   <div class='ocr_carea' id='block_1_101' title="bbox 1022 2807 1812 2854">
    <p class='ocr_par' dir='ltr' id='par_1_101' title="bbox 1030 2807 1812 2848">
     <span class='ocr_line' id='line_1_101' title="bbox 1030 2807 1812 2848; baseline -0.006 -9"><span class='ocrx_word' id='word_1_748' title='bbox 1030 2812 1112 2848; x_wconf 78' lang='grc' dir='ltr'>μένην</span> <span class='ocrx_word' id='word_1_749' title='bbox 1140 2810 1209 2838; x_wconf 68' lang='grc' dir='ltr'>κατὰ</span> <span class='ocrx_word' id='word_1_750' title='bbox 1239 2811 1284 2837; x_wconf 70' lang='grc' dir='ltr'><strong>τὸν</strong></span> <span class='ocrx_word' id='word_1_751' title='bbox 1310 2810 1388 2844; x_wconf 76' lang='grc' dir='ltr'>ἅγιον</span> <span class='ocrx_word' id='word_1_752' title='bbox 1411 2809 1570 2836; x_wconf 82' lang='grc' dir='ltr'>’Λθανάσιον</span> <span class='ocrx_word' id='word_1_753' title='bbox 1597 2809 1644 2835; x_wconf 67' lang='grc' dir='ltr'><strong>καὶ</strong></span> <span class='ocrx_word' id='word_1_754' title='bbox 1668 2807 1812 2843; x_wconf 82' lang='grc' dir='ltr'>Κύριλλον,</span> 
     </span>
    </p>
   </div>
   <div class='ocr_carea' id='block_1_102' title="bbox 183 2890 219 2900">
    <p class='ocr_par' dir='ltr' id='par_1_102' title="bbox 183 2890 219 2900">
     <span class='ocr_line' id='line_1_102' title="bbox 183 2890 219 2900; baseline 0 0"><span class='ocrx_word' id='word_1_755' title='bbox 183 2890 219 2900; x_wconf 35' lang='grc' dir='ltr'><strong>κ</strong></span> 
     </span>
    </p>
   </div>
   <div class='ocr_carea' id='block_1_103' title="bbox 154 2947 174 2954">
    <p class='ocr_par' dir='ltr' id='par_1_103' title="bbox 154 2947 174 2954">
     <span class='ocr_line' id='line_1_103' title="bbox 154 2947 174 2954; baseline 0 0"><span class='ocrx_word' id='word_1_756' title='bbox 154 2947 174 2954; x_wconf 51' lang='grc' dir='ltr'><strong>ς</strong></span> 
     </span>
    </p>
   </div>
  </div>
