1963 3077
147 101 206 160 18οὲ

726 127 794 156 (1ολ
800 126 822 156 '1‘
826 126 874 156 ΠΛ
896 123 1051 161 ΜΟΝΟΡΗ
1057 123 1194 156 YSITAS.

1699 121 1768 155 1806

145 187 217 223 ὑμεῖς
230 185 258 212 δὲ
271 185 306 219 ἦν
322 193 390 219 φατε
410 182 574 219 ξενοφωνίαν
591 184 712 220 οὐδαμοῦ
734 185 790 216 τοῖς
806 183 930 220 Πατρασι

984 184 1073 211 rillum
1086 192 1093 217 ;
1107 192 1156 211 vos
1173 187 1266 211 autem
1282 191 1364 218 quam
1388 182 1494 211 afl‘ertis
1514 181 1631 210 alienam
1649 183 1769 218 appella-

145 232 227 269 ῥητῶς
240 231 371 266 κειμένην
386 231 559 266 εὑρίσκομεν,
570 230 653 266 ήγουν
662 230 708 256 δύο
722 230 826 265 φύσειε,
841 231 863 257 εἰ
879 230 926 256 καὶ

146 279 309 314 ἁδιαιρέτους
326 277 456 313 Χριστοῦ.

175 370 229 397 Καί
247 368 290 397 τοί
316 377 356 403 γε,
373 365 395 395 ὢ
416 364 500 402 οὗτοι,
521 369 535 395 ό
552 367 682 403 ὑμέτερος
706 366 863 402 καθηγητὴς
879 365 930 392 Σε..

147 418 223 452 ϐἦρος
239 415 298 451 βοᾷ,
324 415 362 447 ὼς
386 415 506 442 πλεῖστοι
531 414 585 441 τῶν
603 414 689 448 ἁγίων
711 413 839 448 Πατέρων
854 413 929 439 ἀδια-

145 464 244 498 6).ήτω;
260 463 413 498 ἐχρήσαντο
434 464 466 497 τῇ
489 462 544 488 τῶν
559 461 605 488 δύο
626 461 732 495 φύσεων
751 461 843 495 φωνῇ·
870 460 929 490 πῶς

144 506 185 535 οὖν
209 508 338 535 τάναντία
363 508 442 542 ὑμεῖς
468 507 582 542 λέγετε;
604 507 663 533 ἀλλ’
688 507 772 538 ὄντως
800 506 872 533 κατὰ
899 506 929 532 τὸ

145 553 284 588 εἰρημένον
314 555 349 589 τῇ
372 553 466 589 Σοφίᾳ·
491 563 500 579 ι
519 553 722 588 Προφασίζεται
748 552 818 587 ἀνὴρ
844 551 929 578 θέλων

144 599 303 633 χωρίζεσθαι
318 599 407 633 φίλου.
425 608 434 624 ›
459 598 534 625 Ἐπεὶ
548 599 589 625 ὅτι
603 599 681 625 οὐδὲν
698 598 808 634 ἰσχυρὸν
821 598 837 633 ἢ
849 597 929 632 λόγου

145 644 212 676 ἄξιον
229 645 245 679 ἢ
261 644 375 680 ἀκριϐὲς
391 644 447 680 ἔχει
461 645 525 679 ὑμῖν
539 645 555 680 ἡ
572 645 684 680 ἀφορμὴ
698 645 748 677 τῆς
770 645 838 680 πρὸς
857 645 930 679 ὴμΞς

145 690 279 722 ὃιενέξεως
301 690 381 725 αὕτη,
406 691 523 725 ἑτοίμως
537 691 584 717 καὶ
612 691 789 726 πολυτρόπως
808 691 857 717 σὺν
872 690 931 726 Θεῷ

145 737 362 771 παραστήσομεν.
386 736 487 771 Πρῶτα
503 736 619 771 μὲνγὰρ
639 737 663 763 εἰ
680 737 730 772 τὴν
751 738 778 763 ἐν
793 737 869 763 δυάδι
881 737 931 771 (ρὺ-

144 790 208 807 σεων
220 782 366 817 ἀδιαιρέτῳ
381 781 527 816 ὁμολογίαν
546 783 592 808 ἐπὶ
610 782 657 808 τοῦ
677 783 779 818 Κυρίου
796 782 930 814 σέϐοντες,

146 828 204 861 πςρὶ
219 827 268 862 τὴν
291 828 388 863 ἑτέραν
412 827 602 863 διαφωνοῦμεν
621 828 685 863 ὑμῖν
708 828 870 862 ἐξαγγελίαν
883 828 930 855 τοῦ

146 873 287 908 δόγματος,
308 874 393 909 ἤγουν
407 873 455 908 τὴν
472 874 608 908 λέγουσαν
624 874 688 909 μίαν
705 873 785 908 φύσιν
800 874 847 901 τοῦ
863 875 929 901 Θεοῦ

144 921 225 954 Λόγου
257 921 489 956 σεσαρχωμένην,
518 921 566 947 καὶ
591 920 628 955 μὴ
655 920 756 956 μᾶλλον
783 921 861 956 ὑμῶν
884 921 931 948 καὶ

143 966 217 1002 τήιδε
234 967 449 1002 ἁσμενιζόμεθα,
468 967 553 999 ὅντως
575 967 609 993 ἂν
634 967 724 998 καλῶς
745 967 932 994 διεστέλλεσθε

144 1013 203 1047 παρ’
218 1013 297 1047 ἡμῶν
309 1021 316 1027 '
331 1014 355 1038 εἰ
366 1013 394 1039 δὲ
409 1012 457 1040 καὶ
469 1012 572 1048 ταύτην
586 1013 623 1044 ὡς
637 1012 686 1048 τὴν
698 1011 783 1047 αὐτὴν
797 1012 826 1038 δὲ
841 1012 930 1047 πάντη

145 1056 222 1085 οὖσαν
248 1060 281 1094 τῇ
309 1059 390 1095 ἑτέρᾳ
413 1058 661 1094 συναποδεχόμεϐα,
685 1058 744 1090 πῶς
773 1059 886 1092 ἀφέντες
902 1058 932 1085 τὺ

144 1104 296 1140 ἀνακρίνειν
316 1105 381 1131 αὐτὸ
403 1104 494 1138 τοῦτο,
515 1105 539 1131 εζ
568 1104 676 1140 άληθῶς
698 1103 796 1131 ταυτόν
818 1105 876 1131 ἐστι
897 1106 931 1140 τῇ

144 1149 252 1185 δυνάμει
269 1150 299 1177 τὸ
314 1150 406 1184 λέγειν
425 1150 490 1185 μίαν
504 1150 584 1185 φύσιν
599 1149 646 1176 τοῦ
664 1149 731 1176 Θεοῦ
752 1151 932 1186 σεσαρκωμέ-

144 1205 203 1232 νην,
235 1197 282 1224 καὶ
306 1197 388 1224 δυάδα
412 1197 519 1231 φύσεων
541 1195 660 1232 Χριστοῦ
692 1196 754 1224 καθ’
783 1196 933 1223 ὑπόστασιν

146 1242 207 1276 μίαν
220 1242 375 1277 ἡνωμένην,
390 1242 429 1277 τῷ
448 1242 484 1278 μὴ
509 1242 556 1269 ἐπὶ
579 1241 634 1268 τῶν
653 1241 744 1268 αὐτῶν
764 1241 862 1274 λέξεων
877 1244 932 1274 τοῖς

145 1287 265 1322 ιίατρὲισι
280 1288 413 1323 κειμένην
429 1288 508 1323 τήνδε
535 1288 584 1324 τὴν
609 1288 725 1321 ἔννοιαν,
741 1288 933 1323 παραιτεῖσθαί

147 1341 210 1366 φατε
231 1332 280 1368 τὴν
300 1333 430 1368 τοιαύτην
453 1333 613 1369 ὀμολογίανς
640 1333 720 1366 εἴπερ
737 1333 792 1369 γὰρ
813 1334 850 1369 μὴ
875 1335 933 1361 ἐστι

144 1376 189 1403 καὶ
202 1379 234 1404 ἐκ
246 1378 420 1414 παραλλήλου
433 1387 459 1405 τι
471 1379 500 1406 τὸ
511 1379 576 1406 αὐτὸ
587 1379 678 1414 λέγειν
686 1380 714 1406 ὲν
728 1379 776 1414 τῷ,
784 1379 931 1406 Ἀκούσατε

144 1425 335 1458 Inﬁrm-navata.
351 1427 386 1454 τὰ
402 1426 477 1462 ἔθνη,
490 1427 665 1459 ἐνωτίσασθε.
682 1428 782 1459 πάντες
796 1427 821 1454 οἱ
839 1436 931 1454 κατοι-

144 1471 254 1503 κοῦντες
261 1473 312 1508 τὴν
321 1473 495 1509 οἰκουμένην,
503 1473 657 1508 λεγέτωσαν
669 1475 734 1509 ἡμῖν
744 1473 770 1501 τί
780 1473 812 1500 τὸ
822 1474 933 1500 ἀκούειν

980 230 1093 261 tionem,
1109 229 1209 258 nullibi
1226 229 1297 265 apud
1309 230 1405 257 Patres
1418 228 1491 257 clare
1506 229 1676 256 enuntiatum
1693 229 1771 256 inve-

979 276 1080 307 nimus,
1095 277 1200 304 scilicet
1216 276 1284 303 duas
1295 280 1408 303 naturas
1424 283 1484 310 quae
1507 280 1598 302 tamen
1613 275 1770 310 disjungere

978 326 1085 356 queunt
1098 322 1124 348 in
1139 321 1261 349 Christo.

1014 368 1049 395 Et
1065 375 1142 400 sane,
1159 375 1175 395 o
1191 375 1249 399 vos,
1262 372 1354 395 vester
1372 367 1427 394 dux
1444 374 1557 394 severos
1573 367 1683 400 clamat,
1697 366 1771 402 quod

979 419 1138 442 sanctorum
1159 414 1271 441 Patrum
1289 413 1424 449 plerique,
1450 421 1502 441 nec
1526 412 1661 441 conviciis
1677 413 1771 448 digne.

980 458 1096 486 duarum
1113 462 1274 485 naturarum
1286 458 1407 485 dictione
1423 458 1466 485 usi
1481 458 1554 491 sint;
1569 457 1708 492 quomodo
1721 457 1773 492 igi‘

982 510 1026 532 tur
1036 505 1206 532 contrarium
1224 512 1273 532 vos
1289 504 1428 540 objicitis?
1443 504 1496 532 Sed
1516 504 1606 539 reipsa
1620 503 1772 531 secundum

981 551 1086 578 dictum
1110 559 1124 578 a
1145 551 1284 586 Sapientia
1306 559 1313 577 :
1338 550 1527 578 «Occasioncs
1557 549 1657 584 quaarit
1690 549 1773 576 homo

981 597 1029 632 qui
1047 597 1107 624 vult
1122 597 1252 625 recedere
1267 597 1301 624 ab
1320 597 1410 624 amico
1419 597 1439 623 “.
1460 606 1468 622 ι
1489 595 1557 623 Cum
1570 595 1638 622 nihil
1651 595 1772 622 validum

981 649 1029 671 aut
1039 651 1167 671 sermone
1191 643 1306 679 dignum
1334 647 1382 670 aut
1403 647 1562 670 accuratum
1588 642 1673 670 habet
1696 642 1775 669 vobis

982 695 1098 718 conatus
1121 690 1292 718 diversitatis
1314 698 1329 717 a
1343 690 1424 717 nobis
1452 689 1514 722 istc,
1538 692 1602 724 apte
1621 693 1650 716 et
1665 688 1775 716 diverso

982 735 1064 762 modo
1074 743 1137 762 cum
1151 736 1208 762 Deo
1220 735 1400 763 instabimus.
1421 735 1515 762 l-rimo
1538 734 1649 769 quidem
1664 733 1686 762 si
1710 741 1776 761 con-

983 781 1130 809 fessionem
1158 781 1331 816 duplicitatis
1349 786 1455 809 naturae
1477 780 1707 813 indivisibilisde
1721 781 1775 807 Do-

983 828 1058 854 mino
1072 828 1117 863 pie
1132 828 1296 863 cogitantes,
1313 828 1385 855 circa
1398 827 1533 862 reliquam
1550 835 1564 854 a
1577 827 1656 854 vobis
1671 827 1776 854 dissen-

984 873 1069 901 timus
1095 873 1296 909 expositionem
1319 874 1456 910 dogmatis
1477 881 1576 909 nempe
1600 881 1661 908 qu:e
1693 880 1774 900 unam

983 919 1031 947 Dei
1049 919 1134 947 Verbi
1148 920 1217 948 dicit
1230 925 1357 948 naturam
1373 920 1555 950 incarnatam.
1576 924 1603 948 et
1620 927 1675 947 non
1688 919 1776 955 magis

982 972 1065 1000 quam
1090 973 1139 993 vos
1160 971 1188 993 et
1207 966 1282 994 illam
1308 967 1427 1002 benigne
1450 966 1659 1001 amplectimur,
1686 966 1775 1000 reipsa

983 1011 1054 1039 bene
1072 1019 1086 1038 ιι
1107 1011 1189 1039 nobis
1203 1012 1382 1048 elongamiui.
1401 1012 1429 1039 Si
1443 1019 1508 1039 vero
1536 1017 1564 1039 et
1585 1012 1657 1039 illam
1688 1011 1774 1046 ipsam

985 1061 1112 1092 tanquam
1123 1058 1249 1085 eamdem
1261 1058 1374 1085 omnino
1385 1058 1562 1086 exsistentem
1572 1066 1652 1093 quam
1662 1059 1775 1085 alterum

983 1103 1126 1130 vobiscum
1150 1103 1339 1136 admittimus.
1367 1104 1506 1139 quomodo
1533 1104 1600 1132 illud
1615 1104 1776 1132 discernere

983 1149 1165 1184 negligentes,
1194 1150 1216 1176 si
1232 1157 1296 1177 vere
1320 1149 1393 1177 idem
1410 1154 1452 1177 est
1468 1150 1569 1179 virtute
1584 1150 1678 1178 dicere
1693 1158 1775 1178 unam

983 1199 1110 1222 naturam
1122 1195 1170 1222 Dei
1179 1195 1262 1223 Verbi
1273 1196 1442 1224 incarnatam
1453 1199 1480 1224 et
1495 1200 1656 1224 naturarum
1670 1196 1773 1224 Christi

983 1241 1173 1276 duplicitatem
1194 1242 1346 1269 secundum
1373 1242 1542 1277 hypostasim
1562 1250 1644 1270 unam
1671 1242 1778 1269 aduna-

985 1290 1049 1318 tam,
1073 1294 1106 1313 eo
1130 1287 1204 1321 quod
1220 1287 1312 1314 verbis
1342 1287 1439 1314 iisdem
1464 1295 1520 1314 non
1549 1287 1725 1316 inveniamus
1747 1287 1775 1315 in

983 1333 1110 1361 Patribus
1125 1333 1289 1368 explicatam
1317 1335 1469 1367 notiOnem,
1487 1334 1637 1370 quomodo,
1652 1335 1776 1370 inquam,

984 1378 1161 1413 rejiciendam
1186 1378 1280 1406 dicitis
1295 1379 1375 1405 talem
1392 1378 1617 1406 confessionem?
1634 1378 1661 1406 Si
1685 1383 1776 1406 tamen

984 1431 1039 1450 non
1051 1423 1338 1458 licetparailelismum
1350 1424 1377 1451 in
1394 1423 1534 1459 loquendo
1548 1423 1641 1452 dicere
1655 1433 1661 1451 :
1674 1424 1776 1451 Audite

985 1471 1052 1499 haec.
1068 1479 1163 1499 omnes
1180 1476 1286 1507 gentes,
1307 1472 1421 1500 auribus
1444 1472 1579 1508 percipite
1606 1480 1702 1500 omnes
1729 1473 1775 1507 qui

143 1519 216 1553 παρὰ
230 1519 262 1546 τὸ
276 1518 460 1551 ὲνωτίζεσθαι,
477 1520 524 1546 καὶ
542 1521 606 1546 ποῖα
636 1519 671 1546 τὰ
694 1519 769 1554 ἔθνη,
789 1521 854 1546 ποῖα
868 1520 897 1546 δὲ
910 1521 931 1547 ο1

988 1517 1120 1545 habitatis
1142 1517 1249 1550 orbem,
1272 1518 1366 1546 dicant
1381 1518 1462 1546 nobis
1479 1518 1545 1554 quid
1555 1519 1651 1547 audire
1664 1523 1692 1547 et
1709 1520 1776 1555 quid

143 1565 333 1596 κατοικοῦντες
357 1565 407 1600 τὴν
429 1565 613 1600 οἰκουμένην,
630 1566 662 1592 Εἰ
680 1565 710 1592 δὲ
725 1566 772 1592 καὶ
786 1566 833 1592 τοῦ
849 1566 931 1593 αὑτοῦ

139 1608 216 1642 Miro;
233 1611 447 1646 σημαινομένου,
463 1611 502 1646 τῷ
519 1612 557 1647 μὴ
570 1611 710 1644 αὺτολεξεὶ
721 1611 764 1638 διὰ
780 1612 834 1638 τῶν
846 1612 932 1639 Πατέ-

142 1662 196 1689 ρων
209 1656 339 1691 εἰρῆσθαι
352 1656 400 1692 τὴν
416 1656 460 1683 διὰ
474 1657 522 1691 τῆς
538 1656 631 1689 δυάδος
669 1656 815 1691 ὁμολογίαν
835 1666 935 1693 παραι-

140 1699 262 1731 τοῦνται,
281 1701 362 1736 εἴπερ
377 1701 461 1733 ὅντως
482 1700 587 1728 σκῶλον
610 1700 761 1734 ἀξιόλογον,
784 1701 832 1727 καὶ
851 1709 934 1728 σκαν-

139 1744 220 1771 δάλου
248 1745 334 1772 αἴτιόν
357 1746 415 1772 ἐστι
435 1745 465 1773 τὸ
482 1746 572 1779 λέγειν
590 1745 690 1782 εὐσεῧῆ
715 1745 831 1778 ἔννοιαν,
850 1746 933 1781 χωρὶς

139 1789 188 1824 τῆς
203 1790 253 1817 ἐπὶ
268 1790 366 1823 λέξεως
380 1791 466 1826 αὐτῆς
490 1800 571 1818 τινων
594 1791 828 1827 προεγνωσμένων
845 1791 933 1818 Πατέ-

141 1844 195 1871 ρων
207 1837 333 1864 εὐσεϐῶν
349 1838 517 1873 συμφωνίας,
535 1838 642 1874 πρῶτον
657 1838 706 1874 μὲν
720 1838 807 1870 οὐδεὶς
818 1838 932 1874 Περσῶν

137 1882 153 1917 ἢ
172 1881 322 1918 Ῥωμαίων
337 1884 352 1918 ἢ
366 1884 498 1919 Φράγγων
511 1884 527 1919 ἢ
543 1884 630 1911 Ἰνδῶν
642 1884 705 1911 οὔτε
719 1885 860 1920 προφήτην
873 1885 933 1912 οὐδὲ

138 1928 183 1954 τὸν
206 1928 313 1963 Κύριον
337 1929 418 1955 αὐτὸν
437 1928 596 1962 ἀποδέξεται
623 1930 658 1957 τὰ
682 1930 781 1966 εὐσεϐῆ
810 1930 933 1965 δόγματα

137 1974 346 2009 διαλεγόμενον,
361 1975 421 2001 ἐπεὶ
438 1975 468 2001 οὺ
490 1975 610 2009 γνωσταὶ
629 1975 722 2007 αὐτοῖς
739 1976 933 2012 προϋπάρχου-

138 2027 180 2044 σιν
194 2021 222 2046 αἱ
245 2020 334 2052 λέξεις
347 2020 376 2046 αἱ
398 2020 462 2056 παρ’
484 2021 574 2047 αὐτῶν
598 2020 689 2052 tame;
713 2020 870 2056 λεγόμεναι,
885 2022 933 2048 ἐὰν

141 2067 179 2102 μὴ
195 2067 230 2093 δι’
246 2066 350 2103 ἑτέρων
370 2067 462 2098 αὐτοῖς
487 2066 675 2102 ἐρμηνευϐὠσι
697 2066 797 2099 λέξεων
818 2067 932 2094 ἀλλοίων

138 2120 167 2138 τε
193 2112 294 2146 φωνῶν
321 2113 369 2139 καὶ
396 2113 527 2140 ποικίλων
554 2113 761 2149 περιφράσεων·
789 2113 876 2145 ἄλλως
903 2113 932 2139 δὲ

136 2157 198 2183 οὐδὲ
221 2157 347 2192 Ἐὁραίοι
376 2158 582 2194 πεισθήσονται,
599 2159 651 2186 «ὃτι
674 2159 759 2190 ὅντως
786 2158 868 2186 εἰκὼν
884 2159 931 2185 τοῦ

136 2202 206 2230 Θεοῦ
222 2204 273 2231 καὶ
287 2204 431 2240 χαρακτὴρ
445 2205 493 2233 καὶ
516 2205 686 2240 ἀπαύγασμα
712 2206 726 2231 ὁ
742 2205 827 2239 Λόγος
850 2204 932 2232 αὑτοῦ

135 2249 225 2283 ἐστιν,
243 2250 308 2276 ἐπεὶ
323 2250 362 2286 μὴ
375 2250 432 2277 ἔστι
459 2250 539 2278 τοῦτο
560 2251 700 2284 αὑτολεξεί
717 2260 769 2278 που
784 2252 812 2278 ὲν
828 2253 860 2286 τῇ
876 2252 932 2278 Πα-

135 2294 201 2330 λαιᾷ
214 2303 222 2310 ·
239 2295 305 2322 οὔτε
322 2296 490 2332 Σαμαρεῖται
508 2298 570 2332 περὶ
587 2296 704 2333 κρίσεώς
722 2306 749 2324 τι
771 2297 932 2330 καταδέξον-

135 2351 179 2369 Ικαι
193 2343 363 2379 μελλούσης,
373 2344 434 2371 ἐπεὶ
447 2345 497 2371 οὐκ
510 2345 607 2381 ἐλέχθη
620 2345 709 2381 ῥητῶς
722 2345 756 2372 τὰ
768 2346 833 2381 περὶ
846 2346 931 2380 αὐτῆς

134 2388 244 2424 Μωῦσῇ
262 2397 301 2423 πη
319 2397 326 2403 ·
342 2389 398 2415 ἀλλ’
416 2389 475 2416 οὐδὲ
491 2391 595 2424 ’Ἄρειοι
621 2390 668 2416 καὶ
692 2389 820 2424 Εὐνόμιοι
845 2389 892 2416 καὶ
906 2391 930 2416 οι

133 2433 226 2460 λοιποὶ
243 2434 295 2469 τὴν
308 2433 355 2460 τοῦ
369 2435 512 2468 ὀμοουσίου
528 2435 544 2470 ἢ
561 2435 695 2461 συναῖὸίου
716 2435 808 2470 φωνὴν
822 2435 869 2462 ἐπὶ
883 2435 930 2461 τοῦ

134 2479 251 2513 Πατρδς
265 2479 314 2506 καὶ
333 2479 380 2505 τοῦ
396 2479 462 2506 Υἰοῦ
476 2481 524 2507 καὶ
547 2480 594 2506 τοῦ
615 2480 691 2512 ἁγίου
715 2480 871 2515 Πνεύματος
884 2482 932 2508 ἁν-

132 2524 256 2557 έξονται,
273 2525 336 2551 ἐπεὶ
348 2527 416 2560 μήτε
429 2527 462 2561 τῇ
478 2526 544 2562 ἁγίᾳ
560 2527 655 2562 Γραφῇ
676 2535 713 2562 πη
729 2527 837 2562 εἴρηται
850 2527 929 2553 αὑτο-

131 2570 207 2604 λεξεὶ
223 2571 303 2604 τάδε,
321 2571 389 2606 μηδὲ
404 2573 460 2604 τοῖς
485 2572 538 2607 πρὸ
551 2571 640 2599 αὐτῶν
652 2573 855 2607 Χριστιανικοτς
867 2581 930 2606 συγ-

131 2617 301 2652 γράμμασιι

172 2664 251 2692 ’Δλ),“
267 2664 328 2691 οὐδὲ
339 2665 424 2700 αὐτὴν
437 2665 486 2700 τὴν
502 2665 554 2692 ὑπὸ
569 2665 616 2692 τοῦ
628 2665 735 2701 Πατρδς
753 2666 769 2701 ἡ
775 2666 832 2701 μῶν
849 2666 928 2692 Ἀθα-

130 2711 231 2737 νασίου
249 2709 344 2745 φωνὴν
358 2711 405 2736 ἐπί
427 2711 474 2737 τοῦ
500 2711 602 2747 Κυρίου
623 2711 755 2746 λέγουσαν
770 2711 834 2746 μίαν
849 2711 929 2745 φύσιν

130 2756 179 2783 τοῦ
198 2755 274 2782 Θεοῦ
299 2756 384 2789 Λόγου
410 2757 620 2791 σεπαρκωμένην
646 2756 869 2791 καταδεξάμεῦα·
898 2756 927 2782 οὐ

167 2845 180 2862 ⁴
194 2846 284 2873 Prov.
301 2853 374 2877 nm,
394 2845 418 2873 1.

983 1563 1099 1590 auribus
1108 1563 1252 1598 percipere
1261 1571 1268 1597 ;
1277 1563 1344 1598 quid
1354 1558 1459 1599 gﬁntes,
1471 1568 1498 1590 et
1510 1563 1577 1599 quid
1589 1564 1635 1599 qui
1649 1565 1775 1592 habitant

983 1609 1096 1636 orbem?
1112 1608 1140 1636 Si
1152 1616 1219 1636 vero
1237 1614 1264 1636 et
1293 1610 1388 1637 eadem
1407 1617 1436 1637 re
1447 1610 1598 1638 exsistente
1622 1611 1774 1647 designata.

983 1663 1016 1683 eo
1029 1655 1101 1690 quod
1119 1655 1151 1683 ad
1168 1656 1288 1683 litteram
1313 1664 1328 1683 a
1342 1656 1471 1684 Patribus
1488 1664 1543 1684 non
1559 1657 1631 1685 dicta
1647 1662 1688 1685 est
1708 1666 1776 1686 con-

983 1701 1066 1729 fessio
1083 1706 1214 1734 rcnuunt,
1227 1702 1248 1729 si
1265 1707 1355 1730 tamen
1372 1702 1462 1738 reipsa
1474 1702 1670 1731 offendicuium
1686 1709 1778 1732 atten—

985 1745 1060 1774 tione
1082 1745 1195 1782 dignum
1223 1750 1251 1774 et
1269 1746 1391 1774 scandali
1414 1755 1498 1775 causa
1523 1751 1566 1776 est
1586 1748 1659 1784 piam
1681 1749 1776 1777 dicere

984 1792 1125 1820 notionem
1167 1792 1272 1828 absque
1317 1793 1433 1828 loquela:
1471 1793 1557 1829 ipsius
1594 1795 1775 1830 quorumdam

983 1838 1214 1873 praecognitorum
1244 1838 1354 1865 Patrum
1376 1838 1483 1874 piorum
1518 1839 1672 1871 harmonia.
1687 1840 1776 1874 primo

984 1885 1096 1919 quidem
1125 1885 1271 1912 Persarum
1301 1889 1348 1912 aut
1369 1884 1574 1918 Romanorum,
1601 1890 1649 1913 aut
1667 1886 1775 1913 I‘hran-

984 1938 1082 1966 gorum
1098 1930 1306 1964 (Francorum?)
1333 1933 1382 1957 aut
1402 1929 1545 1962 Indorum,
1565 1930 1624 1958 sive
1652 1931 1775 1965 prophe-

984 1981 1063 2007 tam.
1098 1975 1156 2003 sive
1187 1976 1332 2003 Dominum
1365 1975 1456 2010 ipsum
1497 1976 1614 2011 recipiet
1647 1977 1691 2012 pia
1725 1977 1776 2004 do-

984 2025 1074 2056 gmata
1101 2025 1300 2056 proponentcm
1323 2029 1384 2048 cum
1397 2021 1497 2056 ignota
1522 2021 1589 2056 ipsis
1614 2022 1670 2048 sint
1693 2030 1780 2049 voces

983 2075 1045 2102 qute
1068 2067 1102 2094 ab
1116 2068 1156 2094 eis
1170 2067 1279 2102 proprie
1305 2067 1446 2100 dicuntur,
1467 2067 1522 2094 nisi
1543 2075 1594 2102 per
1617 2068 1685 2095 alias
1707 2069 1774 2103 ipsis

984 2113 1203 2148 interpretentur
1217 2121 1300 2140 voces
1314 2117 1341 2140 et
1357 2113 1473 2140 aliorum
1491 2120 1622 2141 sonorum
1637 2118 1665 2141 et
1681 2114 1782 2142 diver—'

985 2167 1077 2186 sarum
1097 2159 1311 2194 periphrasium.
1331 2159 1417 2187 Aliter
1432 2167 1484 2187 nec
1514 2157 1619 2187 Hebraei
1643 2160 1676 2187 ad
1694 2160 1774 2189 fidem

949 2199 970 2226 Ῑ)
985 2205 1144 2237 devenient,
1163 2205 1225 2240 quia
1241 2205 1331 2241 rcipsa
1353 2206 1443 2242 imago
1459 2206 1508 2234 Dei
1538 2211 1566 2233 et
1583 2206 1727 2235 character
1748 2213 1776 2235 et

985 2252 1115 2286 splendor
1126 2251 1245 2279 Verbum
1258 2252 1317 2286 ejus
1331 2257 1383 2284 est,
1399 2259 1461 2279 cum
1475 2260 1529 2280 non
1551 2253 1586 2280 sit
1598 2253 1663 2280 illud
1681 2254 1714 2280 ad
1727 2254 1775 2281 lit-

986 2301 1071 2324 teram
1090 2305 1204 2331 usquam
1231 2297 1258 2323 in
1273 2296 1365 2324 Veteri
1385 2296 1570 2324 Testamento.
1587 2298 1643 2325 Nec
1655 2298 1775 2326 Samari-

987 2343 1041 2370 tani
1059 2343 1092 2370 de
1113 2342 1218 2377 judicio
1242 2343 1334 2370 futuro
1355 2342 1506 2378 quidquam
1523 2343 1682 2376 admittent,
1710 2352 1773 2371 cum

985 2396 1039 2415 non
1052 2388 1086 2416 ad
1100 2389 1219 2416 litteram
1241 2396 1355 2423 usquam
1369 2388 1398 2415 in
1416 2388 1507 2425 Moyse
1520 2389 1669 2424 quidquam
1689 2389 1722 2417 de
1741 2398 1775 2417 eo

984 2433 1100 2468 legatur.
1119 2433 1172 2460 Sed
1187 2440 1237 2460 nec
1253 2433 1347 2460 Ariani
1377 2434 1597 2461 velEunomiaui
1620 2439 1648 2462 et
1673 2435 1774 2470 reliqui

985 2487 1080 2507 vocem
1094 2480 1228 2508 omoousii
1241 2485 1287 2507 aut
1300 2480 1543 2509 consubstantialis
1555 2486 1584 2508 et
1594 2482 1723 2509 coazterni
1739 2482 1773 2510 de

983 2525 1064 2553 Patre
1079 2531 1104 2553 et
1122 2526 1191 2554 Filio
1214 2531 1242 2554 ct
1263 2526 1368 2562 Spiritu
1383 2531 1479 2555 sancto
1498 2527 1691 2560 sustinebunt,
1709 2536 1772 2556 cum

983 2571 1080 2598 nullibi
1093 2571 1119 2598 in
1133 2577 1224 2600 sancta
1239 2572 1380 2608 Scriptura
1392 2573 1426 2600 ad
1437 2573 1555 2601 litteram
1565 2573 1623 2600 haec
1632 2572 1770 2606 dicantur,

982 2626 1033 2645 nec
1048 2617 1074 2645 in
1091 2617 1256 2646 Christianis
1271 2619 1381 2654 scriptis
1400 2624 1463 2648 ante
1479 2620 1562 2654 ipsos.

1018 2663 1070 2690 Sed
1089 2671 1139 2691 nec
1154 2664 1240 2698 ipsam
1254 2664 1344 2692 Patris
1366 2665 1454 2692 nostri
1467 2665 1609 2693 Athanasii
1626 2673 1721 2694 vocent
1737 2667 1772 2695 de

981 2709 1097 2736 Domino
1113 2709 1250 2737 dicentem
1268 2719 1350 2738 unam
1373 2710 1421 2739 Dei
1446 2711 1526 2738 Verbi
1539 2715 1665 2740 naturam
1682 2713 1771 2740 incar~

982 2760 1072 2782 natam
1098 2755 1274 2783 admittcmus
1305 2766 1311 2783 :
1338 2764 1393 2784 non
1419 2756 1492 2783 enim
1517 2761 1602 2784 estet
1615 2757 1650 2785 ab
1664 2758 1705 2785 cis
1721 2759 1768 2794 qui
