1963 3077
157 85 225 117 ’18οἹ

795 86 949 116 LEONTII
972 85 1174 116 ΒΥΖᾹΝΤΙΝΙ

1722 90 1792 125 1808

157 147 220 171 ante
237 141 315 170 illum
329 141 443 170 fuerunt
456 141 541 174 dicta,
556 141 621 169 licet
635 146 663 169 et
677 141 799 169 notionis
811 141 894 176 hujus
911 143 950 169 ris

1004 141 1056 177 γάρ
1069 141 1128 168 ἐστι
1145 142 1191 168 καὶ
1206 143 1262 174 τοῖς
1279 142 1333 178 πρὸ
1347 143 1432 170 αὑτοῦ
1453 143 1533 178 τυχὸν
1551 145 1694 181 εἰρημένη,
1708 146 1731 171 εἰ
1747 146 1794 172 καὶ

157 188 311 224 antiquitus
327 189 408 216 vixin
417 188 544 216 confesso
555 192 627 216 esset
644 197 650 214 :
668 188 787 215 Verbum
799 188 872 215 enim
885 195 950 215 caro

159 235 261 262 factum
279 238 331 266 est,
347 233 475 261 audimus
489 241 504 260 a
523 233 663 268 Theologo
679 232 774 267 :quod
795 237 869 260 certe
895 241 949 260 una

157 286 257 308 natura
273 280 323 308 Dei
340 280 422 308 Verbi
439 279 580 306 inearnata
596 283 649 311 est,
668 286 724 306 non
741 279 900 307 audivimus
915 280 950 307 ab

158 327 229 362 ipso,
250 326 299 354 sed
316 334 350 354 ex
367 326 420 353 hoc
452 326 529 360 ipso:
544 325 664 353 Verbum
690 333 755 353 caro
778 325 881 353 iactum
908 330 951 352 est

158 371 353 399 intelleximus.
382 371 552 405 Simpliciter
566 375 659 398 autem
677 370 700 398 si
721 370 880 398 notionibus
893 370 949 398 suis

159 425 213 444 non
225 417 311 452 magis
322 416 683 452 obtemperamuSquoiibet
693 416 774 444 modo
782 416 948 452 praedicatis,

156 464 205 491 sed
220 463 356 491 dictiones
371 463 525 498 sequimur,
540 470 622 491 omne
645 463 842 490 documentum
861 463 950 498 primo

160 509 370 544 pronuntiatum
387 509 514 544 quamvis
529 514 635 536 rectum
652 517 768 544 prorsus
783 509 829 541 sit,
845 509 957 536 novita-'

159 560 214 582 tem
230 555 355 582 redolere
366 554 537 590 iudicabitur
547 554 727 582 etaudientes
741 553 949 582 scandalizabit.

158 602 210 628 Per
227 601 391 628 recentioris
405 601 480 628 enim
497 601 707 636 compositionis
729 607 812 627 voces
836 607 951 634 prorsus

157 648 288 675 dicuntur
324 647 508 682 praenuntiata
540 647 725 678 documenta.
752 647 799 674 ubi
826 654 898 681 saapc
923 651 951 673 ct

158 694 233 728 ipsos
247 697 350 720 sanctae
367 693 516 728 Scriptura:
539 692 572 720 ad
590 693 710 720 litteram
733 692 873 727 expositos
891 697 947 720 tex-

157 745 202 767 tus
224 748 273 774 per
286 739 389 774 ingenii
406 747 523 766 acumen
539 746 621 766 veros
631 746 692 766 esse
707 737 847 770 novimus,
864 742 892 765 et
908 745 952 765 sc-

157 785 278 813 cundum
296 785 442 820 allegorias
466 784 613 820 aliquando
640 789 770 819 tanquam
802 783 951 811 mendaces

157 831 374 859 consideramus.
393 830 500 865 Quippe
523 839 529 856 :
545 829 722 857 lntroducam
735 837 784 856 vos
805 828 833 855 in
849 833 949 856 terram

157 877 227 905 lacte
249 882 277 904 et
292 876 372 904 melle
395 879 571 909 manantem,
588 875 622 903 de
641 875 730 910 plagis
745 883 761 902 a
779 874 898 902 Jordane
915 873 950 900 ad

157 922 325 957 Euphratem
348 921 464 954 dictum,
494 925 685 949 commentum
710 922 784 947 esset
804 919 858 946 nisi
871 918 951 953 adjuo

160 974 238 996 iante
269 967 438 1004 imaginandi
456 967 484 995 vi
500 974 679 995 nosceremus
708 964 782 1000 quod
802 963 897 991 herbis
923 967 952 990 et

158 1015 259 1051 plantis
272 1015 403 1042 fertiliter
423 1013 576 1043 abundaret
594 1017 686 1045 terra;
706 1011 754 1039 ubi
778 1011 864 1038 multa
887 1016 948 1044 pas‘

158 1070 220 1094 cua,
241 1061 333 1089 multa;
349 1068 415 1089 oves
432 1064 460 1088 et
476 1061 563 1088 altilia
583 1063 611 1087 et
626 1066 738 1095 greges;
755 1058 803 1085 ubi
823 1056 951 1084 animalia

159 1108 220 1141 ista,
237 1111 263 1135 cl
279 1108 359 1135 lactis
385 1108 483 1143 copia;
514 1107 641 1135 similiter
656 1106 703 1133 ubi
729 1105 829 1140 planta:
845 1103 949 1136 multae,

160 1155 286 1189 plurimae
314 1159 378 1181 sunt
400 1162 415 1181 e
440 1153 554 1181 ﬂoribus
574 1152 765 1181 melliﬁcantes
793 1159 875 1186 apes;
902 1150 950 1178 ubi

159 1200 253 1235 plures
269 1200 322 1228 illae
358 1200 392 1227 ab
408 1200 532 1236 ipsisque
552 1199 606 1227 mcl
621 1198 780 1234 copiosum;
797 1202 824 1224 et
839 1196 950 1232 quando

158 1253 224 1281 ergo
244 1246 312 1273 dicit
330 1254 337 1273 :
355 1255 365 1272 ι
383 1245 412 1273 Si
429 1245 527 1274 oculus
548 1249 614 1272 tuus
639 1243 808 1272 scandalizat
824 1246 860 1275 le,
885 1249 950 1270 eum

159 1292 262 1328 projice
274 1292 322 1320 abs
336 1296 361 1320 te
370 1293 393 1325 ",
408 1302 417 1318 ι
435 1291 550 1320 dictioni
562 1290 758 1327 cogitationive
767 1289 846 1325 prius
858 1293 950 1317 atten-

159 1338 291 1370 dendum,
310 1337 447 1372 siquidem
462 1337 553 1365 littera
567 1337 678 1369 occidit,
704 1336 818 1371 spiritus
829 1343 894 1363 vero
907 1334 951 1362 vi-

160 1384 263 1417 viﬁcat,
275 1385 348 1412 sicut
365 1391 414 1411 vos
431 1383 604 1418 respondctis
617 1382 707 1410 nobis.

196 1474 250 1502 Sed
271 1474 375 1509 pariter
398 1473 432 1501 ad
449 1473 502 1501 hoc
522 1472 652 1500 diceretis
669 1481 675 1500 :
692 1471 762 1506 Quid
779 1478 857 1507 ergo,
873 1470 950 1506 pium

160 1521 268 1556 signum
282 1519 400 1547 habente
415 1519 505 1554 prima
530 1527 597 1547 voce
620 1518 771 1546 secundum
786 1525 836 1546 vos
849 1524 949 1544 novam

159 1563 298 1600 etlingitis.
313 1563 367 1591 nisi
387 1563 451 1598 quia
475 1562 541 1598 quid
557 1562 753 1590 machinamini
778 1561 883 1589 notioni
901 1567 951 1595 op-

160 1610 280 1645 positum
292 1610 304 1637 ?
318 1609 395 1637 Licet
409 1609 484 1636 enim
497 1612 525 1636 et
539 1608 572 1636 ad
589 1616 637 1636 vos
655 1608 753 1635 merito
775 1607 862 1635 licere
875 1605 949 1642 quod

159 1663 277 1691 quarum
307 1663 408 1683 vocum
430 1662 497 1682 usus
525 1654 615 1686 idem.
650 1654 748 1681 harum
779 1652 950 1680 abundantia

162 1711 252 1736 rana;
279 1702 327 1730 sed
351 1701 581 1730 considerandum
606 1700 744 1735 quomodo
762 1699 858 1727 eadem
874 1703 901 1727 et
916 1698 950 1727 iis

159 1748 208 1784 qui
231 1748 362 1775 emittunt
387 1747 470 1774 aliam
486 1747 635 1775 dictionem
659 1746 694 1773 ab
717 1746 795 1773 initio
808 1751 838 1773 et
857 1745 892 1773 iis
902 1746 951 1781 qui

160 1803 271 1824 omnem
295 1795 377 1822 talem
392 1794 465 1829 piam
481 1792 682 1821 confessionem
706 1792 734 1819 in
750 1792 835 1820 dubio
856 1796 949 1819 erunt.

159 1842 284 1877 Namque
299 1841 320 1868 si
340 1841 412 1868 idem
424 1844 467 1868 est
484 1848 491 1867 :
510 1839 632 1868 Verbum
649 1846 714 1866 caro
729 1837 832 1865 factum
845 1841 898 1870 est,
922 1842 950 1864 et

161 1889 253 1916 dicere
269 1894 351 1914 unam
369 1891 494 1913 naturam
516 1885 565 1912 Dei
586 1884 670 1912 Verbi
697 1884 878 1915 incarnatam.
900 1890 951 1910 cur

161 1936 206 1963 illa
221 1934 299 1962 nobis
311 1932 468 1960 introducta
478 1931 604 1959 estYCur
618 1931 640 1958 si
655 1930 730 1958 idem
745 1933 788 1957 est
801 1939 808 1956 :
827 1939 836 1955 ι
854 1928 911 1964 Ego
922 1932 951 1955 et

162 1984 241 2010 Pater
252 1988 338 2008 unum
355 1987 451 2008 sumus
460 1980 482 2011 ⁸,
504 1989 512 2005 ι
532 1978 656 2006 additum
672 1980 753 2004 estet
769 1975 951 2003 consubstan-

161 2030 226 2058 tiale
240 2028 274 2056 de
299 2029 380 2056 Patre
401 2031 430 2056 et
445 2026 534 2054 Filio?
550 2025 578 2053 Si
594 2024 677 2052 etiam
689 2027 801 2058 propter
816 2021 949 2057 quosdam

161 2077 230 2105 duas
245 2080 357 2103 naturas
374 2075 402 2102 in
416 2072 527 2101 Christo
543 2072 685 2102 dicentes,
717 2068 827 2104 propria
844 2067 949 2095 haben-

161 2129 216 2152 tem
246 2127 394 2156 utrumque
419 2127 474 2147 non
501 2119 590 2146 solum
615 2115 767 2144 secundum
795 2121 950 2142 sermonem

1002 185 1052 220 τῆς
1063 186 1168 217 ἑννοίας
1181 186 1265 222 αὐτῆς
1276 184 1310 222 ἦν
1323 187 1340 222 ὴ
1354 187 1468 223 δύναμις
1484 188 1568 215 πάλαι
1580 189 1792 226 ὡμολογημένη-

1008 231 1037 258 '0
1048 232 1134 265 Λόγος
1145 232 1200 267 γὰρ
1212 232 1281 268 σὰρξ
1291 233 1409 268 ἐγένετο,
1419 235 1579 270 ἠκούσαμεν
1593 235 1625 261 ἐκ
1639 235 1686 262 τοῦ
1695 236 1794 263 Θεολύ-

1001 285 1050 310 γου
1063 285 1070 292 ·
1086 277 1116 303 τὸ
1132 277 1223 312 μέντοι
1239 277 1304 312 μίαν
1324 278 1404 313 φύσιν
1429 279 1476 306 τοῦ
1488 279 1556 307 Θεοῦ
1578 281 1666 314 Λόγου
1694 289 1794 317 σεσαρ-

1002 323 1132 358 κωμένην
1145 321 1226 355 εἶναι,
1243 324 1293 351 οὐκ
1304 325 1462 360 ἠκούσαμεν
1477 326 1525 354 σὺν
1541 328 1626 362 αὐτῷ.
1644 328 1702 355 ἀλλ’
1717 329 1795 365 ἐνοή-

1002 377 1090 404 σαμεν
1101 369 1131 402 ἐξ
1142 370 1226 397 αὑτοῦ
1240 371 1317 398 τοῦδε
1329 371 1387 404 τοῦ,
1404 381 1412 398 ι
1426 372 1456 399 '0
1467 373 1553 407 Λόγος
1564 374 1631 408 σὰρξ
1644 375 1766 408 ἐγένετω
1780 385 1789 401 ι

1003 415 1095 447 ἁπλῶς
1111 415 1140 442 δὲ
1154 416 1178 442 εί
1200 417 1236 451 μὴ
1250 418 1310 448 ταῖς
1332 418 1446 448 ἐννοίαις
1459 419 1520 450 ταῖς
1535 419 1676 446 εὐσεϐέσιν
1693 420 1792 455 μᾶλλον

1002 460 1154 496 πειθόμεθα
1169 461 1295 489 ὁπωσοῦν
1313 462 1569 499 ὲξαγγελλομέναις,
1593 465 1661 492 ἀλλὰ
1673 467 1733 498 ταῖς
1749 466 1790 493 λέ-

1002 507 1075 539 ξεσιν
1095 507 1228 542 ἑπόμεθα,
1250 509 1324 535 πᾶσα
1341 509 1499 537 διδασκαλία
1515 511 1631 545 πρώτως
1644 511 1792 547 λεγομένη,

1002 552 1053 579 κᾶν
1065 553 1152 589 ὀρθῶς
1164 554 1252 589 πάντη
1275 554 1342 590 ἔχοι,
1362 558 1542 590 καινοφωνείν
1558 557 1733 592 κριθήσεται,
1747 557 1794 584 καὶ

1003 599 1176 627 σκανδαλίσει
1199 601 1263 632 τοὺς
1290 601 1444 637 ἀκροατάς·
1473 603 1517 630 διὰ
1549 604 1710 639 καινοτέρας
1738 603 1794 639 γὰρ

1003 645 1153 677 συνθέσεως
1170 645 1270 679 λέξεων
1285 647 1393 678 πάντως
1413 648 1521 683 εἴρηται
1540 648 1575 675 τὰ
1596 649 1741 684 πρόσφατα
1753 649 1794 676 δι-

1001 690 1137 726 δάγματα,
1154 692 1221 718 ὃπου
1246 700 1278 726 γε
1305 692 1434 725 πολλάκις
1458 694 1506 721 καὶ
1529 694 1614 726 αὑτὰς
1638 694 1689 730 τῆς
1713 695 1795 730 ἁγίας

1002 737 1114 773 Γραφῆς
1141 737 1189 770 τὰς
1211 738 1302 774 ῥητῶς
1323 739 1487 775 ὲγκειμένας
1507 741 1630 776 χρήσεις,
1651 741 1697 769 διὰ
1717 748 1796 778 περι-

1002 783 1077 815 νοίας
1098 783 1270 818 γινώσκομεν
1287 784 1397 820 ἀληθεῖς
1412 783 1481 812 εἶναι
1493 795 1500 801 ·
1521 787 1568 812 καὶ
1589 786 1660 813 κατὰ
1678 786 1794 822 ἀλληγο-

1006 830 1067 865 ρίας
1081 830 1137 857 ἐσθ’
1154 831 1210 863 ὅτε,
1228 831 1290 858 ἐπεί
1300 832 1342 858 τοί
1357 840 1390 866 γε
1404 832 1441 864 ὡς
1455 832 1563 867 ψευδεῖς
1575 833 1748 870 θεωροῦμεν¹
1764 835 1796 861 τὸ

1004 876 1070 912 γὰρ,
1088 876 1195 909 Είσάξω
1212 877 1284 913 ὑμᾶς
1298 878 1337 910 είς
1354 878 1406 914 γῆν
1431 879 1546 914 ῥέουσαν
1571 879 1643 914 γάλα
1659 880 1705 907 καὶ
1724 881 1794 916 μέλι,

1004 923 1068 958 περὶ
1093 922 1144 957 τῆς
1172 922 1226 949 ἀπὸ
1247 923 1383 959 Ἰορδάνου
1411 924 1509 960 μέχρις
1535 925 1678 960 Εὐφράτου
1703 926 1796 961 χώρας

1004 969 1159 1004 εἰρημένον,
1174 968 1272 1004 ψευδὲς
1289 969 1321 996 ἂν
1345 970 1398 1005 εἴη,
1414 971 1439 997 εἰ
1456 971 1494 1006 μὴ
1509 970 1553 998 διὰ
1570 971 1708 1006 περινοίας
1723 972 1795 1005 γνῶ-

1006 1023 1056 1050 μεν
1067 1015 1108 1041 ὄτι
1121 1014 1275 1049 πολύφυτος
1288 1015 1336 1042 καὶ
1350 1015 1504 1052 βοτανώδης
1515 1018 1532 1052 ἡ
1546 1017 1583 1052 γῆ
1594 1026 1602 1032 ·
1618 1013 1648 1044 οὗ
1659 1017 1687 1044 δὲ
1699 1017 1796 1045 πολλαὶ

1005 1060 1111 1095 βοσκαί,
1131 1061 1217 1088 πολλὰ
1240 1063 1326 1098 κτήνη
1353 1063 1400 1090 καὶ
1424 1062 1571 1098 θρέμματα
1596 1064 1643 1090 καὶ
1662 1065 1794 1099 ποῖμναι·

1003 1103 1033 1133 οὗ
1046 1106 1075 1132 δὲ
1095 1106 1153 1138 ζῶα
1169 1106 1243 1140 τάδε,
1273 1107 1321 1134 καὶ
1336 1107 1473 1142 γάλακτος
1495 1108 1624 1142 ἀφθονία·
1642 1109 1745 1144 ὁμοίως
1765 1117 1794 1136 τε

1004 1152 1071 1178 ὃπου
1089 1152 1186 1179 πολλαὶ
1211 1153 1334 1188 βοτάναι,
1361 1154 1486 1181 πλεῖσταί
1513 1155 1582 1181 εἰσιν
1604 1154 1632 1181 al
1656 1154 1795 1188 ἀνθοὶόγοι

1005 1196 1142 1232 μέλιτται·
1156 1194 1187 1224 οὗ
1200 1197 1228 1224 δὲ
1241 1197 1352 1230 πλείους
1365 1195 1455 1232 αὗται,
1468 1197 1516 1225 καὶ
1529 1199 1559 1225 τὸ
1583 1199 1615 1225 ἐκ
1633 1198 1715 1226 τῶνδε
1734 1199 1795 1234 μέλι

1003 1242 1087 1270 πολύ·
1106 1243 1153 1270 καὶ
1175 1243 1218 1270 ὅτε
1237 1243 1283 1271 οὖν
1311 1244 1398 1278 λέγει’
1423 1254 1432 1270 ι
1453 1244 1517 1272 Ἐὰν
1540 1245 1554 1271 ὁ
1577 1244 1719 1280 ὀφθαλμός
1747 1252 1793 1271 σου

1004 1288 1168 1325 σκανδαλίζῃ
1183 1297 1223 1321 σε,
1240 1289 1338 1316 ἔκϐαλε
1352 1289 1433 1316 αὑτὸν
1451 1290 1505 1316 ἀπὸ
1526 1290 1585 1323 σοῦ,
1601 1300 1611 1316 ι
1628 1289 1666 1325 τῷ
1684 1289 1759 1326 ρητῷ
1777 1290 1794 1326 ἢ

1003 1337 1036 1371 τῇ
1053 1335 1158 1371 διανοίᾳ
1185 1336 1350 1371 προσεκτέον
1367 1335 1494 1372 πρώτως,
1522 1336 1601 1371 εἴπερ
1622 1336 1653 1362 τὸ
1677 1336 1794 1371 γράμμα

1003 1381 1212 1415 άποκτείνει,τὺ
1226 1381 1254 1408 δὲ
1272 1381 1381 1417 πνεῦμα
1396 1381 1534 1415 ζωοποιεῖ,
1547 1378 1570 1408 ὦ
1580 1378 1665 1415 οὗτοι,
1681 1381 1796 1418 ἀποκρί-

1003 1428 1085 1455 νασθε
1099 1429 1177 1464 ἡμῖν.
1366 1438 1375 1445 η

1045 1473 1114 1500 Ἀλλ’
1144 1474 1209 1505 ῐσως
1236 1473 1305 1510 πρὸς
1324 1473 1388 1501 τάδε
1404 1474 1507 1501 είποιτε
1518 1480 1526 1488 ·
1547 1473 1579 1500 Τί
1593 1472 1640 1500 οὖν
1657 1472 1726 1504 ὅλως
1744 1471 1794 1508 τὴν

1003 1520 1101 1556 εὐσεϐῆ
1118 1520 1255 1555 σημασίαν
1278 1519 1394 1555 ἐχούσης
1410 1521 1459 1556 τῆς
1480 1519 1592 1554 πρώτης
1613 1519 1715 1555 φωνῆς,
1732 1519 1794 1545 δευ-

1002 1567 1084 1603 τέραν
1102 1567 1181 1602 ὑμεῖς
1198 1568 1397 1602 καινουργείτε,
1413 1567 1437 1592 εί
1451 1565 1528 1601 μήτι
1547 1566 1708 1601 σκαιωρεῖτε
1721 1564 1794 1592 κατὰ

1002 1612 1052 1647 τῆς
1065 1611 1187 1646 ὲννοίας;
1202 1611 1262 1645 ἐξὸν
1277 1611 1332 1647 γὰρ
1351 1612 1440 1638 είτιεῖν
1459 1611 1505 1638 καὶ
1523 1610 1592 1647 πρὸς
1611 1612 1682 1646 ὑμᾶς
1698 1608 1793 1636 εὐκαί-

1004 1667 1058 1695 ρως
1072 1659 1113 1685 ὅτι
1129 1655 1167 1686 ὧν
1181 1659 1198 1694 ἠ
1217 1658 1317 1693 χρῆσις
1332 1659 1348 1694 ὴ
1368 1658 1448 1694 αὑτὴ.
1473 1657 1577 1684 τούτων
1593 1657 1609 1692 ἡ
1634 1655 1794 1683 πολυτέλεια

1003 1704 1117 1739 περιττή
1129 1711 1136 1719 '
1153 1703 1222 1731 ἀλλὰ
1248 1703 1379 1730 σκεπτέον
1400 1703 1439 1734 ὡς
1461 1702 1497 1729 τὰ
1514 1702 1585 1729 αὐτὰ
1603 1701 1722 1732 καὶτοῖς
1743 1699 1794 1734 τὴν

1003 1750 1101 1784 ἑτέραν
1118 1749 1211 1784 φωνὴν
1230 1748 1352 1784 ἀρχῆθεν
1373 1747 1614 1783 προὸαλλομένοις,
1636 1746 1685 1773 καὶ
1702 1745 1793 1772 πᾶσαν

1001 1793 1108 1821 τοιάνδε
1120 1794 1220 1829 εὐσεὸῆ
1245 1794 1392 1829 ὁμολογίαν
1405 1793 1624 1829 άπορηθήσεται.
1641 1791 1674 1818 Τί
1689 1791 1743 1826 γὰρ
1759 1789 1793 1817 ἂν

1003 1840 1028 1866 εί
1039 1839 1136 1866 ταυτόν
1148 1840 1206 1866 ἐστι
1214 1839 1263 1875 τῷ·
1277 1840 1307 1867 ’0
1319 1849 1328 1866 ι
1338 1839 1423 1873 Λόγος
1436 1838 1504 1874 σὰρξ
1518 1837 1654 1872 ὲγένετο,›
1666 1835 1696 1862 τὸ
1703 1834 1793 1869 λέγειν

1005 1885 1068 1921 μίαν
1095 1885 1175 1920 φύσιν
1191 1885 1239 1912 τοῦ
1264 1885 1333 1912 Θεοῦ
1356 1885 1443 1919 Λόγου
1470 1883 1694 1919 σεσαρκωμένην,
1721 1881 1792 1915 αῦτη

1002 1931 1069 1965 ἡμῖν
1083 1930 1280 1966 ἐπεισυνέχθη;
1299 1930 1325 1957 τί
1345 1930 1373 1956 δὲ
1390 1931 1414 1956 εἰ
1436 1929 1534 1956 ταυτόν
1551 1929 1609 1954 ἐστι
1625 1926 1675 1962 τῷ·
1698 1935 1707 1951 ι
1719 1924 1792 1959 Ἐγὼ

1004 1977 1051 2005 καὶ
1060 1977 1075 2003 ὁ
1087 1977 1181 2012 Πατὴρ
1194 1977 1223 2003 ἓν
1242 1978 1338 2012 ἐσμεν,
1356 1986 1365 2002 ι
1383 1975 1578 2011 προσεφράσθη
1595 1973 1642 2000 καὶ
1653 1973 1683 2000 τὸ
1696 1971 1793 2008 δμοού-

1004 2033 1060 2051 σιον
1073 2022 1120 2050 τοῦ
1133 2022 1238 2058 Πατρδς
1252 2022 1320 2058 πρὸς
1332 2022 1378 2048 τὸν
1389 2021 1470 2054 TEd-1;
1486 2021 1509 2047 εί
1520 2020 1548 2047 δὲ
1561 2020 1647 2051 οὕτως
1657 2018 1701 2045 διά
1716 2026 1792 2049 τινας

1003 2069 1049 2097 δύο
1065 2069 1160 2104 φύσεις
1173 2068 1303 2103 λέγοντας
1320 2066 1449 2103 Χριστοῦ,
1470 2066 1543 2098 ἰδίως
1562 2065 1677 2100 ἔχουσαν
1697 2063 1794 2091 ἐκατέ-

1004 2124 1055 2152 ραν
1073 2115 1104 2141 οὺ
1134 2115 1214 2150 μόνον
1242 2113 1313 2141 κατὰ
1328 2113 1407 2148 λόγον
1431 2112 1557 2147 φυσικὴν,
1571 2111 1638 2138 ἀλλὰ
1654 2110 1702 2137 καὶ
1721 2109 1793 2137 κατὰ

162 2169 318 2205 physicum,
337 2166 385 2194 sed
403 2170 430 2193 et
457 2163 610 2192 secundum
626 2163 806 2197 bypostaseos
827 2160 949 2188 existen-

1004 2161 1052 2196 τὴν
1070 2159 1188 2195 ὓπαρξιν
1212 2159 1296 2195 αὐτὴν
1321 2158 1373 2194 τῆς
1397 2157 1583 2190 ὑποστάσεως,
1604 2157 1688 2192 ἤγουν
1702 2156 1749 2182 τόν
1762 2163 1792 2182 τε

163 2216 229 2243 tiam
245 2213 352 2242 scilicet
370 2217 398 2240 et
407 2211 527 2240 Verbum
540 2213 568 2236 et
584 2215 695 2236 carnem
712 2205 832 2237 Domini,
850 2209 879 2233 et
894 2213 950 2232 non

162 2260 253 2295 ipsum
267 2259 387 2287 Verbum
405 2264 516 2285 carnem
534 2254 715 2289 assumpsisse
735 2251 951 2287 dogmatizantes

162 2307 191 2333 in
197 2314 252 2333 una
260 2304 412 2333 secundum
428 2301 595 2338 hypostasim
606 2300 784 2331 adunationc,
794 2296 950 2325 necessario

162 2352 286 2387 oportuit
301 2350 394 2378 dicere
412 2349 522 2376 unicam
544 2347 590 2374 Dei
607 2345 689 2374 Verbi
713 2349 841 2372 naturam
861 2343 952 2370 incar-

162 2403 265 2431 natam,
281 2401 312 2424 ut
326 2400 354 2424 et
370 2394 539 2431 signiﬁcetur
555 2397 716 2421 naturarum
730 2390 878 2425 duplicitas
902 2395 952 2423 per

164 2444 191 2471 id
209 2443 283 2478 quod
296 2442 409 2474 dicitur,
427 2441 568 2468 incarnata
580 2442 678 2466 natura
693 2437 772 2472 quasi
788 2436 821 2464 ad
837 2434 951 2470 aliquid.

164 2497 283 2524 namque
295 2487 329 2515 ad
341 2487 531 2514 incarnantem
549 2484 662 2512 dicitur.
675 2483 709 2510 Et
722 2482 898 2518 perspicuum
911 2484 953 2507 est

164 2535 238 2571 quod
253 2543 308 2563 non
325 2534 352 2562 in
367 2532 484 2562 monade
499 2539 545 2559 res
555 2530 591 2559 ad
613 2529 717 2565 aliquid
732 2533 814 2561 sunt;
827 2527 951 2554 utetiam

165 2584 242 2610 locus
256 2580 347 2616 impiis
370 2588 425 2607 non
450 2579 531 2606 datus
554 2577 591 2605 sit
611 2580 725 2612 propter
749 2575 850 2602 lemma
877 2573 954 2600 vocis

166 2629 282 2656 duarum
295 2632 459 2654 naturarum
467 2624 594 2652 dividere
605 2621 777 2658 hypostasim
794 2620 916 2651 unicam,
926 2619 954 2646 in

166 2673 390 2710 imprudentibus
413 2671 511 2700 eodem
535 2669 647 2697 nomine
667 2667 819 2703 signiﬁcata
844 2670 954 2692 natura.

165 2721 199 2748 Et
212 2727 282 2754 saepe
297 2719 359 2746 loco
367 2717 494 2747 essentia:
505 2721 533 2744 et
545 2716 604 2742 loco
614 2713 766 2750 personalis
778 2713 959 2748 hypostascos

202 2807 210 2823 '
224 2806 318 2834 Matth.
334 2813 361 2840 ν,
376 2805 420 2833 29.
460 2804 470 2820 ³
484 2803 563 2832 Joan.
580 2809 608 2835 χ,
628 2799 671 2826 50.

1004 2207 1090 2240 Λόγον
1108 2205 1154 2233 καὶ
1168 2205 1217 2241 τὴν
1236 2205 1325 2240 σάρκα
1337 2203 1385 2231 τοῦ
1397 2203 1511 2239 Κυρίου,
1527 2204 1574 2230 καὶ
1584 2202 1636 2228 οὐκ
1651 2201 1732 2228 αὑτὸν
1747 2200 1794 2228 τδν

1004 2252 1091 2287 Λόγον
1105 2251 1298 2286 σεσαρκῶσθαι
1311 2250 1523 2285 δογματίζοντας
1549 2249 1579 2276 ὲν
1599 2247 1649 2283 μιᾷ
1670 2247 1704 2281 τῇ
1730 2246 1792 2273 καθ’

1005 2297 1153 2324 ὑπόστασιν
1176 2296 1283 2329 ὲνὼσει,
1313 2295 1469 2329 ἀναγκαίως
1488 2294 1586 2329 ἐδέησε
1613 2293 1703 2326 λέγειν
1728 2291 1793 2327 μίαν

1005 2343 1087 2378 φύσιν
1103 2342 1151 2369 τοῦ
1178 2341 1246 2368 Θεοῦ
1262 2341 1350 2375 Λόγου
1369 2339 1593 2375 σεσαρκωμένην,
1617 2338 1659 2364 ἵνα
1678 2336 1725 2364 καὶ
1745 2345 1794 2371 σηε-

1007 2390 1138 2425 μαίνηται
1157 2388 1187 2415 τὸ
1206 2387 1294 2414 διττὸν
1313 2387 1367 2414 τῶν
1382 2385 1490 2420 φύσεων
1515 2384 1558 2411 διὰ
1574 2383 1621 2410 τοῦ
1636 2384 1674 2415 ὡς
1687 2380 1755 2417 πρὸς
1768 2390 1793 2408 τι

1005 2434 1132 2469 λέγεσθαι
1147 2434 1196 2469 τὴν
1227 2431 1442 2467 σεοαρκωμένην
1464 2430 1559 2465 φύσιν·
1583 2429 1651 2465 πρὸς
1677 2428 1732 2464 γὰρ
1744 2427 1795 2463 τὴν

1006 2479 1190 2517 σαρκώσασαν
1203 2478 1329 2514 εἴρηται·
1347 2477 1394 2504 καὶ
1418 2476 1497 2511 δῆλόν
1523 2477 1608 2509 ἐστιν,
1629 2475 1668 2508 ὡς
1692 2474 1743 2502 οὐκ
1765 2474 1795 2500 ὲν

1006 2516 1100 2561 μονάδι
1114 2523 1148 2551 τὰ
1160 2523 1228 2559 πρός
1241 2523 1268 2549 τί
1284 2523 1353 2554 ἔστι,
1370 2521 1446 2557 χώρα
1463 2529 1494 2547 τε
1511 2522 1569 2552 τοῖς
1582 2518 1741 2547 δυασεὸοΰσι
1757 2516 1794 2553 μὴ

1004 2571 1068 2606 δοθῇ
1082 2570 1126 2598 διὰ
1145 2569 1193 2597 τοῦ
1207 2569 1352 2605 λήμματος
1368 2567 1418 2603 τῆς
1438 2566 1493 2595 τῶν
1515 2566 1563 2593 δύο
1583 2566 1691 2601 φύσεων
1703 2565 1795 2598 φωνῆς

1005 2617 1126 2652 διχάζειν
1141 2615 1231 2642 αὐτῶν
1249 2614 1298 2650 τὴν
1314 2614 1379 2649 μίαν
1394 2614 1557 2646 ὑπόστασιν,
1577 2613 1606 2639 ἐν
1622 2611 1679 2642 τοῖς
1694 2611 1794 2644 ἀπερι-

1007 2662 1137 2693 σκέπτοις
1153 2659 1355 2696 ὀμωνυμούσης
1370 2659 1419 2694 τῆς
1444 2658 1567 2693 φύσεως·
1596 2655 1642 2682 καὶ
1665 2653 1796 2685 πολλάκις

1008 2709 1068 2736 ἀντὶ
1083 2708 1177 2739 οὐσίας
1194 2707 1241 2734 καὶ
1268 2706 1330 2734 ἀντὶ
1357 2705 1537 2742 προσωπικῆς
1564 2703 1593 2730 δὲ
1619 2700 1797 2732 ὑποστάσεως
