1963 3077
155 182 230 217 1809

735 189 883 220 CONTRA
905 189 1121 220 MONOPHYS]
1127 191 1207 221 TAS.

1717 189 1784 222 1810

152 243 311 279 λεγομένης,
339 243 400 271 δέον
424 245 478 281 ἀρα
495 247 540 273 καὶ
561 246 606 273 διὰ
627 247 659 273 τὸ
680 248 849 284 κχινοτὲρως
863 247 945 274 πάλιν

1008 247 1088 280 Ιίσίω,
1105 252 1226 282 oportet,
1246 252 1274 275 et
1288 249 1323 275 ob
1338 248 1365 276 id
1381 247 1455 283 quod
1480 247 1619 275 recentius
1638 247 1740 275 iterum
1758 253 1786 275 et

152 290 199 317 καὶ
214 289 364 322 ἀντιθέτως
384 291 574 327 ἀσεϐήσαντάς
591 301 667 324 τινας
690 293 755 328 μίαν
771 293 852 328 φύσιν
870 293 942 320 κατὰ

154 335 257 371 τροπὴν
274 335 290 372 ἦ
308 336 443 372 σύγχυσιν
462 338 612 373 γενομένην
636 339 684 366 τοῦ
698 339 786 374 Λόγου
800 339 850 375 τὴν
866 340 943 366 ἐναν-

155 381 296 417 θρώπησιν
325 382 524 418 δογματίζειν,
557 385 758 421 καινουργῆσαι
790 386 837 412 καὶ
868 385 943 421 ἡμᾶς

154 428 257 455 τοιάνδε
274 428 376 464 φωνὴν,
403 429 467 465 ἥτις
491 431 536 458 τόν
559 439 589 457 τε
607 431 676 467 πρὸς
697 432 760 463 τοὺς
784 431 944 468 εἰρημένους

154 475 308 509 αἱρετικοὺς
326 475 457 508 ἐναντίως
470 476 565 511 ἔχοντα
593 477 705 510 σκοπὸν,
730 477 824 513 ὥσπερ
839 475 886 505 οὖν
898 477 945 504 καὶ

155 521 172 556 ὴ
188 521 237 556 μία
250 521 331 555 φύσις
346 521 395 548 τοῦ
410 521 476 549 Θεοῦ
492 522 579 557 Λόγου
594 524 791 559 σεσαρκωμένη
803 523 944 558 φυλάττει,

156 567 204 594 καὶ
217 567 270 594 ἀπὸ
280 568 335 594 τῶν
347 567 462 604 ὕστερον
473 569 650 604 άναφυέντων
662 569 814 602 κακοδόξων
825 569 947 597 διαστέλ-

155 613 243 646 λεται,
257 614 327 649 ὅπερ
340 614 390 641 οὐκ
405 611 479 650 εἶχεν
497 616 513 651 ἡ
528 614 625 651 πρώτη
644 615 749 650 σαφῶς,
765 616 813 643 καὶ
833 615 881 642 δύο
897 615 948 651 φὺ-

157 667 216 691 σεις
230 659 277 686 τοῦ
293 660 352 692 ὲνδς
364 660 484 696 Χριστοῦ
499 661 644 696 ήνωμένας
659 661 730 689 κατὰ
746 661 796 696 τὴν
817 661 882 696 μίαν
898 661 946 688 αὐ-

156 705 205 732 τοῦ
219 706 371 734 ὑπόστασιν
391 707 533 742 διασαφεῖν
543 716 550 722 ·
564 708 578 734 ὃ
592 707 648 744 γὰρ
664 709 680 743 ἡ
697 707 794 744 πρώτη
815 707 891 744 φωνὴ
904 707 950 735 διὰ

156 752 205 779 τοῦ
220 752 340 787 εἰσάγειν
365 754 576 792 σεσαρκωμένον
600 763 627 782 τι
652 755 699 782 καὶ⁵
727 755 845 790 σαρκοῦν
861 755 949 788 ἔλεγε,

157 797 239 825 τοῦτο
256 798 326 834 αὕτη
353 799 434 835 μόνον
463 800 508 827 διὰ
532 801 582 836 τῆς
606 801 702 833 δυάδος
730 800 825 835 λέγει’
840 800 855 827 ὃ
871 801 899 827 δὲ
921 801 951 827 ἓν

159 840 230 868 εἶναι
258 842 351 877 ἐκείνη
377 843 422 870 διὰ
446 843 496 879 τῆς
523 845 638 880 μονάδος
653 847 790 882 παριστᾷν
814 845 950 881 βούλεται,

993 301 1043 328 per
1059 293 1219 321 antithesim
1237 293 1321 328 impie
1337 293 1470 329 degentes
1479 294 1590 329 quidam
1608 301 1689 321 unam
1705 298 1786 321 natu-

993 347 1064 370 ram,
1087 339 1164 374 juxta
1191 339 1373 367 mutationem
1394 343 1442 366 aut
1456 338 1659 371 confusionem,
1686 338 1786 366 factam

993 385 1077 413 Verbi
1104 384 1345 420 enanthropesim,
1372 384 1577 420 dogmatizant,
1604 389 1723 420 oportet,
1745 384 1789 411 in-

995 439 1090 467 quam,
1108 438 1207 458 novatn
1219 431 1350 466 ellingere
1361 438 1412 458 nos
1426 439 1522 458 vocem
1533 431 1614 458 talem
1629 438 1690 466 quae
1705 431 1795 458 tinem»

995 477 1152 513 oppositum
1165 476 1198 504 ad
1215 477 1303 504 dictos
1324 477 1485 510 hmreticos,
1498 477 1569 504 sicut
1582 481 1610 504 et
1623 485 1677 504 una
1688 481 1796 504 natura-

996 523 1046 550 Dei
1061 523 1145 551 Verbi
1155 523 1309 555 incarnata,
1325 527 1487 556 servat,eta
1501 523 1658 550 novissimis
1672 530 1787 550 nascen-

997 567 1072 595 tibus
1085 568 1157 596 male
1170 567 1348 595 credentibus
1366 567 1533 595 secernitur.
1549 567 1640 595 Prima
1660 575 1713 595 vox
1728 567 1788 595 exi-

999 617 1057 641 tum
1073 614 1149 642 hunc
1161 614 1234 642 clare
1251 622 1305 641 non
1322 613 1430 647 habuit,
1446 618 1475 641 et
1491 614 1560 642 duas
1574 619 1687 641 naturas
1707 614 1790 641 unius

998 656 1101 684 Chriin
1127 658 1260 686 adunatas
1288 659 1444 686 secundum
1468 659 1578 686 unicam
1608 659 1679 686 hanc
1705 659 1791 694 ipsius

999 703 1170 738 hypostasim
1189 703 1377 731 manifestare.
1392 704 1470 738 Quod
1485 705 1559 732 enim
1572 704 1660 740 prima
1680 711 1730 732 vox
1748 704 1791 730 in-

1000 750 1173 778 troducendo
1186 751 1244 778 hazc
1258 751 1429 778 incarnatum
1442 751 1546 786 aliquid
1562 756 1589 779 et
1603 750 1792 778 incantantem

1001 797 1120 830 dicebat,
1137 797 1204 824 illud
1218 801 1323 824 tantum
1342 805 1393 832 per
1407 798 1595 832 duplicitatem
1611 797 1695 824 altera
1708 796 1791 824 dicit:

1001 842 1075 878 quod
1092 847 1183 870 autem
1199 851 1283 870 unum
1301 850 1362 871 esse
1386 843 1430 870 illa
1446 851 1496 878 per
1519 842 1664 870 monadem
1689 844 1794 870 consti-

159 887 240 915 τοῦτο
262 887 332 924 αῦτη
357 889 401 916 διὰ.
427 890 477 925 τῆς
493 891 553 923 ἑνὸς
577 891 695 927 Χριστοῦ
720 892 783 920 καθ’
801 892 951 919 ὑπόστασιν

1008 894 1081 916 tuere
1107 888 1237 921 intendit,
1259 889 1327 916 illud
1352 897 1402 924 per
1417 889 1502 917 unius
1518 889 1621 917 Christi
1641 889 1793 917 secundum

161 933 286 965 ἐνώσεως
312 923 460 969 ὁμολογεῖί
485 936 578 972 ἐκείνη
598 923 648 972 μὲν
675 937 729 974 γὰρ
755 937 950 974 παρεσιώτιησε

1008 934 1171 969 hypostasim
1184 923 1378 961 adunationeiu
1393 934 1478 962 altera
1489 934 1648 962 conﬁtetur.
1665 934 1712 962 Illa
1720 934 1794 961 enim

161 977 212 1012 τὴν
225 978 323 1005 ῐνωσιν
346 979 393 1006 καὶ
408 979 460 1014 τὴν
483 980 596 1016 όλότητα
624 982 678 1009 τῶν
691 982 849 1018 ἡνωμένων,
866 983 950 1018 ἧγουν

161 1023 291 1058 Χριστὸν,
308 1024 473 1060 ἀρκεσθεῖσα
486 1027 520 1063 τῇ
534 1026 584 1062 τῆς
602 1028 715 1062 μονάδος
728 1028 774 1055 καὶ
790 1028 950 1064 συμπλοκῆς

161 1069 262 1104 ἐννοίᾳ,
280 1068 318 1100 ὡς
332 1070 433 1106 ἐχούσῃ
444 1071 526 1104 δεῖξιν
539 1072 586 1099 τοῦ
598 1080 628 1099 τε
643 1073 737 1100 διπλοῦ
752 1074 807 1101 τῶν
824 1074 949 1109 συμπλα-

162 1114 265 1142 κέντων
277 1116 324 1142 καὶ
341 1116 441 1144 ἑνιαίου
462 1117 510 1144 τοῦ
527 1118 750 1155 συμπλέγματος,
768 1119 816 1146 ἅτε
835 1120 862 1147 δὲ
881 1118 950 1147 εἶναι

164 1161 214 1195 μὲν
225 1161 273 1188 δύο
282 1162 315 1189 τὰ
329 1162 499 1198 συγκείμενά
511 1172 579 1199 φησι
590 1172 597 1180 ·
610 1164 672 1192 οὔτε
683 1164 712 1192 δὲ
724 1165 797 1197 ἰδίως
808 1165 950 1201 ὀνομάζειν

162 1207 197 1234 τὰ
213 1207 284 1243 μέρη
311 1208 391 1243 τῆσδε
419 1209 467 1244 τῆς
484 1209 612 1244 ὁλότητος
636 1211 756 1238 σύνοιδεν
781 1212 810 1239 ὲν
836 1212 875 1247 τῷ
901 1212 951 1247 τῆς

163 1252 289 1285 ὲνώσεως
301 1254 384 1290 λόγῳ,
403 1255 465 1282 οὔτε
484 1257 563 1292 σιγᾷν
577 1257 628 1292 τὴν
647 1257 710 1293 μίαν
729 1258 878 1286 ὑπόστασιν
893 1259 950 1286 πεί-

164 1298 253 1330 θεται,
267 1297 329 1326 οὔτε
349 1301 533 1336 παρατρέχειν
549 1301 598 1337 τὴν
615 1301 711 1330 ἕνωσιν
727 1304 874 1339 συγχωρεῖ,
889 1303 951 1331 οὔτε

166 1343 204 1379 μὴ
218 1344 362 1379 γνωρίζειν
377 1346 463 1373 ἀπασι
489 1346 627 1382 βούλεται,
644 1349 717 1381 τινος
744 1349 891 1386 προσώπου
907 1359 952 1384 γι-

165 1389 284 1417 νώσκειν
292 1388 375 1418 οὖσαν
387 1392 468 1426 τῆσδε
480 1393 530 1428 τῆς
545 1394 663 1429 φυσικῆς
673 1394 769 1426 δυάδος
782 1395 831 1430 τὴν
842 1395 950 1429 ἒνωσιν,

166 1437 213 1463 καὶ
227 1437 276 1472 τὴν
291 1437 475 1475 emuntth
491 1439 603 1474 μονάδα,
622 1440 652 1467 ἓν
671 1441 734 1468 κατ’
753 1441 856 1476 ἀμφοῖν
874 1441 952 1470 θεῖσα

165 1481 197 1508 τὸ
210 1481 307 1516 δνομα.

204 1528 275 1563 Ἀρι
289 1526 337 1555 οὖν
352 1529 413 1556 ἐπεὶ
430 1529 477 1557 καὶ
491 1530 599 1566 Ἄρειος
628 1531 691 1566 μίαν
712 1531 792 1567 φύσιν
813 1532 860 1559 τοῦ
884 1532 952 1560 Θεοῦ

137 1612 142 1614 γ
167 1573 216 1600 καὶ
230 1574 317 1609 Λόγου
342 1576 554 1612 σεσαρκωμένην
579 1577 658 1612 φησὶ,
687 1577 850 1613 βουλόμενος
867 1578 952 1612 δεῖξαι

167 1620 206 1651 ὠς
219 1619 251 1646 οὑ
264 1621 351 1656 πάντη
363 1623 413 1656 τῆς
425 1621 471 1649 τοῦ
487 1623 594 1658 Πατρδς
611 1624 729 1658 φυσικῆς
753 1624 887 1660 ἀτρεψίας
899 1624 958 1651 ἐστὶ

167 1665 217 1691 καὶ
241 1665 257 1692 ὁ
277 1666 361 1698 Υἱός·
388 1667 437 1694 καὶ
466 1668 655 1704 Ἀπολινάριος
690 1669 739 1704 τὴν
768 1668 855 1705 αὐτὴν
882 1669 957 1704 λέγει

167 1710 386 1746 ἀπαραλλάκτως
400 1713 502 1748 φωνὴν,
519 1714 579 1740 ἀντὶ
593 1714 640 1740 νοῦ
657 1714 774 1750 ψυχικοῦ
797 1715 958 1751 βουλόμενος

170 1755 240 1783 εῖναι
252 1757 280 1783 ὲν
298 1757 337 1792 τῷ
352 1758 484 1793 Rupta.pr
499 1759 636 1795 ἀνθρώπῳ
648 1761 694 1787 τὸν
708 1760 804 1794 Λόγον,
827 1761 911 1795 ῆγουν
924 1762 957 1797 τῇ

167 1802 326 1839 ψυχωθείσῃ
340 1804 421 1838 σαρκὶ
436 1804 532 1838 αὑτοῦ,
546 1805 644 1840 ἀλόγου
659 1805 766 1841 φύσεώς
779 1815 851 1838 τινος
866 1807 959 1842 ἑτερο-

169 1849 256 1882 φυοῦς
269 1850 336 1885 ἡμῖν
349 1851 522 1886 παριστάνων
537 1849 607 1879 εῖναι
626 1853 676 1888 τὴν
695 1853 727 1879 ὲκ
742 1854 790 1888 τῆς
804 1853 959 1889 οἰκονομίας

169 1896 342 1931 εὐεργεσίαν.
359 1896 482 1933 Εὐτυχὴς
495 1898 523 1924 δὲ
539 1898 569 1925 τὸ
586 1898 652 1925 αὒτδ
666 1899 858 1934 ἀπαρατρώτῳ
870 1900 957 1934 φωνῇ,

169 1942 232 1970 ἀλλ’
246 1943 306 1979 οὐχὶ
323 1943 414 1979 ὲννοίᾳ
434 1944 514 1979 φησί·
530 1944 568 1976 ὼς
584 1943 639 1980 γὰρ
655 1944 702 1972 τοῦ
719 1945 806 1978 Λόγου
824 1944 906 1972 αὑτοῦ
919 1945 959 1976 εἰς

170 1989 264 2023 σάρκα
279 1989 520 2023 μετουσιωθέντος,
528 1991 576 2017 καὶ
587 1990 662 2018 οὐδὲν
673 1990 779 2027 ἔχοντος
789 1992 856 2027 ἡμῖν
867 1990 960 2026 ὁμοσύ-

170 2042 232 2062 σιον
245 2035 291 2061 τοῦ
305 2034 409 2070 Κυρίου
423 2035 496 2070 λέγει
511 2035 541 2062 τὸ
557 2036 622 2071 μίαν
639 2036 719 2071 φύσιν
734 2037 780 2064 τοῦ
796 2036 864 2063 Θεοῦ
872 2037 958 2071 Λόγου

170 2081 399 2117 σεσαρκωμένην,
419 2081 511 2114 καθὼς
526 2083 678 2119 Γρηγόριος
696 2084 711 2110 ό
729 2083 862 2118 Θεολόγος
877 2083 905 2110 ὲν
920 2083 959 2118 τῷ

172 2125 242 2161 πρὸς
267 2126 416 2161 Κληδόνιόν
432 2135 498 2162 φησι
516 2127 581 2163 περὶ
599 2128 701 2155 τούτων
722 2128 813 2155 αὐτῶν
825 2135 833 2146 σ
855 2128 895 2154 ὅτι
910 2128 960 2159 τὰς

172 2171 225 2206 μὲν
239 2172 361 2204 εὐσεῆεῖς
375 2172 461 2206 λέξεις
474 2173 634 2208 ὁμολογοῦσι
649 2174 713 2209 περὶ
729 2173 763 2205 ἃς
776 2174 821 2201 τὺν
837 2173 899 2201 νοῦν
910 2182 960 2200 κσ-

170 2217 322 2253 κουργοῦσι
333 2226 340 2233 ·
356 2218 405 2245 καὶ
425 2218 493 2253 μετά
507 2218 610 2254 βραχέα
624 2219 714 2251 πάλιν,
729 2218 822 2254 ἐπειδὴ
836 2219 864 2246 αἰ
880 2219 961 2246 αὑταὶ

169 2260 261 2294 λέξεις
287 2262 377 2294 καλῶς
409 2263 458 2298 μὲν
480 2262 654 2298 ὲξηγηθεῖσαι
680 2264 712 2290 τδ
728 2263 838 2296 εὐσεϐὲς
857 2263 959 2300 ἔχουσι,
978 2278 1001 2306 D

173 2307 269 2338 κακῶς
281 2307 309 2334 δὲ
320 2308 475 2343 νοούμεναι,
492 2308 523 2335 τὸ
535 2309 662 2341 δυσσεϐὲς
672 2309 791 2344 ἔχουσιν.

211 2352 245 2380 Οἱ
261 2352 315 2380 ἀπὸ
330 2352 476 2389 Νεστορίου
498 2353 527 2381 δὲ
543 2355 591 2381 καὶ
606 2352 644 2382 ὧν
661 2356 715 2383 ἀπο
742 2356 901 2392 Νεστόριος,
917 2356 964 2384 δύο

176 2398 272 2433 φύσεις
285 2398 403 2433 Χριστοῦ
417 2401 558 2434 ἡνωμένας
571 2401 730 2437 ἀδιαιρέτως
751 2402 871 2436 λέγουσι,
901 2401 962 2429 καθ’

174 2444 195 2472 ἃ
212 2447 346 2482 μαρτυρεῖ
356 2447 384 2472 ἐν
403 2448 435 2481 τῇ
449 2447 518 2482 πρὸς
534 2447 683 2475 Σούκενσον
694 2448 809 2484 δευτέρᾳ
833 2449 960 2484 ἐπιστολῇ

174 2490 311 2526 Κύριλλος
327 2492 341 2518 δ
353 2491 528 2524 διδάσκαλος·
540 2492 650 2528 λέγουσι
660 2493 688 2520 δὲ
703 2494 733 2521 τδ
745 2494 900 2530 ἀδιαίρετον
914 2496 962 2521 καὶ

175 2536 225 2573 τὴν
235 2537 333 2564 ἕνωσιν
357 2539 404 2565 καὶ
420 2536 491 2567 οὗτοι
517 2540 652 2572 ὑπούλως·
669 2540 699 2567 οὐ
723 2541 784 2568 καθ’
815 2542 964 2568 ὑπόστασιν

175 2583 242 2618 γὰρ,
260 2583 291 2609 οὺ
311 2583 382 2610 κατά
397 2585 446 2620 τὴν
473 2585 528 2612 τῶν
541 2585 650 2620 φύσεων
674 2585 763 2613 αὐτῶν
792 2586 962 2622 συμπλοκὴν,

176 2630 245 2656 ἀλλὰ
265 2632 298 2666 τῇ
324 2631 454 2667 ἰσοτιμίᾳ,
482 2633 515 2667 τῇ
548 2631 737 2668 ταυτοϐουλίᾳ,
764 2634 797 2668 τῇ
824 2632 964 2668 αὖθεντίᾳ,

177 2675 297 2711 ἡνῶσθαι
310 2676 471 2712 ἀδιαιρέτως
483 2677 542 2712 μὲν,
558 2678 690 2713 σχετικῶς
718 2678 747 2705 δὲ
770 2678 965 2714 ὁμολογοῦντες

176 2721 224 2748 τὸν
236 2721 321 2755 Λόγον
333 2723 365 2757 τῇ
381 2723 463 2758 σαρκί
475 2731 482 2738 ”
499 2724 523 2749 εἰ
539 2723 586 2750 καὶ
601 2724 650 2755 τὰς
665 2723 763 2759 φύσεις
793 2724 879 2756 αὐτὰς
893 2724 963 2751 εἶναι

179 2767 233 2794 τῶν
255 2766 409 2802 προσώπων
423 2767 473 2799 τὰς
494 2768 637 2804 ήνωμένας
650 2769 721 2796 κατὰ
735 2768 849 2804 γνώμην
872 2770 963 2804 φασῖν.

184 2813 346 2846 Ἀναγκαῖον
359 2813 493 2840 δέδεικται
510 2813 590 2846 εἶναι,
605 2813 642 2846 ὡς
665 2813 753 2849 οῐμαι,
773 2814 810 2851 μὴ
824 2815 885 2846 ταῖς
910 2824 966 2849 φω-

179 2859 238 2888 ναῖς
252 2857 346 2889 ἀτελῶς
361 2858 590 2893 προσέχειν,ἀ).λὰ
606 2859 661 2891 τοῖς
674 2859 792 2894 νοήμασι
805 2868 811 2875 ·
828 2860 874 2886 καὶ
887 2861 913 2887 εἴ
925 2869 966 2892 τις

179 2903 228 2938 μὲν
243 2903 389 2938 καινοτέρα
400 2904 474 2939 φωνή
493 2905 561 2938 ἐστι,
575 2906 606 2940 τῇ
622 2904 753 2932 ἀνέκαθεν
765 2906 792 2932 ὁὲ
810 2906 857 2932 καὶ
874 2907 902 2939 ἐξ
917 2907 966 2941 ἀρ-

1003 978 1116 1014 quidem
1137 979 1224 1007 tacuit
1246 979 1442 1007 adunationem
1459 984 1488 1008 et
1502 980 1686 1008 adnnatorum
1703 980 1796 1008 totali-

1004 1029 1098 1057 tatem,
1125 1025 1231 1053 scilicet
1255 1025 1407 1058 Christum,
1434 1025 1602 1054 sullicienter
1620 1026 1746 1054 monadis
1768 1030 1799 1055 et

1004 1070 1186 1098 connexionis
1211 1070 1324 1098 notione
1350 1071 1546 1099 iudicationem
1572 1071 1697 1106 praebens
1717 1072 1795 1107 quasi

1004 1116 1211 1145 demonstrante
1227 1120 1284 1144 tum
1309 1124 1496 1145 connexorum
1519 1117 1718 1152 duplicitatem,
1738 1121 1795 1145 tum

1004 1162 1223 1198 singularitatem
1255 1164 1486 1199 compositionis,
1514 1172 1576 1199 quae
1603 1164 1715 1199 quidem
1734 1171 1802 1192 esse»

1004 1208 1059 1235 duo
1083 1209 1209 1244 conjecta
1224 1209 1293 1236 dicit
1310 1218 1317 1236 :
1332 1216 1383 1237 nec
1404 1217 1471 1237 vero
1490 1209 1698 1244 particulariter
1713 1209 1796 1245 hujus

1005 1255 1150 1282 totalitatis
1170 1258 1264 1289 partes
1284 1262 1382 1282 vocare
1398 1255 1489 1288 novit,
1506 1262 1559 1283 nec
1581 1258 1671 1283 tacere
1687 1255 1806 1283 unicam-

1004 1299 1171 1335 hypostaéini
1191 1300 1325 1332 creditur,
1340 1308 1392 1328 nec
1405 1300 1583 1336 praetergredi
1598 1300 1795 1329 adunationem

1004 1345 1081 1379 sinit,
1099 1354 1154 1374 nec
1163 1346 1296 1374 omnibus
1307 1354 1364 1374 non
1384 1347 1536 1375 ostendere
1550 1347 1620 1379 vult,
1639 1347 1718 1384 cuius
1735 1356 1804 1383 per.-

1005 1399 1081 1420 sonae
1089 1392 1267 1420 exsistentem
1283 1400 1450 1428 cognoscere
1462 1393 1545 1429 hujus
1560 1394 1696 1422 naturalis
1708 1394 1784 1429 dupli
1795 1412 1803 1416 -

1005 1438 1097 1466 citatis
1125 1438 1322 1467 adunationem
1347 1443 1376 1467 et
1407 1440 1607 1475 hypostaticam
1640 1440 1784 1468 monadem
1793 1460 1807 1474 ,.

1006 1492 1092 1512 unum
1104 1484 1249 1512 amborum
1263 1489 1388 1513 statuens
1402 1493 1516 1513 nomen.

1041 1531 1117 1566 Ergo
1134 1539 1197 1559 cum
1210 1535 1238 1559 et
1248 1531 1332 1560 Arius
1343 1532 1453 1559 unicam
1466 1532 1515 1559 Dei
1531 1537 1560 1560 et
1570 1532 1653 1560 Verbi
1669 1538 1796 1561 naturam

1008 1577 1178 1605 incarnatam
1193 1577 1273 1611 dicit,
1292 1578 1441 1606 ostendere
1462 1579 1570 1611 volens,
1589 1579 1663 1614 quod
1677 1587 1732 1607 non
1749 1588 1797 1615 pe-

1009 1623 1085 1650 nitus
1107 1623 1197 1651 Patris
1212 1623 1346 1651 naturalis
1360 1623 1593 1652 immutahilitatis
1609 1629 1652 1653 est
1668 1630 1696 1652 et
1711 1625 1798 1653 Filius

1010 1673 1038 1696 et
1060 1669 1248 1704 Apollinarius
1272 1669 1369 1697 eadem
1402 1670 1490 1697 utitur
1511 1670 1616 1705 absque
1641 1670 1798 1698 differentia

1010 1723 1089 1748 voce,
1103 1715 1165 1743 loco
1181 1715 1283 1743 mentis
1303 1715 1459 1750 spiritualis
1474 1723 1534 1743 esse
1550 1716 1643 1743 volens
1655 1716 1798 1744 Dominico

1012 1761 1040 1788 in
1064 1761 1175 1789 homine
1194 1760 1327 1794 Verbum,
1351 1761 1458 1788 scilicet
1481 1760 1509 1788 in
1538 1760 1676 1795 spirituali
1699 1761 1799 1788 ell‘ecta

1011 1814 1095 1834 carne
1121 1806 1193 1841 ejus,
1218 1806 1388 1834 irrationalis
1415 1811 1521 1834 natm
1550 1806 1694 1842 cujusdam
1718 1806 1805 1835 nobis

1011 1852 1138 1887 praebens
1152 1859 1214 1879 esse
1229 1852 1450 1880 benevolentiam
1463 1860 1497 1879 ex
1515 1853 1724 1886 incarnatione;
1742 1853 1799 1880 Eu-

1012 1897 1108 1933 tyches
1119 1905 1186 1925 vero
1198 1897 1305 1925 idem...
1315 1897 1507 1934 ὰπαρατρώτῳ
1524 1906 1602 1932 voce,
1617 1898 1664 1926 sed
1677 1906 1734 1926 non
1750 1907 1800 1926 no-

1013 1944 1088 1971 tione
1102 1943 1171 1971 dieit
1184 1952 1190 1970 :
1206 1943 1243 1970 ita
1265 1943 1339 1971 enim
1354 1943 1443 1971 Verbo
1458 1944 1518 1979 ipso
1531 1943 1558 1971 in
1571 1952 1684 1972 carnem
1711 1949 1800 1972 trans-

1012 1989 1197 2017 substantiato
1212 1993 1240 2016 et
1251 1989 1320 2016 nihil
1335 1989 1454 2016 habente
1474 1990 1548 2024 quod
1566 1990 1647 2017 nobis
1677 1989 1792 2017 consub-

1013 2035 1142 2063 stantiale
1166 2035 1202 2062 sit
1228 2035 1356 2066 Domino,
1368 2034 1434 2061 dicit
1466 2035 1575 2061 unicam
1601 2039 1725 2062 naturam
1752 2035 1799 2062 Dei

1012 2081 1095 2109 Verbi
1120 2081 1302 2113 incarnatam,
1335 2081 1407 2108 sicut
1421 2080 1571 2115 Gregorius
1592 2080 1748 2115 Theologus
1771 2081 1806 2108 in-

1013 2129 1132 2154 tractatu
1150 2125 1184 2152 ad
1203 2124 1367 2152 Cledonium
1390 2125 1481 2159 inquit
1501 2124 1535 2152 de
1556 2125 1633 2159 ipsis,
1652 2125 1716 2160 quia
1738 2125 1800 2160 pias

1013 2171 1124 2207 quidem
1133 2171 1269 2199 dictiones
1284 2171 1452 2199 conﬁtentur
1464 2171 1498 2198 ad
1509 2179 1578 2206 quas
1591 2176 1713 2199 mentem
1728 2172 1800 2199 male

1013 2223 1217 2254 contorquent,
1240 2223 1269 2246 et
1283 2219 1382 2246 iterum
1404 2219 1487 2254 paulo
1505 2219 1586 2250 intra,
1609 2218 1674 2246 dum
1695 2219 1799 2247 eaedem

1014 2264 1152 2292 dictiones
1169 2264 1240 2292 bene
1258 2264 1369 2298 quidem
1390 2264 1522 2299 exposita:
1548 2264 1599 2299 pte
1620 2269 1698 2297 sunt,
1729 2265 1800 2293 male

1014 2310 1150 2345 cogitata),
1175 2310 1267 2345 impiae
1278 2313 1353 2337 sunt.

1050 2356 1102 2389 Qui
1114 2363 1181 2384 vero
1196 2364 1211 2383 a
1229 2356 1370 2388 Nestorio,
1388 2361 1418 2384 et
1430 2356 1574 2384 Nestorius
1589 2356 1624 2383 ab
1642 2356 1719 2391 ipsis,
1733 2356 1805 2384 duas

1015 2406 1130 2429 naturas
1152 2401 1255 2429 Christi
1282 2401 1506 2437 inseparabiliter
1533 2401 1666 2429 adunatas
1689 2402 1800 2433 docent,

1015 2452 1098 2482 prout
1120 2447 1149 2475 in
1168 2448 1292 2476 secunda
1313 2449 1348 2475 ad
1371 2447 1524 2476 Sucensum
1549 2448 1664 2483 epistola
1685 2452 1802 2475 testatur

1014 2492 1133 2528 Cyrillus
1146 2494 1288 2528 magister,
1305 2493 1491 2528 inseparabile
1506 2499 1534 2521 et
1546 2494 1742 2522 adunatiocnem
1754 2494 1805 2523 isti

1015 2545 1124 2572 quoque
1135 2537 1270 2566 fallaciter
1277 2538 1383 2571 dicunt,
1400 2547 1456 2566 non
1465 2539 1539 2567 enim
1549 2540 1702 2566 secundum
1716 2539 1803 2575 hypo~

1015 2583 1123 2617 stasim,
1132 2587 1179 2611 aut
1187 2584 1341 2612 secundum
1351 2589 1514 2612 naturarum
1523 2585 1645 2620 ipsarum
1654 2583 1802 2617 connexio-

1016 2637 1092 2662 nem,
1116 2630 1164 2657 sed
1186 2630 1344 2665 aequalitate
1360 2630 1484 2662 honoris,
1514 2630 1669 2658 voluntatis
1683 2637 1802 2657 consen-

1015 2676 1104 2707 sione,
1123 2676 1289 2704 auctoritate
1302 2676 1523 2711 inseparabiliter
1546 2675 1659 2702 adunati
1676 2675 1800 2710 quidem,

1016 2720 1129 2748 relative
1144 2729 1211 2748 vero
1228 2721 1393 2748 confitcntes
1405 2721 1525 2748 Verbum
1539 2728 1604 2747 cum
1619 2728 1719 2752 carne;
1736 2720 1802 2748 licet

1016 2770 1132 2794 naturas
1145 2766 1219 2801 ipsas
1235 2774 1296 2794 esse
1313 2773 1492 2800 personarum
1512 2765 1647 2793 adunatas
1668 2770 1698 2793 ut
1718 2770 1800 2794 autu-

1016 2816 1103 2845 mant,
1124 2812 1229 2840 dicant.
1246 2812 1439 2840 Necessarium
1459 2811 1677 2840 demonstratum
1696 2817 1748 2845 est,
1773 2818 1803 2839 ut

1017 2864 1095 2894 puto,
1109 2866 1164 2886 non
1180 2866 1263 2886 voces
1279 2857 1442 2893 simpliciter
1462 2865 1570 2889 curare,
1586 2857 1633 2885 sed
1654 2857 1802 2889 notiones;

1017 2910 1042 2932 rt
1063 2906 1084 2932 si
1106 2913 1165 2940 qum
1182 2905 1292 2940 quidem
1308 2904 1445 2931 recentior
1458 2912 1507 2930 vox
1525 2909 1576 2935 rst,
1598 2904 1742 2938 primitivse
1759 2911 1804 2930 ιε-
