1963 3077
167 147 231 181 1811

798 150 953 181 LEONTII
972 150 1175 183 BYZANTINI

1723 154 1788 186 181?.

166 214 197 233 ro
218 210 246 234 et
272 206 306 234 ab
332 206 412 234 initio
437 207 574 242 frequenti
598 207 770 235 orthodoxiae
801 208 951 236 conformis

1013 209 1052 244 [ἧς
1063 209 1264 246 ὁμολογουμένῃ
1281 210 1421 246 ὀρθοδοξίᾳ.
1442 212 1582 246 συμρωνεῖ
1605 210 1675 238 κατὰ
1694 211 1723 238 τὸ
1740 221 1787 248 ση-

164 254 242 288 juxta
263 253 460 288 signiﬁcatum,
483 253 555 280 lianc
580 253 767 281 venerabilem
794 254 899 281 habere
925 259 953 281 et

168 303 298 332 tanquam
314 299 454 333 propriam
478 298 606 332 amplecti
625 303 744 333 oportet.
768 299 796 326 Si
811 307 872 334 qua:
886 307 953 326 vero

170 345 233 371 trita
252 344 280 371 in
297 352 374 371 sacra
393 344 535 378 Scriptura
548 348 647 372 cuncta
662 349 689 372 et
703 345 775 380 apud
788 345 882 372 Patres
896 353 954 372 om-

168 398 217 417 nes
240 398 293 418 vox
314 389 465 421 invenitur,
481 390 527 417 sed
542 395 656 425 propter
669 390 782 425 impiam
804 391 952 426 quamdam

169 436 319 463 novitatem
343 436 553 471 excogitationis
567 444 582 463 a
605 437 724 471 quodam
744 437 910 464 transfertur
924 437 952 464 in

169 482 359 510 diversitatem
384 490 398 510 a
427 487 502 509 recta
527 482 652 516 notione,
679 483 752 510 illam
784 483 899 518 rcjicere
925 488 954 510 et

169 529 300 557 detestari
314 537 365 556 nos
376 533 504 564 tanquam
517 529 605 556 bonos
616 529 820 557 nummularios
830 534 952 565 oportet,

170 583 226 602 non
260 575 456 602 numismatum
491 574 606 610 elligicm
640 579 668 602 et
691 576 954 611 superscriptionem

169 626 299 650 curantes
318 626 435 654 tantum,
453 621 503 649 sed
528 626 555 649 et
579 622 670 656 ipsum
686 625 832 657 argentum
855 623 954 650 callide

170 668 379 695 considerantes
399 672 427 695 et
450 668 648 703 investigantes
671 668 694 695 si
714 668 804 704 reipsa
835 669 954 704 probum

170 719 222 742 ost.
247 715 355 742 Etenim
375 714 532 742 testimonia
564 715 673 743 Domini
710 720 858 750 argentum
892 715 955 750 igne

171 760 316 795 probatum
329 760 460 788 dicuntur
473 769 480 793 ;
493 765 630 796 quotquot
648 761 721 788 enim
736 761 841 796 aliquid
860 769 874 788 a
896 762 955 796 pri-

172 813 217 832 mo
241 806 388 833 verborum
412 806 509 833 auditu
530 807 657 842 judicant
680 807 823 840 virtutem,
846 814 910 834 cum
929 812 957 834 et

171 851 227 879 sint
247 852 347 880 littera:
371 852 525 880 dictionum
549 857 642 887 partes
662 852 825 884 elﬁcientes.
848 853 956 880 discant

171 898 245 933 quod
257 898 279 926 si
289 906 361 934 smpe
372 899 466 927 littera
477 881 590 932 occidit,
601 899 715 934 spiritus
724 906 791 926 vero
802 898 923 926 viviﬁcat
933 899 954 931 ⁸,
970 881 993 911 Β

172 943 243 972 sicut
256 948 284 971 et
296 952 383 972 mens.

205 989 276 1023 Quid
291 998 357 1026 ergo
371 990 462 1019 adhuc
474 991 548 1019 'mihi
569 991 720 1020 verborum
741 991 860 1026 amplius
884 990 957 1018 circa

172 1036 240 1064 illud
252 1036 264 1064 ’ί
274 1036 416 1064 Noverunt
430 1038 504 1065 enim
517 1046 613 1065 omnes
624 1037 698 1072 quod
720 1037 861 1065 Manichaei
879 1037 957 1064 Chri-

172 1082 254 1110 stiani
263 1087 290 1110 et
301 1083 466 1110 Samaritani
474 1088 503 1111 et
511 1084 618 1111 Hebraei
629 1087 658 1111 et.
666 1083 759 1111 Ariani
769 1087 797 1110 et
807 1083 956 1111 Sabelliani

172 1133 201 1156 et
214 1129 398 1157 Valentiniani
412 1134 438 1157 et
454 1129 622 1158 Marcionita:
631 1134 659 1157 et
668 1129 823 1157 Nestoriani
837 1133 865 1157 et
877 1129 958 1164 Apol-

172 1174 306 1203 linaristaa
326 1179 354 1203 et
371 1176 498 1203 universa
515 1175 625 1210 proprie
650 1175 724 1202 dicta
735 1175 806 1203 male
824 1175 958 1210 dogmati-

172 1220 295 1247 zantium
322 1220 403 1247 turba
431 1228 447 1247 e
475 1227 553 1248 sacra
580 1219 723 1255 Scriptura
758 1224 816 1247 tum
851 1219 956 1249 Veteri,

173 1271 231 1293 tum
255 1266 332 1294 Novo
352 1271 381 1293 et
399 1265 621 1301 praecedentibus
652 1265 792 1298 Patribus,
824 1265 957 1300 quosdam

172 1316 263 1340 textus
275 1317 428 1347 excerpunt
438 1313 465 1340 in
478 1313 598 1348 propriae
608 1312 820 1348 encogitationis
834 1311 959 1339 testimo-

173 1359 260 1391 nium,
282 1358 360 1394 quasi
376 1359 472 1386 eadem
487 1359 676 1394 signiﬁcarent
697 1358 724 1385 bi
745 1363 837 1386 textus
856 1366 888 1385 ac
908 1366 958 1385 vo-

173 1405 234 1432 lunt
251 1405 314 1440 ipsi.
329 1405 400 1432 Num
414 1413 480 1440 ergo
500 1405 642 1432 notionem
663 1405 685 1432 si
709 1408 782 1431 recte
801 1403 957 1437 essetapud

175 1451 251 1485 ipsos
268 1451 468 1485 iudicaremus.
486 1455 514 1478 et
528 1459 582 1478 non
604 1458 688 1478 voces
705 1449 887 1485 simpliciter?
904 1449 958 1477 Sed

174 1495 326 1530 sophisticc
335 1502 489 1531 exponeute
502 1495 624 1524 Sabellio
635 1496 703 1523 illud
719 1504 725 1522 ε
744 1505 752 1522 ι
767 1496 824 1531 Ego
836 1499 864 1522 et
874 1495 958 1522 Pater

1005 255 1186 290 μαινόμενον,
1219 256 1321 289 ταύτην
1347 257 1507 283 ποτνιᾶσθαι
1542 258 1588 284 καὶ
1615 257 1652 289 ὡς
1686 258 1789 286 οίκείαν

1004 301 1211 336 ἀομενίζεσθαι·
1234 301 1306 333 εἴτις
1321 302 1349 328 δὲ
1363 303 1532 338 τετριμμένη
1547 311 1577 329 τε
1594 305 1628 340 τῇ
1644 304 1709 340 ἁγίᾳ
1719 305 1789 340 Γρα-

1004 348 1040 382 φῇ
1058 347 1132 382 πάσῃ
1142 348 1189 374 καὶ
1202 349 1256 379 τοῖς
1270 348 1410 383 Πατράσιν
1424 348 1495 380 ὅλοις
1521 349 1580 375 ἔστι
1605 350 1691 385 φωνὴ.
1719 351 1790 377 κατά

1003 400 1064 418 τινα
1085 392 1114 417 δὲ
1139 391 1256 427 δυσσεϐῆ
1278 393 1456 427 καινοτομίαν
1480 394 1615 428 νοήματος
1643 393 1696 421 ὑπό
1718 403 1789 427 τινος

1003 438 1170 474 προφέρεται
1195 439 1235 470 εἰς
1264 438 1396 473 διαφορὰν
1425 439 1509 474 ὀρθῆς
1544 440 1666 473 ἐννοίας,
1688 441 1790 475 ταύτην

1004 484 1218 519 ἀποδοκιμάζειν
1251 484 1300 511 καὶ
1311 480 1498 519 βδελύττεσθαι
1512 485 1550 516 ὡς
1575 486 1674 517 καλοὺς
1686 494 1790 521 τραπε-

1005 530 1081 563 ζίτας
1093 530 1152 557 δέον
1169 531 1252 566 ἡμᾶς,
1281 530 1318 566 μὴ
1345 530 1383 566 τῷ
1400 531 1552 566 ὲπιπολαίῳ
1568 532 1723 566 χαρακτῆρι
1736 532 1790 558 τῶν

1005 577 1182 611 νομισμάτων
1196 576 1242 603 καὶ
1254 577 1311 608 τοῖς
1320 576 1482 612 χαράγμασι
1503 578 1685 613 προσέχοντας
1699 578 1789 612 μόνον,

1005 622 1073 649 ἀλλά
1089 623 1136 649 καὶ
1148 621 1214 648 αὐτὸ
1228 621 1258 648 τὸ
1279 621 1412 657 ἀργύριον
1431 622 1563 656 ἐντέχνως
1588 621 1791 657 παρανοοῦντας

998 668 1053 694 *καὶ
1071 667 1300 701 κατεξετὰζοντας
1318 667 1438 698 ειὸντως
1462 667 1573 702 δόκιμον
1585 668 1642 694 ἐστι
1655 675 1661 681 ·
1678 667 1712 694 τὰ
1736 668 1791 703 γὰρ

1005 713 1083 747 λόγια
1094 713 1208 749 Κυρίου,
1225 713 1356 749 ἀργύριον
1369 713 1568 747 πεπυρωμένον
1583 713 1705 747 δοκίμιον
1720 713 1792 748 εἴρη-

1006 769 1051 787 ται
1065 769 1071 775 ·
1087 760 1144 786 ὅσοι
1168 759 1222 795 γάρ
1243 768 1270 785 τι
1295 759 1364 786 κατὰ
1391 759 1502 794 πρώτην
1522 759 1606 795 ἀκοὴν
1621 759 1676 785 τῶν
1691 758 1792 791 λέξεων

1007 805 1127 840 κρίνουσι
1144 806 1193 841 τὴν
1207 805 1332 840 δύναμιν,
1350 805 1410 831 ἐπεὶ
1423 805 1470 832 καὶ
1486 804 1519 831 τὰ
1530 805 1681 840 γράμματα
1692 804 1791 836 λέξεών

1007 851 1076 876 εἰσιν
1088 850 1257 884 ἀπογραφαὶ,
1279 849 1489 886 μανθανέτωσαν
1503 849 1544 876 ὅτι
1558 849 1645 881 οὕτως
1662 848 1791 880 πολλάκις

1007 894 1038 920 τὸ
1047 894 1165 930 γράμμα
1174 894 1347 927 ἁποκτέννει,
1357 893 1387 920 τὸ
1395 894 1423 920 δὲ
1433 893 1544 929 πνεῦμα
1556 893 1693 927 ζωοποιεῖ,
1703 894 1790 920 εῐτουν

1007 949 1079 972 νους.
1581 967 1587 976 γ

1046 987 1079 1012 Τί
1091 986 1123 1022 δὴ
1137 986 1192 1021 ἄρα
1212 995 1258 1022 μοι
1275 986 1366 1021 δεήσει
1376 985 1463 1020 λόγων
1482 985 1594 1021 μακρῶν
1609 985 1677 1021 περὶ
1691 984 1769 1012 τοῦδε
1782 994 1790 1018 ;

1008 1034 1074 1059 πᾶσι
1087 1032 1140 1067 γὰρ
1155 1032 1274 1066 γνωστὸν
1291 1032 1328 1063 ὡς
1343 1032 1490 1066 Μανιχαῖοι
1510 1031 1672 1066 ’Χριστιανοὶ
1684 1030 1731 1058 καὶ
1741 1030 1794 1057 Σα-

1010 1078 1135 1112 μαρεῖται
1149 1076 1196 1103 καὶ
1213 1075 1335 1111 Ἑϐραῖοι
1352 1077 1400 1103 καὶ
1421 1075 1557 1111 ’Δρειανοὶ
1566 1076 1612 1102 καὶ
1621 1074 1794 1102 Σαϐελλιανοὶ

1009 1123 1055 1149 καὶ
1066 1122 1284 1149 Οὐαλεντινιανοὶ
1290 1122 1337 1148 καὶ
1346 1122 1552 1157 Μαρκιωνισταὶ
1561 1122 1609 1149 καὶ
1616 1121 1794 1156 Νεστοριανοὶ

1010 1167 1288 1204 καὶἈπολιναρισταὶ
1303 1168 1349 1194 καὶ
1372 1168 1448 1195 πᾶσα
1471 1167 1563 1199 ἁπλῶς
1588 1165 1792 1202 ὁμολογουμένη

1008 1214 1160 1248 κακοδοξία,
1174 1214 1207 1241 ἐκ
1219 1223 1249 1241 τε
1261 1213 1317 1249 τῆς
1336 1214 1418 1248 ἁγίας
1440 1213 1553 1250 Γραφῆς
1565 1213 1687 1243 Παλαιᾶς
1698 1219 1728 1237 τε
1746 1210 1794 1237 καὶ

1009 1263 1092 1295 Νέας,
1109 1261 1155 1288 καὶ
1171 1260 1225 1287 τῶν
1236 1259 1427 1296 προλαϐόντων
1441 1259 1571 1294 Πατέρων
1585 1257 1661 1289 τινὰς
1683 1256 1794 1292 χρήσεις

1009 1321 1045 1338 πα
1051 1311 1176 1347 ρασπῶσι
1191 1310 1261 1347 πρὸς
1275 1307 1430 1345 μαρτυρίαν
1441 1306 1488 1334 τοῦ
1499 1306 1600 1333 οἰκείου
1610 1303 1794 1339 φρονήματος,

1008 1359 1046 1391 ὡς
1057 1359 1090 1385 τὰ
1104 1358 1173 1386 αὐτὰ
1185 1356 1349 1394 βουλομένας
1361 1355 1452 1387 αὐτοῖς
1462 1362 1469 1370 ·
1482 1354 1536 1389 ἂρα
1550 1350 1596 1380 οὖν
1613 1351 1673 1386 οὐχὶ
1686 1350 1736 1386 τὴν
1751 1349 1796 1376 ἔν-

1009 1413 1083 1432 νοιαν
1102 1404 1126 1430 εί
1140 1403 1228 1440 ὀρθῶς
1238 1403 1330 1434 αὐτοῖς
1343 1401 1400 1436 ἔχοι
1411 1400 1564 1435 κρίνοιμεν,
1575 1397 1623 1424 καὶ
1633 1397 1663 1423 οὺ
1678 1395 1728 1427 τὰς
1738 1403 1796 1429 φω-

1010 1450 1058 1482 νὰς
1067 1439 1175 1482 ἀπλῶςξ
1193 1448 1274 1475 Ἀλλά
1284 1446 1459 1483 παράγοντος
1478 1443 1624 1471 Σαϐελλίου
1637 1442 1678 1469 τό·
1694 1451 1703 1468 ι
1726 1439 1797 1474 Ἐγὼ

1011 1495 1058 1522 καὶ
1071 1496 1085 1522 6
1100 1494 1196 1530 Πατὴρ
1208 1494 1238 1521 ἓν
1251 1493 1345 1529 ἐσμεν,
1373 1501 1382 1518 ›
1399 1491 1446 1518 καὶ
1471 1488 1647 1525 ἀναιροῦντος
1661 1487 1710 1523 τὴν
1722 1494 1798 1522 τριαα

177 1550 261 1569 unum
283 1550 389 1576 sumus,
407 1552 417 1568 ι
436 1546 464 1570 et
480 1543 581 1570 trinam
601 1542 772 1578 hypostasim
798 1541 959 1577 rejiciente:

1013 1540 1089 1575 δικὴν
1104 1539 1252 1566 ὑπόστασιν
1262 1546 1269 1554 ⁸
1294 1537 1342 1565 καὶ
1360 1535 1494 1571 Εὑνομίου
1516 1532 1739 1569 προϐαλλομένου
1754 1531 1794 1578 τόῗ

175 1593 204 1615 et
215 1588 350 1616 Eunomio
363 1588 519 1623 proferente
533 1588 600 1616 illud
616 1596 623 1615 :
640 1597 649 1614 ι
667 1587 719 1621 Qui
734 1587 808 1615 misit
819 1594 862 1614 me
878 1586 960 1614 Pater

176 1635 263 1670 major
274 1642 316 1662 me
328 1635 405 1666 est”,
429 1643 438 1660 ι
453 1638 481 1662 et
496 1634 641 1662 monadem
657 1633 818 1661 destruente
834 1639 887 1660 nec
899 1640 955 1660 non

175 1685 281 1709 natura
298 1681 483 1716 aequalitatem
505 1680 533 1707 in
557 1679 711 1712 divinitate,
729 1679 769 1706 sic
787 1679 891 1707 insulse
906 1678 961 1706 cir-

176 1727 355 1755 cumferimur
377 1726 489 1762 quidem
520 1726 555 1753 ab
578 1725 682 1760 impiis,
698 1729 746 1752 aut
760 1724 853 1760 potius
869 1724 897 1752 in
911 1731 961 1760 op-

176 1773 296 1807 positum
321 1772 543 1799 circnml'erimur
569 1771 644 1798 omni
669 1774 751 1798 vento
774 1770 908 1798 doctrinae
927 1769 962 1797 ad

177 1819 282 1846 erroris
293 1819 427 1858 insaniam
441 1819 548 1854 jactati,
564 1817 604 1845 sic
621 1822 650 1845 et
662 1825 677 1844 a
693 1817 783 1852 seipsa
799 1817 962 1852 discrepans

179 1869 285 1892 tantum
301 1868 434 1899 quantum
457 1871 472 1890 a
494 1863 610 1891 vocibus
640 1868 762 1891 sanctam
791 1862 961 1897 Scripturam

179 1909 389 1942 concludemus,
402 1913 431 1937 et
456 1909 598 1945 Evangelii
623 1909 765 1937 oraculum
783 1916 844 1936 esse
860 1912 889 1936 et
906 1915 962 1935 non

179 1964 242 1984 esse
258 1956 455 1984 admittemus?
467 1956 527 1984 Non
541 1955 582 1984 sic
595 1955 644 1991 pii,
657 1963 712 1983 non
728 1954 778 1987 sic,
800 1954 849 1982 sed
872 1954 963 1990 reipsa

180 2003 336 2031 differentia
347 2002 514 2030 :estimantes
522 2002 568 2037 qui
580 2010 628 2037 per
637 2008 734 2029 sensus
741 2001 879 2028 exercitos
889 2007 965 2028 com-

180 2047 352 2083 parationem
370 2046 507 2074 bonorum
521 2052 550 2074 et
561 2047 696 2074 malorum
712 2046 854 2080 habemus,
870 2045 964 2073 omnia

180 2093 357 2127 :cstimantes,
372 2093 475 2121 bonum
491 2092 653 2120 retinemus.

219 2179 292 2214 Ergo
325 2179 452 2208 veritatis
484 2180 572 2215 gratia
607 2187 705 2207 omnes
729 2179 776 2214 qui
811 2178 964 2207 secundum

1016 1597 1025 1613 ι
1047 1587 1077 1613 '0
1090 1585 1253 1616 ἀποστείλας
1266 1593 1311 1620 με,
1325 1582 1431 1617 Πατὴρ,
1452 1579 1552 1616 μείζων
1565 1578 1615 1614 μού
1633 1579 1703 1609 ἔστι,
1717 1586 1727 1603 ι
1739 1576 1798 1620 καὶ,

1013 1630 1210 1666 ἀνατρέποντος
1233 1628 1283 1664 τὴν
1296 1625 1397 1662 μονάδα
1404 1624 1451 1652 καὶ
1464 1623 1514 1658 τὴν
1530 1621 1654 1657 ίσοφυταν
1666 1620 1716 1666 τῆς
1735 1619 1797 1666 θεά-

1013 1665 1108 1712 τητος,
1121 1674 1220 1702 οὑτωσὶ
1232 1672 1355 1708 ἀνοήτως
1376 1666 1640 1705 συμπεριφερόμεθα
1653 1665 1714 1712 μὲν
1741 1665 1798 1712 τοῖς

981 1715 984 1718 ’
1014 1710 1136 1754 ἀσεϐέσι,
1170 1719 1269 1756 μᾶλλον
1283 1718 1313 1745 δὲ
1341 1716 1389 1744 καὶ
1414 1711 1683 1750 άντιπεριφερόμεθα
1716 1710 1800 1756 παντὶ

1015 1767 1109 1802 ἀνέμῳ
1116 1755 1352 1800 τῆςνδιδασκαλίας
1366 1761 1433 1798 πρὸς
1446 1760 1495 1796 τὴν
1509 1758 1616 1805 μωρίαν
1626 1756 1675 1791 τῆς
1693 1755 1798 1805 πλάνης

1016 1810 1251 1844 κλυδωνιζόμενοι.
1280 1807 1351 1834 οὕτω
1377 1814 1407 1833 τε
1433 1804 1516 1839 ἑαυτῇ
1545 1802 1708 1837 ἀσύμφωνον
1737 1802 1799 1825 ὅσον

1016 1857 1070 1884 ἀπὸ
1085 1856 1140 1883 τῶν
1157 1843 1253 1890 φωνῶν
1265 1853 1313 1889 τὴν
1323 1852 1405 1886 ἀγίαν
1419 1849 1531 1886 Γραφὴν
1545 1845 1723 1882 λογισόμεθα,
1742 1843 1800 1890 -καὶ

1015 1902 1046 1928 τὸ
1060 1887 1189 1937 κήρυγμα
1211 1898 1257 1925 τοῦ
1271 1887 1438 1931 Εύαγγελίου
1454 1893 1523 1921 εἷναί
1538 1901 1569 1920 τε
1590 1892 1637 1937 καί
1648 1890 1706 1937 οὐκ
1716 1887 1801 1937 *εἶναι

1016 1935 1234 1980 καταδεξάμεθα;
1261 1943 1311 1978 οὐχ
1334 1941 1422 1972 οὕτως
1440 1940 1464 1967 οῑ
1490 1937 1611 1969 εὐσεϐεῖς
1628 1936 1687 1963 ἀλλ’
1714 1935 1800 1967 ὅντως

1016 1992 1209 2027 δοκιμάζοντες
1225 1989 1258 2016 τὰ
1272 1987 1435 2022 διαφέροντα
1456 1985 1481 2011 οἱ
1496 1983 1541 2010 διὰ
1574 1981 1631 2009 τῶν
1659 1988 1802 2027 γεγυμναῗ

1019 2024 1124 2073 σμένων
1133 2033 1316 2070 αἰσθητηρίων
1330 2032 1380 2063 τὰς
1391 2028 1547 2065 συγκρίσεις
1553 2027 1609 2054 τῶν
1620 2025 1709 2073 καλων
1717 2034 1746 2051 τε
1756 2024 1803 2073 καὶ

1017 2070 1110 2111 κακῶν
1139 2081 1306 2116 ποιούμενοι,
1329 2077 1418 2106 πάντα
1440 2073 1642 2111 δοκιμάζοντες,
1667 2071 1697 2099 τὸ
1721 2070 1803 2098 καλὸν

1018 2139 1054 2157 κα
1059 2129 1191 2164 τέχοιμεν.

1054 2163 1158 2203 Ούκοῦν
1172 2171 1325 2209 φιλαλήθως
1339 2170 1443 2201 πάντας
1463 2169 1525 2200 τοὺς
1543 2167 1614 2194 κατά
1624 2173 1684 2192 τινα
1703 2163 1802 2191 σκοπὸν

182 2225 329 2260 quemdam
347 2209 542 2252 haereticorum
567 2225 649 2252 linem
669 2209 765 2252 dicunt
787 2225 862 2260 quod
884 2225 960 2253 unica

1019 2222 1072 2249 τῶν
1089 2219 1236 2256 αίρετικῶν
1244 2218 1371 2252 λέγοντας
1385 2215 1415 2242 τδ
1431 2215 1494 2251 μίαν
1509 2213 1589 2249 φύσιν
1603 2211 1651 2238 τοῦ
1671 2209 1740 2260 Θεοῦ
1746 2209 1802 2260 ~M-

184 2271 221 2299 sit
260 2275 359 2299 natura
395 2271 445 2298 Dei
496 2269 575 2298 Verbi
616 2270 781 2302 incarnata,
823 2270 967 2305 ablegandi

184 2321 266 2350 sunt;
283 2316 330 2344 sed
353 2320 381 2344 et
398 2320 536 2351 quotquot
555 2316 632 2351 juxta
651 2315 792 2342 notionem
821 2314 966 2350 quamdam

185 2363 298 2398 impiam
322 2366 465 2389 autumant
479 2361 667 2396 duplicilatem
689 2364 851 2389 naturarum
866 2360 969 2388 Christi

185 2409 366 2436 adunatarum
377 2407 601 2442 inseparabiliter
611 2414 743 2442 respuere
752 2410 795 2434 est
804 2414 812 2438 ;
823 2405 970 2434 admittere

185 2462 253 2482 vero
269 2462 285 2481 e
306 2458 402 2482 contra
421 2457 477 2481 tum
499 2460 596 2481 omnes
612 2453 660 2487 qui
676 2453 784 2480 unicam
801 2452 898 2479 dicunt
918 2459 968 2479 na-

187 2507 277 2528 turam
291 2501 339 2528 Dei
356 2500 438 2528 Verbi
455 2500 637 2531 incarnatam,
654 2497 733 2533 quasi
748 2499 841 2526 alterae
854 2502 968 2530 naturae,

186 2547 293 2574 scilicet
313 2550 418 2573 naturaa
438 2545 530 2572 carnis
552 2544 658 2571 unitam
684 2549 810 2571 naturam
825 2543 908 2570 Verbi
922 2550 967 2571 se—

184 2593 306 2620 cundum
327 2591 508 2627 hypostasim.
531 2594 589 2617 tum
605 2597 703 2617 omnes
716 2589 763 2624 qui
779 2588 968 2624 duplicitatem

185 2638 355 2667 conﬁtentur
379 2641 537 2664 naturarum
561 2635 665 2662 Christi
686 2634 869 2662 adunatarum
895 2633 970 2660 insc-

187 2685 346 2719 parabilitcr
362 2692 415 2711 non
436 2683 588 2710 secundum
610 2689 702 2709 rerum
727 2681 800 2708 circa
823 2680 970 2707 essentiam

186 2729 424 2756 consideraturum
446 2727 560 2762 aliquid,
576 2726 623 2754 sed
638 2725 790 2754 secundum
802 2726 970 2760 hypostasim

188 2775 274 2809 ipsam
296 2779 468 2806 uaturartnn,
488 2773 514 2800 id
535 2773 616 2800 estin
638 2773 721 2799 unius
735 2779 861 2806 persona:
878 2777 972 2798 osten-

1015 2277 1064 2303 γου
1083 2255 1297 2302 σεσαρκωμένην
1310 2259 1562 2297 ἁποσκορακιστέον
1574 2266 1581 2274 ‘
1598 2257 1667 2303 ἀλλά
1686 2255 1734 2283 καὶ
1744 2255 1802 2303 ὅσοι

1017 2300 1087 2341 κατά
1107 2300 1168 2339 τινα
1181 2311 1283 2338 ἔννοιαν
1295 2307 1414 2342 δυσσεϐῆ
1445 2314 1511 2342 φασι
1536 2303 1619 2331 δυάδα
1634 2300 1804 2336 φύσεωντῶν

1017 2358 1137 2396 Χριστοῦ
1151 2355 1298 2393 ἡνωμὲνων
1311 2352 1482 2389 ἀδιαιρέτως,
1494 2347 1712 2396 καταπτύστέον·
1736 2346 1805 2372 ἀπο-

1018 2392 1125 2433 δεκτέον
1140 2392 1168 2430 at
1177 2402 1257 2430 πάλιν
1274 2400 1378 2431 πάντας
1391 2398 1454 2428 τούς
1465 2406 1494 2424 τε
1507 2395 1571 2432 μίαν
1580 2393 1661 2429 φύσιν
1674 2392 1803 2426 λέγοντας

1018 2450 1066 2478 τοῦ
1099 2448 1166 2476 Θεοῦ
1186 2447 1274 2481 Λόγου
1298 2443 1522 2480 σεσαρκωμένην,
1541 2440 1578 2472 ὡς
1601 2438 1684 2474 ἑτέρᾳ
1712 2436 1804 2471 φύσει,

1019 2498 1103 2532 ἤγουν
1116 2496 1148 2530 τῇ
1163 2494 1212 2528 τῆς
1227 2491 1328 2528 σαρκὸς
1340 2489 1482 2526 ἡνωμένην
1493 2487 1542 2522 τὴν
1558 2485 1638 2520 φύσιν
1656 2483 1704 2532 τοῦ
1716 2482 1804 2532 [ξόγου

1020 2528 1080 2570 καθ’
1097 2528 1255 2571 ὑπδστασιν,
1276 2538 1324 2565 καὶ
1340 2537 1446 2567 πάντας
1466 2534 1494 2560 δὲ
1520 2533 1583 2563 τοὺς
1604 2528 1806 2566 ὁμολογοῦντας

1019 2587 1103 2615 δυάδα
1115 2585 1223 2621 φύσεων
1234 2581 1352 2619 Χριστοῦ
1365 2579 1514 2616 ἡνωμένων
1526 2575 1685 2611 ἀδιαιρέτως
1696 2573 1726 2600 οὑ
1737 2572 1808 2621 κατά

1022 2643 1052 2661 τε
1067 2618 1198 2666 τῶν-περὶ
1209 2630 1259 2665 τὴν
1273 2627 1367 2655 οὐσίαν
1384 2623 1590 2660 θεωρουμένων,
1604 2620 1672 2648 ἀλλά
1681 2618 1808 2666 κατὰ-τῂν

1024 2662 1270 2709 ύττιῖστασιν-αὺτῆν
1295 2671 1348 2698 τῶν
1365 2670 1483 2705 φύσεων,
1512 2666 1652 2694 τουτέστιν
1681 2664 1725 2695 εἰς,
1748 2662 1808 2694 ἑνὸς

1024 2722 1170 2758 προσώπου
1179 2719 1261 2752 δεῖξιν
1272 2717 1319 2745 τοῦ
1330 2717 1439 2752 ἀμφοῖν,
1450 2715 1486 2745 ὡς
1497 2713 1546 2748 τὴν
1556 2711 1639 2746 αὐτὴν
1651 2708 1733 2737 οὖσαν
1743 2709 1809 2735 ὲκαο

1024 2770 1105 2805 τέραν
1118 2766 1264 2801 ὁμολογίαν
1276 2762 1487 2798 ποτνιωμένους.

186 2821 293 2848 sionem
321 2821 474 2852 amborum,
497 2818 576 2854 quasi
600 2817 725 2845 eamdem
736 2817 915 2846 exsistentem
935 2821 1080 2851 utramque
1102 2812 1302 2841 confessionem
1315 2804 1632 2837 reverenlerhabemc"

223 2880 231 2895 '
249 2879 269 2907 ll
284 2878 346 2906 Cor.
363 2885 401 2911 ιιι,
415 2877 440 2904 6.
481 2877 502 2893 ‘°
517 2876 594 2904 Joan.
615 2883 670 2908 xw,
686 2875 730 2903 28.
