1963 3077
159 178 227 211 1813

733 180 881 211 CONTRA
903 180 1201 211 MONOPH‘YSITAS.

1715 176 1781 208 182i

194 235 254 261 Ὀτι
268 235 322 269 γὰρ
338 235 384 261 καὶ
401 235 533 270 Κύριλλος
547 237 561 262 ὁ
576 236 669 272 Πατὴρ
698 237 747 272 τὴν
770 238 855 272 αὐτὴν
877 236 946 264 οἶδεν

1032 237 1101 271 Quia
1116 237 1230 269 enimet
1242 236 1361 271 Cyriilus
1370 236 1449 262 Pater
1461 236 1585 263 eamdem
1600 235 1678 266 novit
1692 236 1782 263 notio-

158 281 263 308 ἔννοιαν
275 278 345 307 εἶναι
357 281 405 315 τῆς
421 281 486 315 μιᾶς
494 281 600 316 φύσεως
609 281 656 308 τοῦ
665 282 731 309 Θεοῦ
745 283 831 316 Λόγου
845 291 928 317 σεσαρ
936 298 944 302 -

159 325 296 361 κωμένης,
331 325 402 352 κατὰ
424 325 473 361 τὴν
491 326 574 353 αὑτοῦ
601 326 705 354 ἔννοιαν
727 327 878 363 λεγομένης
898 328 945 355 καὶ

157 372 212 398 τῶν
229 371 317 407 ὀρθῶς
326 371 459 398 νοοὺντων
471 372 518 398 δύο
536 373 633 407 φύσεις
649 373 768 408 Χριστοῦ
787 373 849 400 καθ’
878 373 940 400 ὺπὸη

159 426 252 444 στασιν
265 418 332 452 μίαν
348 418 501 453 ήνωμένεις,
517 419 586 445 κατὰ
598 419 649 453 τὴν
660 419 773 450 Λέοντός
790 427 820 446 τε
837 419 884 445 τοῦ
900 428 945 446 σο-

158 463 283 497 φωτάτου
304 463 351 489 καὶ
366 463 419 490 τῶν
435 463 520 498 ἁγίων
531 463 659 499 Πατέρων
678 463 732 490 τῶν
743 464 771 490 ἐν
795 465 828 499 τῇ
846 464 944 496 συνόδῳ

155 508 330 543 Χαλκηδόνος
345 507 503 544 ὁμολογίαν,
523 508 668 535 ἀκουστέον
687 507 770 535 αὐτοῦ
785 509 813 534 ὲν
829 509 861 543 τῇ
876 507 945 542 πρὸς

156 554 289 588 Εὐλόγιον
322 553 509 590 πρεσϐύτερον
538 553 667 589 ἐπιστολῇ
704 553 767 580 τάδε
800 553 942 588 λέγοντος·

160 602 295 628 ιΚάκεῖνο
310 601 339 628 δὲ
357 600 394 636 μὴ
407 600 607 635 ἀγνοείτωσαν·
622 599 690 626 ὅπου
709 599 763 635 γὰρ
774 599 871 632 ἓνωσις
887 600 945 626 ὀνο-

159 647 287 682 μάζεται,
308 647 358 681 οὺχ
372 646 430 676 ἑνὸς
445 646 608 680 πράγματος
628 646 792 682 σημαίνεται
826 645 943 678 σύνοδος,

157 692 217 719 ἀλλ’
233 692 250 727 ἢ
266 692 312 719 δύο
333 692 350 727 ἢ
376 693 423 719 καὶ
436 691 568 719 πλειόνων
589 693 637 719 καὶ
662 691 802 728 διαφόρων
818 692 945 727 ἀλλήλοις

157 738 231 765 κατὰ
256 737 304 773 τὴν
337 737 429 772 φύσιν.
448 738 479 764 El
511 736 601 764 τοίνυν
626 737 742 773 λέγομεν
761 737 812 773 τὴν
835 737 944 769 ἕνωσιν,

156 784 344 818 ὁμολογῶμεν
353 784 395 810 ὅτι
416 783 518 818 σαρκὸς
531 783 712 819 ἐψυχωμένης
725 784 827 819 νοερῶς
841 784 887 811 καὶ
902 783 945 810 λό-

158 838 225 863 γον’
247 830 294 855 καὶ.
310 830 336 856 οἱ
352 828 399 855 δύο
411 829 440 855 δὲ
457 828 583 863 λέγοντες
609 829 715 864 φύσεις,
733 828 820 861 οὕτως
837 829 944 856 νοοῦσι’

159 875 230 911 πλὴν
241 875 291 910 τῆς
307 874 430 906 ἑνώσεως
443 874 674 910 ὁμολογουμένης,
687 875 779 902 οὐκέτι
796 875 944 902 διίστανται

996 290 1059 310 nem
1074 290 1136 310 esse
1146 282 1318 309 unicaaillius
1333 285 1439 308 naturae
1455 281 1505 309 Dei
1519 281 1602 309 Verbi
1618 281 1780 314 incarnatm,

995 328 1148 356 secundum
1167 328 1227 362 ejus
1245 328 1386 355 notionem
1402 327 1492 359 dictae.
1515 331 1544 355 et
1564 331 1640 354 recte
1661 327 1784 362 cogitan-

996 375 1065 401 tium
1090 374 1158 401 duas
1184 373 1287 401 Christi
1306 377 1420 400 naturas
1438 373 1593 401 secundum
1613 373 1783 409 hypostasim

995 428 1078 448 unam
1089 419 1234 450 adunatas,
1247 419 1324 454 juxta
1336 418 1436 445 Leonis
1453 418 1652 453 sapientissimi
1668 423 1697 446 et
1719 426 1784 446 san-

995 470 1102 493 ctorum
1112 466 1224 492 Patrum
1232 464 1329 500 synodi
1336 463 1572 491 Chalcedonensis
1579 465 1783 492 confessionem

995 511 1092 539 audire
1109 515 1152 538 est
1167 511 1256 545 ipsum
1281 510 1308 537 in
1324 509 1444 544 epismla
1461 510 1495 537 ad
1509 510 1655 546 Eulogium
1671 511 1785 547 presby-

996 563 1085 585 terum
1099 557 1162 584 talia
1173 556 1312 584 dicentem
1326 565 1332 582 :
1354 565 1362 581 ι
1382 555 1417 582 Et
1430 555 1500 583 illud
1515 563 1549 583 ne
1564 556 1693 591 ignorent
1713 565 1720 583 :
1737 557 1797 584 ubi-

995 603 1070 631 enim
1089 603 1248 630 nominatur
1262 602 1407 634 adunatio,
1427 609 1482 628 non
1495 601 1579 628 unius
1592 601 1695 637 negotii
1712 602 1785 629 indi-

995 653 1076 676 catur
1096 647 1300 680 convenientia,
1323 647 1370 675 sed
1393 651 1441 674 aut
1462 647 1580 674 duorum
1596 652 1645 674 aut
1662 647 1783 682 plurium

995 699 1023 722 et
1034 695 1068 722 ab
1078 695 1196 722 invicem
1211 698 1310 721 natura
1325 693 1554 728 discrepantium.
1569 693 1598 720 Si
1622 693 1706 728 igitur
1737 693 1785 720 ad-

998 741 1158 768 unationem
1174 741 1302 773 dicimus,
1319 740 1484 768 conﬁtemur
1497 740 1569 775 quod
1585 739 1678 767 carnis
1698 739 1783 774 spiri-

996 787 1109 814 tualiter
1131 787 1258 814 animata:
1271 791 1300 814 et
1312 786 1395 814 Verbi
1413 795 1420 813 :
1436 790 1465 813 et
1479 786 1548 813 duas
1560 786 1609 821 qui
1624 785 1722 813 dicunt
1736 793 1786 812 na-

996 837 1075 860 turas
1092 833 1132 860 sic
1147 832 1285 868 cogitant;
1301 836 1400 866 praeter
1410 829 1607 859 adunationem
1619 839 1702 866 quam
1718 838 1785 858 con~

997 879 1123 911 ﬁtentur,
1136 886 1192 906 non
1204 878 1323 913 amplius
1334 877 1496 904 dividuntur
1507 877 1541 905 ab
1554 877 1672 918 invicem
1681 877 1785 904 aduna-

159 920 283 956 ἀλλήλων
297 921 330 947 τὰ.
342 919 486 953 ἑνωθέντα,
505 920 563 946 ἀλλ’
575 917 616 952 εἷς
629 920 721 947 λοιπὸν
736 920 812 952 Υίὺς,
827 921 877 955 μία
895 921 944 955 φύ-

1002 929 1033 958 La,
1046 925 1094 952 sed
1113 929 1200 952 restat
1220 932 1292 952 unus
1307 923 1403 955 Filius,
1420 930 1475 950 una
1499 927 1598 951 natura
1621 924 1681 958 ejus
1702 924 1784 958 quasi

161 976 202 998 cn;
220 966 305 994 αὖτοῦ
318 966 356 998 ὡς
369 965 556 1001 σαρκωθέντος
569 965 615 992 τοῦ
625 966 711 1001 Λόγου
723 974 729 981 ·
743 966 829 993 ταῦτα
838 966 945 1001 ὡμολό-

161 1021 249 1049 γησαν
262 1013 286 1039 οἱ
298 1012 347 1047 τῆς
359 1011 516 1046 Ἀνατολῆς.
531 1020 540 1037 ι

195 1059 257 1086 Ἐτι
273 1058 327 1094 μὴν
340 1058 388 1085 καὶ
405 1058 434 1084 ὲν
450 1059 481 1093 τῇ
502 1057 619 1094 δευτέρᾳ
637 1058 705 1094 πρὸς
721 1057 871 1086 Σούκενσον
885 1059 947 1086 ὲπι-

161 1104 241 1140 στολῇ
255 1103 340 1135 οὕτως
359 1103 437 1138 φησὶ,
453 1103 708 1138 ἀποσκευαζόμενος
737 1104 801 1135 τοὺς
828 1105 888 1130 κατ’
904 1104 947 1130 εν-

159 1159 235 1177 νοιαν
245 1150 385 1185 μειώσεως
400 1149 417 1183 ἦ
432 1149 559 1185 φύρσεως
571 1148 625 1176 τῶν
641 1149 823 1176 συνελθόντων
834 1149 946 1176 διαϐάλ-

160 1196 255 1227 λοντας
271 1196 351 1222 αὐτὸν
367 1195 459 1230 λέγειν
470 1195 519 1230 τὴν
540 1195 604 1230 μίαν
630 1194 721 1229 φύσιν.
740 1204 749 1221 ι
772 1195 802 1222 Ei
818 1195 870 1230 μὲν
893 1195 947 1231 γὰρ

160 1242 283 1273 εἰπόντες
292 1242 373 1277 φύσιν
389 1241 436 1268 τοῦ
449 1241 534 1276 Λόγοι)
547 1242 744 1276 σεσιγήκαμεν,
763 1241 813 1268 οὐκ
828 1242 946 1276 ἐπενέγ-

160 1297 257 1320 καντες
272 1289 301 1314 τὸ
312 1287 561 1322 σεσαρωμὲνιην,
577 1286 634 1313 ἀλλ’
649 1283 704 1313 οἷον
713 1286 812 1320 ἔξωθεν
827 1287 947 1319 τιθέντες

159 1335 211 1369 τὴν
222 1333 388 1369 οίκονομίαν,
398 1331 432 1369 ἧν
446 1333 538 1365 αὐτοῖς
549 1333 620 1367 τάχα
630 1340 682 1359 που
696 1332 742 1359 καὶ
752 1332 802 1358 οὐκ
813 1332 947 1364 ἀπίθανος

159 1382 174 1407 ὁ
189 1380 276 1414 λόγος,
292 1378 538 1415 προσποιουμένοις
560 1378 665 1413 ἐρωτᾷν
683 1376 734 1404 ποῦ
749 1377 778 1405 τὸ
790 1377 893 1404 τέλειον
919 1378 947 1404 ὲν

159 1425 368 1460 ἀνθρωπότητι;
388 1424 447 1456 πῶς
463 1423 617 1458 ὑφέστηκεν
637 1424 654 1458 ὴ
673 1423 735 1450 καθ’
759 1424 834 1459 ἡμᾶς
848 1423 947 1456 obuia;

158 1471 255 1506 ἐπειδὴ
279 1471 308 1497 δὲ
325 1471 373 1498 καὶ
398 1471 427 1497 ὲν
441 1469 632 1506 ἀνθρωπότητι
663 1469 813 1505 τελειότης,
841 1470 888 1497 καὶ
897 1470 948 1506 τῆς

158 1516 224 1543 καθ’
237 1516 310 1551 ἡμᾶς
324 1515 417 1547 οὐσίας
434 1515 450 1550 ἡ
473 1515 588 1551 δήλωσις
616 1516 822 1551 είσκεκόμισται
840 1515 884 1543 διὰ
898 1515 947 1542 τοῦ

157 1562 251 1596 λέγειν
264 1561 506 1595 σεσαρκωμένην,
519 1560 732 1594 παυσάσθωσαν,
741 1570 750 1587 ι
765 1560 813 1588 καὶ
827 1560 861 1587 τὰ
872 1559 947 1596 ἑξῆς.

160 1609 198 1636 Τί
209 1608 333 1643 οὖνπρδς
347 1609 380 1643 τῇ
399 1608 447 1643 μιᾷ
459 1607 539 1641 φύσει
555 1606 602 1634 τοῦ
613 1607 699 1642 Λόγου
709 1608 757 1635 καὶ
772 1607 949 1643 ἀνθρωπίνην

158 1653 268 1681 τελείαν
281 1653 376 1680 οὐσίαν
408 1652 571 1688 είσκομίζων
586 1653 629 1680 διὰ
642 1652 689 1680 τοῦ
703 1653 948 1688 σεσαρκωμένην,

158 1702 193 1727 οὐ
207 1699 253 1726 δύο
266 1697 335 1726 εἶναι
351 1698 490 1734 λογίσεται
503 1699 552 1731 τὰς
565 1699 671 1733 φύσεις,
687 1699 796 1726 ἀκούων
816 1699 883 1733 μίαν
901 1699 951 1734 φύ-

161 1755 208 1774 σιν
226 1745 273 1772 τοῦ
288 1745 357 1772 Θεοῦ
374 1745 459 1778 Λόγου
477 1745 707 1781 σεσαρκωμένην;
731 1745 800 1780 Φησὶ
816 1745 869 1781 γὰρ
904 1745 952 1772 καὶ

161 1792 236 1828 μετὰ
247 1791 368 1827 βραχέα·
387 1800 396 1817 ι
417 1791 451 1817 Τί
474 1792 528 1827 γάρ
545 1792 619 1818 ἐστιν
633 1791 842 1827 ἁνθρωπότητος
858 1791 949 1826 φύσις,

160 1838 234 1872 πλὴν
251 1836 292 1864 ὅτι
307 1837 376 1873 σὰρξ
386 1836 549 1873 ὲψυχωμένη
569 1837 689 1873 νοερῶς;
704 1846 714 1863 ι

198 1883 252 1909 Τοῦ
270 1883 377 1918 Harpe;
403 1881 452 1909 οὖν
482 1882 577 1918 σαφῶς
604 1883 671 1918 ἡμῖν
684 1881 891 1918 μαρτυροῦντος
900 1882 951 1918 τὴν

159 1929 232 1964 πρὸς
245 1929 328 1956 αὐτὸν
338 1929 386 1956 καὶ
404 1929 452 1965 τὴν
463 1929 592 1964 ἀλήθειαν
609 1928 780 1964 συμφωνίαν,
805 1929 861 1956 τῶν
885 1937 950 1964 νοη-

162 1976 261 2010 μάτων
285 1975 339 2010 ἄρα
354 1975 392 2010 μὴ
404 1975 525 2007 εὐσεϐῶς
543 1974 615 2010 ἔχειν
634 1973 806 2010 δηλουμένων
818 1976 880 2007 ταῖς
892 1983 952 2010 φω-

160 2022 223 2052 ναῖς
234 2022 317 2056 ἡμεῖς
330 2021 360 2047 οὐ
377 2020 582 2056 προσχείμεϐα·
602 2021 656 2047 οὐδ’
668 2020 704 2047 αὖ
731 2021 811 2048 πάλιν
832 2021 952 2053 εὐσεϐῶς

161 2067 281 2101 ἑλόντων
297 2067 346 2099 τὰς
360 2067 452 2101 φωνὰς
467 2067 697 2102 ἀποστρεφόμεθα
716 2075 723 2083 ¹
737 2067 800 2094 οὔτε
813 2067 868 2102 γὰρ
884 2067 952 2094 ἐνω-

162 2111 233 2146 σιςῆ
253 2112 335 2146 μονὰς
354 2110 446 2142 ἁπλῶς
460 2110 585 2138 ὁπωσοῦν
601 2111 818 2147 συμφραζομένη
831 2111 887 2138 τισὶ
902 2111 952 2143 τὰς

162 2155 262 2190 φύσεις
285 2156 376 2183 αὐτῶν
397 2157 513 2192 ἀναιρεῖ,
541 2157 567 2183 εί
597 2157 635 2192 μὴ
667 2158 708 2189 είς
734 2156 842 2191 φύσεως
865 2157 953 2192 αὐτῆς

164 2201 270 2237 μονάδα
280 2202 357 2237 ἦκειν
380 2202 491 2230 νοοῦντα
508 2203 561 2229 ι’δια
583 2203 633 2238 τῆς
651 2202 722 2230 κατὰ
737 2203 873 2238 σύγχυσιν
887 2202 952 2230 ἑνώ-

164 2256 236 2279 σεως
245 2256 252 2262 ·
266 2248 351 2284 ἑτέρα
363 2247 417 2283 γὰρ
427 2248 524 2280 ἓνωσις
539 2248 618 2275 τοῦτο
632 2249 663 2275 οὐ
678 2251 766 2276 ποιεῖ’
777 2249 841 2276 οὐδὲ
853 2250 870 2285 ἡ
885 2248 952 2280 δυὰς
964 2260 990 2289 D

164 2293 274 2325 πάντως
287 2293 510 2329 κατηγορηθεῖσά
523 2303 608 2328 τινος,
620 2295 667 2321 καὶ
683 2295 723 2327 είς
733 2295 866 2331 πρόσωπα
884 2295 953 2322 διαι-

165 2340 209 2375 ρεῖ
222 2339 310 2372 τοῦτο,
324 2340 349 2366 εἰ
366 2340 403 2375 μὴ
428 2340 469 2371 είς
488 2340 668 2375 προσωπικὴν
690 2340 817 2367 δίπλασιν
845 2340 888 2376 εῐη
908 2339 953 2376 λη-

165 2385 280 2420 φθεῖσα·
295 2385 336 2417 τίς
351 2385 406 2420 γὰρ
416 2385 448 2412 ἂν
463 2385 534 2412 εῐποι
546 2385 611 2413 διότι
622 2386 719 2418 ἓνωσίς
730 2395 770 2418 τις
779 2385 891 2421 λέγεται
905 2387 953 2414 καὶ

167 2431 252 2466 μονὰς
266 2432 283 2466 ἡ
297 2430 344 2457 τοῦ
356 2430 417 2457 ὅλου
438 2430 592 2465 Ῥωμαῖκοῦ
607 2432 687 2467 τυχδν
708 2432 837 2468 στρατοῦ,
853 2432 900 2459 καὶ
924 2432 954 2460 ἓν

165 2477 213 2503 ἐπὶ
229 2477 338 2503 πάντων
352 2476 406 2503 τῶν
423 2477 452 2503 ὲν
464 2476 550 2512 ταύτῃ
567 2476 848 2512 περιλαμϐανομένων
863 2479 954 2506 κεῖται

164 2524 250 2557 ενομα
264 2522 319 2549 τῶν
332 2521 484 2558 ἀνθρώπων
496 2523 543 2550 καὶ
555 2523 675 2558 ἡμιόνων
691 2523 739 2549 καὶ
752 2523 884 2559 καμήλων
900 2524 954 2551 τῶν

165 2570 196 2596 ὲν
209 2568 296 2604 αὐτῷ,
314 2568 359 2596 διὰ
373 2569 433 2595 τόδε
448 2569 494 2596 καὶ
516 2569 565 2604 μία
581 2570 661 2604 φύσις
674 2570 749 2596 ἐστὶν
763 2570 777 2595 ὁ
793 2570 846 2601 πᾶς
872 2579 955 2605 στρα-

163 2615 210 2646 τός
224 2623 232 2647 ;
245 2615 304 2642 ἀλλ’
318 2615 400 2651 αὕτη,
419 2615 511 2650 φησὶν,
527 2615 578 2642 οὐκ
592 2615 649 2642 ἐστι
662 2616 723 2642 καθ’
738 2616 889 2642 ὑπόστασιν
903 2616 955 2650 φύ-

169 2670 238 2688 σεων
256 2661 363 2692 ἓνωσις.

202 2706 337 2734 Σκεπτὲον
353 2704 410 2739 ὧν,
421 2706 435 2733 ὃ
450 2706 529 2741 ἔφην,
541 2707 577 2738 ὡς
590 2708 639 2734 οὐκ
657 2706 731 2733 ἔστιν
747 2707 845 2733 ἕνωσιν
862 2706 955 2738 ἁπλῶς

167 2753 253 2778 ποιεῖν
273 2752 338 2787 μίαν
350 2752 431 2787 φύσιν
442 2761 448 2766 ε
463 2753 521 2779 ἀλλ’
535 2752 595 2778 οὐδὲ
608 2753 632 2779 εἰ
646 2753 708 2779 καθ’
722 2753 872 2779 ὑπόστασιν
887 2753 955 2779 ἕνω-

169 2807 211 2829 σις
223 2798 265 2832 εἴη
292 2799 372 2834 μόνον
401 2799 547 2833 λεγομένη,
576 2799 677 2832 μονάδα
702 2800 811 2834 ποιήσει
836 2798 954 2833 φύσεως,

168 2844 226 2870 ἀλλ’
240 2844 255 2878 ἥ
271 2845 354 2880 μόνης
368 2845 544 2876 ὑποστάσεως
555 2853 561 2859 ·
578 2844 639 2871 οὔτε
656 2844 709 2880 γὰρ
723 2845 820 2880 βύϐλος
838 2845 853 2879 ἢ
873 2845 956 2878 σπόγ-

171 2899 216 2924 γος
230 2890 305 2918 ὖδατι
315 2891 447 2927 ἐμϐαφεὶς
461 2893 506 2918 καὶ
519 2882 721 2927 ἀνιξιησάμενος
733 2891 784 2928 ὃὶιι)
798 2891 885 2926 ἑαυτῷ
898 2891 956 2917 ελον

997 970 1132 998 incarnati
1143 970 1225 999 Verbi
1236 979 1244 1004 ;
1254 970 1313 997 haec
1325 969 1445 997 confessi
1461 969 1581 1004 suntqui
1592 969 1626 996 ab
1635 969 1759 997 Oriente.
1774 979 1782 995 ι

1033 1058 1132 1086 Adhuc
1145 1063 1174 1086 et
1191 1058 1218 1086 in
1239 1058 1360 1086 secunda
1373 1058 1407 1086 ad
1425 1057 1578 1086 Sucensum
1601 1058 1790 1093 epistola,sic

997 1104 1065 1132 dicit
1077 1105 1200 1132 refutans
1214 1105 1277 1133 illos
1285 1104 1333 1140 qui
1343 1105 1420 1140 juxta
1436 1104 1639 1132 imminutionis
1651 1111 1706 1133 aut-
1717 1105 1786 1133 mis-
1799 1123 1802 1127 -

998 1150 1083 1177 tionis
1107 1150 1333 1178 convenientium
1366 1150 1508 1178 notionem
1528 1152 1662 1178 'asscrunt
1691 1151 1805 1186 ipsum‘

997 1200 1125 1223 naturam
1140 1196 1250 1223 unicam
1264 1196 1360 1223 dicere
1376 1205 1382 1222 :
1400 1205 1409 1222 ι
1422 1195 1532 1223 Etenim
1545 1196 1568 1223 si
1580 1201 1708 1223 naturam
1723 1197 1786 1231 qui-

997 1241 1061 1269 dem
1079 1240 1163 1269 Verbi
1177 1242 1305 1269 dicentes
1323 1241 1466 1274 siluimus,
1479 1249 1536 1269 non
1546 1241 1680 1270 adversus
1695 1243 1802 1271 incana

997 1292 1091 1315 natam
1105 1291 1228 1322 agentes,
1241 1287 1289 1314 sed
1311 1291 1447 1322 tanquam.-
1469 1287 1509 1315 εἰ)
1529 1291 1606 1315 extra
1623 1291 1782 1316 statuentes

998 1333 1179 1362 ceconomiam
1200 1332 1412 1365 incarnationis,
1424 1337 1485 1360 erat
1500 1333 1567 1368 ipsis
1582 1333 1639 1360 cito
1660 1341 1713 1361 nec
1731 1342 1787 1362 non

997 1378 1158 1406 verisimilis
1177 1385 1281 1410 sermo,
1298 1377 1494 1405 affectantibus
1507 1377 1650 1413 inquirere
1663 1378 1709 1406 ubi
1723 1387 1787 1414 per-

998 1424 1101 1452 fectum
1126 1424 1154 1451 in
1175 1423 1364 1452 humanitate?
1388 1423 1440 1452 Ubi
1453 1424 1576 1452 substitit
1600 1424 1718 1452 essentia
1742 1433 1788 1453 se-

999 1470 1120 1498 cundum
1148 1470 1217 1497 nos?
1236 1469 1306 1497 Cum
1321 1476 1388 1496 vero
1406 1469 1434 1496 in
1451 1469 1626 1498 humanitate
1638 1471 1794 1505 perfectio,

999 1520 1027 1543 et
1048 1516 1176 1544 essentia;
1200 1520 1286 1551 prout
1301 1515 1336 1556 _in
1359 1515 1439 1542 nobis
1467 1515 1652 1544 manifestatio
1673 1516 1788 1545 affertur

1001 1562 1119 1591 dicendo
1133 1563 1315 1595 incantatam,
1337 1561 1569 1596 sileant:etqute
1593 1568 1757 1597 sequuntur.
1775 1574 1785 1590 ι

1001 1608 1072 1642 Quid
1089 1616 1155 1644 ergo
1169 1608 1258 1636 unica:
1272 1607 1354 1636 Verbi
1367 1612 1472 1636 naturae
1483 1612 1510 1635 et
1524 1608 1673 1637 humanam
1699 1609 1788 1644 perfe-

1000 1658 1072 1683 ctam
1088 1654 1236 1682 essentiam
1254 1653 1372 1682 aﬂ'erens
1389 1662 1439 1689 per
1451 1654 1632 1687 incarnatam,
1645 1661 1702 1682 non
1718 1654 1788 1682 duas

1001 1708 1062 1728 esse
1073 1699 1314 1735 argumentabitur
1322 1703 1436 1726 naturas
1447 1699 1563 1727 audiens
1571 1707 1652 1727 unam
1661 1703 1788 1727 naturam
1811 1706 1814 1707 '

1000 1746 1049 1774 Dei
1062 1746 1145 1774 Verbi
1165 1745 1354 1773 incarnatam?
1374 1745 1446 1772 Dicit
1463 1745 1538 1772 enim
1556 1749 1585 1773 et
1608 1745 1689 1779 paulo
1701 1748 1763 1780 post
1781 1754 1788 1771 :

1006 1801 1014 1817 ι
1032 1791 1104 1825 Quid
1118 1790 1193 1818 enim
1213 1795 1256 1818 est
1273 1790 1453 1817 humanitatis
1476 1793 1584 1822 natura,
1606 1796 1791 1825 praeterquam

1001 1844 1065 1864 caro
1076 1836 1197 1863 animata
1215 1834 1420 1870 spiritualiter?
1436 1843 1445 1860 ι

1036 1882 1119 1909 Patre
1147 1888 1215 1916 ergo
1242 1880 1315 1908 clare
1331 1879 1413 1906 nobis
1437 1879 1624 1907 testimonium
1650 1879 1733 1907 dante
1755 1880 1790 1907 de

1002 1926 1194 1955 convenientia
1207 1926 1279 1954 inter
1291 1925 1380 1960 ipsum
1391 1929 1419 1953 et
1428 1925 1582 1958 veritatem,
1591 1925 1789 1961 cogitationum

1001 1979 1056 1999 non
1067 1971 1113 2006 pie
1123 1978 1184 1999 esse
1201 1970 1396 2005 apparentium
1411 1969 1527 1997 vocibus
1537 1977 1587 1997 nos
1602 1970 1721 1997 animum
1733 1978 1790 1997 non

1002 2017 1186 2050 intendimus;
1217 2024 1269 2044 nec
1293 2023 1404 2051 quoque
1424 2016 1469 2051 pie
1483 2023 1512 2043 se
1530 2016 1693 2043 habentium
1708 2024 1790 2044 voces

1001 2070 1171 2091 aversamur.
1188 2062 1245 2090 Nec
1259 2061 1333 2089 enim
1347 2061 1479 2089 adunatio
1501 2066 1549 2088 aut
1564 2069 1660 2089 mouas
1682 2062 1790 2097 simpli-

1002 2110 1073 2138 citer
1102 2108 1228 2144 quolibet
1262 2107 1345 2135 modo
1373 2107 1446 2135 dicta
1475 2107 1641 2142 quibusdam
1675 2112 1795 2135 naturas

1002 2156 1127 2191 ipsorum
1147 2154 1249 2188 aufert,
1271 2154 1325 2181 nisi
1352 2153 1381 2181 in
1398 2158 1505 2182 naturae
1531 2154 1619 2189 ipsius
1644 2154 1790 2181 monadem

1001 2202 1097 2229 venire
1122 2201 1291 2237 cogitantem
1313 2200 1426 2235 propria
1444 2199 1622 2228 adunationis
1637 2200 1790 2228 secundum

1003 2247 1165 2281 inisturam;
1184 2247 1271 2274 altera
1284 2247 1359 2274 enim
1376 2246 1508 2273 adunatio
1524 2246 1552 2273 id
1566 2254 1621 2273 non
1645 2246 1726 2279 facit;
1740 2255 1792 2274 nec

1004 2294 1153 2329 duplicitas
1167 2294 1278 2328 penitus
1292 2293 1471 2328 pronuntiata
1481 2292 1515 2320 de
1527 2293 1630 2327 aliquo,
1643 2297 1671 2320 et
1686 2293 1714 2320 in
1730 2301 1792 2328 per-

1004 2347 1087 2367 sonas
1110 2338 1210 2366 dividit
1231 2338 1312 2371 illud,
1331 2338 1389 2366 nisi.
1413 2338 1442 2365 in
1467 2338 1631 2373 duplicitate
1654 2339 1792 2373 personali

1005 2385 1042 2413 sit
1053 2385 1203 2413 intellecta.
1231 2384 1301 2417 Quis
1314 2384 1388 2412 enim
1403 2384 1511 2411 diceret
1525 2392 1559 2411 eo
1571 2380 1644 2419 quod
1660 2384 1792 2412 adunatio

1005 2430 1132 2466 quaedam
1170 2430 1279 2458 dicatur
1294 2434 1325 2458 et
1352 2438 1459 2463 monas,
1486 2430 1634 2457 universus
1662 2437 1794 2458 romanus

1005 2477 1155 2509 exercitus,
1175 2481 1204 2504 et
1221 2484 1307 2505 unum
1332 2476 1366 2504 de
1384 2476 1516 2503 omnibus
1532 2476 1559 2503 in
1585 2476 1645 2512 ipso
1666 2484 1790 2511 compre‘

1006 2522 1100 2550 hensis
1119 2526 1173 2550 stet
1193 2530 1294 2549 nomen
1321 2522 1464 2549 hominum
1494 2526 1522 2549 et
1549 2522 1737 2557 jumentorum
1765 2526 1794 2548 ct

1006 2568 1173 2595 camelorum
1189 2575 1249 2602 quae
1268 2567 1295 2594 in
1312 2567 1382 2602 ipso,
1398 2567 1476 2602 quod
1508 2572 1654 2602 propterea
1680 2571 1710 2594 et
1738 2575 1792 2594 una

1006 2618 1104 2641 natura
1122 2613 1158 2641 sit
1173 2613 1262 2640 omnis
1280 2613 1441 2640 exercitus?
1460 2613 1514 2640 Sed
1530 2613 1599 2648 ipsa,
1622 2613 1722 2647 inquit,
1737 2620 1793 2643 non

1006 2665 1047 2688 est
1069 2660 1220 2688 secundum
1246 2661 1413 2696 hypostasim
1434 2664 1596 2687 naturarum
1614 2659 1756 2687 adunatio.

1041 2706 1278 2734 Considerandum
1291 2714 1366 2741 ergo,
1374 2706 1446 2741 quod
1462 2705 1598 2738 dicebam,
1608 2705 1680 2740 quod
1691 2713 1745 2733 non
1758 2706 1793 2733 lis

1007 2757 1051 2779 cet
1063 2752 1260 2780 adunationem
1272 2753 1434 2787 simpliciter
1444 2751 1534 2779 facere
1551 2760 1631 2778 unam
1646 2756 1794 2785 naturam;

1008 2798 1056 2825 sed
1071 2806 1123 2825 nec
1137 2798 1160 2826 si
1176 2797 1330 2825 secundum
1342 2797 1514 2833 hypostasim
1527 2797 1656 2825 adunatio
1673 2797 1709 2824 sit
1732 2793 1793 2825 tau-

1010 2850 1067 2871 lum
1083 2844 1169 2876 dicta,
1190 2844 1335 2871 monadem
1350 2844 1432 2873 faciet
1451 2848 1567 2876 naturaz,
1579 2843 1627 2872 sed
1644 2843 1729 2871 solius
1747 2844 1796 2879 hy—

1009 2895 1168 2926 postascos;
1182 2899 1236 2918 non
1248 2890 1321 2917 enim
1339 2898 1458 2926 papyrus
1471 2891 1512 2918 vel
1523 2891 1635 2926 spongia
1653 2891 1681 2917 iu
1696 2897 1796 2925 nquam
