1963 3077
125 1266 136 1291 ξ

123 1297 135 1327 ἲ

162 139 231 174 18ἱό

800 146 953 176 LEONTII
970 146 1172 177 BYZANTINI

1721 144 1790 177 1816

161 199 291 228 immersa
311 203 339 227 et
363 199 485 228 totalitcr
506 203 639 233 extracta,
652 200 679 227 iu
705 205 832 228 naturam
858 201 950 230 veniet

1004 202 1072 236 τόδε,
1100 202 1140 235 είς
1161 201 1243 237 φύσιν
1265 203 1328 238 ἣκει
1353 202 1418 237 μίαν
1442 203 1491 229 σὺν
1505 201 1543 238 τῷ
1570 202 1656 233 ὕδατι,
1675 201 1733 229 ἀλλ’
1748 203 1789 236 είς

162 253 244 273 unam
265 253 327 274 cum
339 254 420 282 aqua,
434 247 482 275 sed
498 248 525 275 in
547 247 721 276 existentiam
732 256 833 282 unam;
850 257 947 284 quem—

160 291 309 320 admodum
340 300 407 328 ergo
431 297 459 320 et
488 293 591 321 ferrum
620 298 648 321 et
671 294 742 330 ignis
762 294 791 322 in
817 295 948 322 incande-

160 338 272 366 seentia-
284 338 477 369 existentiam;
492 343 520 366 et
540 339 646 374 lapides
662 344 690 367 et
701 340 772 375 ligna
797 341 825 369 in
850 340 948 368 domus

160 383 273 418 quidem
305 383 482 412 existentiam
514 385 628 413 alteram
659 390 808 420 venerunt,
835 391 948 414 naturas

160 436 227 456 vero
245 428 367 462 easdem,
381 428 429 457 sed
443 429 578 458 adunatas
589 430 622 457 ad
637 430 766 463 invicem,
781 431 949 459 convenien-

162 478 204 502 tes
223 473 251 501 in
274 473 356 510 hujus
381 475 612 509 compositionem
635 480 663 503 et
685 475 895 503 fabricationem
919 476 946 503 in

161 527 258 552 unum,
275 520 382 547 scilicet
392 520 581 547 exsistentiam
594 521 702 553 domus,
716 521 829 548 habent.
843 521 870 548 Si
881 529 948 556 ergo

159 569 189 592 ct
203 565 230 592 in
249 569 376 592 naturam
393 573 474 592 unam
491 566 564 593 sicut
579 574 653 594 nunc
662 571 690 594 et
706 566 734 594 in
745 566 946 600 exsisteutiam,

161 611 239 638 fieret
253 611 384 639 adunatio
396 612 627 647 quemadmodum
644 612 674 639 iit
689 612 724 640 dc
744 613 865 648 κλαῠρας
887 612 949 649 χίας

159 656 234 684 etde
252 657 357 685 mollita
383 657 562 693 (μαλθακτοῦ)
580 665 644 685 cera
660 658 688 685 in
707 659 856 687 masticlies
871 667 948 687 com-

159 703 326 738 positionem
354 703 484 732 adunatis
511 703 634 735 realiter.
661 708 690 732 et
713 709 839 732 naturam
865 712 948 732 unam

160 748 253 777 dicere
275 757 388 777 necesse
403 754 445 776 est
459 757 492 777 ex
516 749 694 777 adunatione.
710 749 948 778 Considerandum

158 801 225 822 vero
236 795 309 830 quod
324 803 376 823 nec
390 795 523 823 mastiche
537 803 589 823 nec
605 803 666 823 sera
683 796 711 823 in
728 796 849 831 propriis
867 802 949 825 natu-

160 840 265 868 ralibus
277 840 494 876 specialitatibus
504 845 572 869 tunc
586 847 614 869 et
631 842 831 878 compositione
852 847 881 871 et
899 851 948 872 co-

1000 248 1150 275 ὐπόστασιν
1180 249 1244 284 μίαν
1257 257 1263 263 ·
1293 248 1388 284 ὥσπερ
1408 248 1456 275 οὖν
1472 248 1519 275 καὶ
1546 247 1656 284 σίδηρος
1672 248 1788 283 καὶπῦρ

1000 295 1040 327 είς
1061 294 1161 330 μύδρου
1178 295 1343 322 ὑπόστασιν·
1360 295 1406 322 καὶ
1417 293 1486 321 λίθοι
1511 294 1566 329 γὰρ
1585 294 1633 321 καὶ
1657 293 1724 326 ξύλα
1748 295 1788 326 εἰς

999 339 1074 366 οίκου
1090 340 1139 375 μὲν
1152 340 1302 367 ὑπόστασιν
1315 340 1414 375 ἑτέραν
1427 338 1511 376 ἧκαν,
1528 339 1624 374 φύσεις
1638 339 1667 365 δὲ
1681 340 1729 371 τὰς
1741 339 1789 366 αὑ-

998 385 1058 417 τὰς,
1085 383 1141 411 ἀλλ’
1156 385 1302 420 ὴνωμένας
1321 384 1462 421 ἀλλήλαις,
1482 384 1532 416 τὰς
1549 384 1730 416 συνελθούσας
1748 385 1788 416 εἰς

999 429 1048 466 τὴν
1068 430 1146 457 τοῦδε
1164 431 1305 463 σύστασιν,
1323 432 1371 458 καὶ
1387 431 1436 467 τὴν
1459 431 1503 465 ὑφ’
1531 431 1560 457 ἓν
1576 432 1682 462 στάσιν,
1699 431 1788 457 είτουν

1000 475 1150 503 ὕπόστασιν
1169 476 1217 503 τοῦ
1233 476 1309 503 οἴκου
1326 477 1450 512 ἔχουσιν·
1467 477 1491 503 εί
1511 476 1603 512 μέντοι
1620 476 1669 503 καὶ
1683 477 1723 507 εἰς
1739 475 1789 509 φύ-

1000 530 1043 548 σιν
1055 521 1130 556 μίαν,
1147 522 1242 558 ὥσπερ
1259 521 1305 549 οὖν
1321 522 1369 549 καὶ
1381 522 1543 554 ὑπόστασιν,
1560 521 1668 555 γένοιτο
1679 521 1788 553 ἕνωσις,

999 563 1056 593 οἷον
1067 567 1174 601 γίνεται
1187 568 1234 594 ἐπὶ
1249 569 1299 603 τῆς
1317 568 1439 604 κλαύρας
1453 568 1526 603 χίας,
1548 567 1597 594 καὶ
1623 566 1670 593 τοῦ
1687 566 1789 601 μαλθα-

1000 611 1064 638 κτοῦ
1078 611 1165 648 κηροῦ
1179 613 1220 645 είς
1234 614 1443 649 μαστιχὴματος
1472 612 1604 640 σύστασιν
1635 613 1789 647 ὲνουμένων

999 657 1092 689 ὅντως.
1108 659 1156 685 καὶ¹
1172 658 1254 694 φύσιν
1273 659 1340 694 μίαν
1361 659 1469 693 ἀνάγκη
1498 659 1589 693 λέγειν
1607 659 1654 685 ἐπὶ
1672 658 1706 692 τῇ
1724 656 1791 684 ἑνώ-

1000 713 1055 732 σει.
1069 705 1206 733 Σκεπτὲον
1220 706 1248 733 δὲ
1260 706 1298 738 ὡς
1313 705 1375 733 οὕτε
1423 705 1542 741 μαστίχη
1555 704 1618 731 οὕτε
1628 705 1642 731 ό
1654 704 1741 739 κηρὸς
1759 704 1789 730 ιν

999 752 1060 782 ταῖς
1071 751 1187 784 οἰκείαις
1203 753 1332 787 φυσικαῖς
1357 752 1470 787 ἰδιότησι
1486 752 1545 778 τότε
1571 751 1619 778 καὶ
1642 750 1791 777 συστάσεσι

1000 797 1050 824 καὶ
1057 799 1163 833 χροιαῖς
1171 799 1218 825 καὶ
1225 798 1333 830 λοιπαῖς
1343 798 1468 833 ποιότησι
1476 797 1564 833 πάντη
1572 796 1685 832 μένουσι
1697 795 1791 823 λοιπὸν

1000 844 1073 871 κατὰ
1091 845 1172 880 τήνδε
1186 844 1236 880 τὴν
1246 845 1353 877 ἕνωσιν,
1369 843 1431 871 οὔτε
1451 844 1510 870 ἔστι
1527 843 1634 879 θατέρῳ
1642 842 1696 869 τῶν
1712 841 1790 869 ἰδίων

159 886 266 913 toribus
278 890 307 914 et
323 887 439 921 reliquis
458 887 639 922 qualitatibus
660 877 774 923 penitus
790 894 945 918 remanent.

1004 891 1094 926 μερῶν
1105 877 1234 927 ὁμοιότης
1258 892 1286 918 ὲν
1303 890 1342 926 τῷ
1361 891 1549 925 μαστιχήματι
1563 877 1705 924 σωζομένη
1721 888 1790 924 πρὸς

160 936 254 966 postea
270 932 423 959 secundum
434 932 508 960 illam
522 933 717 961 adunationem
742 941 793 962 nec
808 939 850 962 est
862 935 948 962 alter-

161 978 216 1005 utri
243 979 418 1014 pr0priarum
436 979 556 1014 partium
577 980 730 1008 similitudo
752 981 780 1007 in
800 981 951 1009 masticlies’

159 1024 361 1058 compositione
382 1028 491 1052 servata
513 1024 546 1052 ad
567 1032 599 1052 ea
623 1033 684 1060 qua:
709 1025 831 1061 ejusdem
854 1026 947 1054 forma:

1000 937 1036 964 τὰ
1043 937 1152 973 ὁμοειδῆ
1162 946 1170 955 ·
1178 937 1241 964 οὒτε
1252 938 1306 972 γὰρ
1314 937 1387 972 χίας,
1399 936 1461 964 οὐδε
1471 935 1557 971 κηροῦ
1568 935 1693 970 τιόμοιον
1701 933 1789 968 πάντη

1000 983 1056 1019 ἔχει
1070 984 1101 1011 τὺ
1111 984 1238 1012 σύνθετον
1255 983 1414 1019 μαστίχημα
1426 990 1434 999 ·
1454 982 1537 1009 οὐδὲό
1553 981 1685 1017 ἠλεκτρος
1699 980 1789 1013 πάντη

1000 1029 1102 1064 χρυσοῦ
1121 1028 1192 1062 εἶδος
1205 1031 1254 1057 καὶ
1262 1029 1384 1065 ἀργύρου
1400 1028 1491 1060 σώζεισ

159 1073 235 1096 sunt.
249 1069 304 1097 Nec
314 1070 389 1097 enim
402 1070 464 1105 χίας
478 1077 531 1098 nec
556 1078 627 1098 cer-:e
643 1071 733 1099 simile
749 1071 816 1103 quid
833 1080 948 1107 prorsus
968 1076 1070 1103 retinet
1098 1076 1285 1111 compositum
1316 1074 1476 1106 mastiches,
1492 1081 1544 1101 nec
1558 1073 1693 1101 electrum
1710 1077 1792 1106 pror-

159 1125 208 1145 sus
227 1118 405 1145 auriformam
420 1122 448 1145 et
462 1119 568 1154 argenti
582 1123 684 1146 servat.

195 1163 230 1190 Et
248 1163 271 1191 si
289 1163 330 1190 sic
347 1163 441 1192 dicere
460 1163 494 1192 de
509 1163 621 1192 Christo
640 1165 722 1193 decet
741 1165 948 1201 adunationem,

159 1208 239 1237 vobis
257 1209 470 1244 relinquendum
483 1214 515 1238 ut
531 1209 664 1246 iudicetis
683 1211 757 1246 quod
785 1219 837 1240 nec
859 1212 949 1248 reipsa

159 1255 306 1286 Deus,nec
322 1256 405 1284 homo
420 1257 466 1284 sit.
498 1256 527 1284 Si
551 1264 620 1284 vero
645 1259 738 1292 ipsum
762 1257 875 1292 quidem
892 1265 948 1286 non

159 1301 252 1329 dicitis
263 1301 314 1333 sic,
333 1302 479 1337 quemdam
493 1310 560 1330 vero
574 1303 647 1331 inter
657 1303 761 1331 eiectos
771 1303 867 1331 Patres
877 1304 949 1331 hanc

160 1347 189 1374 in
205 1351 332 1374 naturam
346 1347 544 1375 adunatiouem
559 1348 713 1376 ostendatis
727 1348 878 1381 dicentem,
891 1356 951 1377 ces-

160 1391 285 1420 sabimus
308 1400 323 1419 a
346 1392 538 1420 controversia
564 1393 726 1427 vobiscum;
749 1394 772 1421 si
793 1401 860 1422 vero
882 1393 950 1422 illud

160 1437 339 1465 adunationis
351 1437 379 1465 in
396 1442 524 1466 naturam
548 1438 647 1474 dogma
662 1439 827 1467 dilaniatum
853 1444 882 1467 et
903 1447 952 1467 ex-

161 1491 278 1518 pansum
296 1483 449 1511 secundum
469 1485 623 1516 notionem.
638 1485 720 1519 quale
734 1490 787 1518 est,
803 1492 855 1512 nec
871 1485 951 1513 vobis

1039 1168 1094 1196 Καὶ
1105 1168 1129 1195 εί
1141 1167 1227 1200 οὕτως
1237 1167 1327 1202 λέγειν
1340 1167 1387 1194 ἐπὶ
1395 1165 1515 1202 Χριστοῦ
1533 1164 1644 1199 εῦλογον
1659 1164 1710 1197 τὴν
1720 1165 1790 1192 ἐνω-

1004 1222 1057 1246 σιν,
1073 1214 1138 1249 ὑμῖν
1165 1213 1395 1247 ὲγκαταλειπτὲον
1420 1213 1523 1247 κρῖναι,
1549 1211 1588 1243 ὡς
1609 1211 1677 1246 μήτε
1704 1211 1790 1244 ὅντως

1001 1260 1067 1287 Θεὸν
1084 1261 1152 1296 μήτε
1168 1259 1312 1295 ἄνθρωπον
1325 1256 1407 1285 εἶναι·
1427 1260 1451 1285 ιί
1466 1258 1494 1284 δὲ
1510 1257 1592 1285 αὑτὸν
1612 1257 1660 1292 μιν
1675 1256 1705 1283 οῦ
1721 1265 1789 1292 φατι

1001 1306 1073 1338 τόδε,
1087 1305 1150 1333 τινὰ
1165 1305 1195 1333 δὲ
1219 1305 1275 1333 τῶν
1293 1304 1431 1339 ἐκκρίτων
1449 1304 1581 1339 Πατέρων
1606 1303 1710 1338 ταύτην
1739 1302 1790 1339 τὴν

1002 1351 1044 1383 εις
1063 1351 1144 1386 φύσιν
1159 1351 1257 1378 ἕνωσιν
1273 1350 1387 1384 δείξοιτσ
1401 1350 1526 1384 λέγοντα,
1548 1348 1712 1384 παυσόμεθα
1739 1349 1790 1383 τῆς

1002 1397 1072 1433 πρὸς
1094 1397 1168 1433 ὑμᾶς
1198 1396 1445 1432 ἀμφισϐητήσεωςο
1463 1397 1488 1422 εί
1508 1395 1536 1422 δὲ
1562 1395 1622 1421 τόδε
1639 1395 1670 1421 τὸ
1687 1394 1736 1429 τῆς
1748 1395 1789 1426 είς

1004 1442 1086 1477 φύσιν
1098 1442 1221 1474 ἐνώσεως
1234 1441 1323 1476 δόγμα
1351 1441 1556 1476 διαεαινόμενον
1576 1440 1647 1467 κατὰ
1675 1439 1725 1474 τὴν
1744 1439 1789 1466 ἐν·

1002 1495 1088 1519 νοιαν,
1103 1483 1160 1514 οἷόν
1175 1487 1207 1514 τά
1228 1487 1297 1519 ἐστι,
1322 1486 1392 1521 μήτε
1407 1485 1473 1520 ὑμῖν
1496 1484 1621 1516 δεκτέον,
1645 1484 1713 1519 μήτε
1735 1485 1788 1511 τινὶ

162 1529 375 1562 admittendum,
389 1530 582 1572 nectcuiquam
604 1531 740 1559 divinitus
752 1531 949 1567 inspiratomm

1004 1534 1056 1562 τῶν
1073 1533 1211 1570 θεοφόρων
1227 1533 1333 1564 λεκτὸν,
1349 1532 1407 1563 πῶς
1419 1532 1492 1558 δσιον
1503 1529 1590 1562 οὕτως
1600 1529 1645 1557 διὰ
1660 1529 1710 1566 τὴν
1719 1530 1788 1557 ἑνω-

163 1574 323 1608 dicendum,
360 1576 501 1610 quomodo
534 1577 640 1612 justum
682 1577 722 1604 sic
756 1584 806 1613 per
845 1577 951 1605 aduna<

165 1621 267 1649 tionem
279 1620 445 1658 simpliciter
471 1627 519 1650 aut
531 1623 613 1651 etiam
626 1623 828 1655 exsistentiam,
840 1623 952 1651 unicam

163 1672 290 1695 naturam
306 1675 356 1696 vos
372 1669 544 1703 praetexere?
559 1669 620 1697 Non
647 1673 803 1698 metuentes
821 1670 866 1705 pie
879 1670 953 1698 sicut

164 1713 328 1741 divisionem
339 1715 564 1742 convenientium
578 1715 615 1742 ita
626 1720 655 1743 et
664 1723 759 1742 earum
770 1716 951 1743 mutationem

163 1764 192 1786 et
211 1760 402 1789 confusionem
421 1768 472 1796 per
493 1760 699 1796 imprudentem
720 1769 818 1789 vocem
828 1762 951 1790 subscri—

165 1804 231 1832 bere
240 1805 252 1832 ἳ

204 1851 313 1878 Etenim
326 1855 355 1880 et
369 1851 436 1880 illud
450 1860 506 1880 non
521 1860 572 1880 vos
593 1856 749 1888 praetereat,
769 1852 843 1888 quod
860 1852 953 1880 accin-

164 1897 217 1924 ctis
229 1896 263 1924 ad
274 1896 409 1924 naturalia
419 1905 492 1933 stepe
504 1898 562 1925 visa
572 1905 616 1925 εει
625 1901 654 1925 et
668 1897 861 1925 distinctarum
876 1897 951 1924 exsi-

165 1943 331 1970 stentiarum
351 1943 449 1971 eﬂ‘ecta
464 1942 631 1978 quibusdam
644 1942 778 1970 naturalis
799 1941 950 1970 adunatio:

164 1991 244 2016 aceto
257 1989 401 2024 supposito
416 1994 477 2025 post
491 1997 605 2024 parvum
628 1988 806 2016 intervallum
836 1995 873 2015 tes
887 1995 952 2022 sup-

163 2035 285 2070 positum
298 2035 389 2070 ipsum
404 2036 516 2072 quidem
538 2036 641 2064 acescit
654 2039 736 2071 gustu
762 2034 950 2070 rubiginosus,

163 2085 193 2108 et
213 2081 326 2109 videtur
349 2081 554 2117 quodammodo
578 2082 605 2110 in
632 2081 832 2116 compositione
859 2079 954 2107 made-

163 2126 267 2155 factum
289 2132 318 2155 et
341 2127 481 2162 effusum;
508 2133 618 2156 acetum
640 2135 708 2155 vero
730 2126 905 2155 convolvitur
922 2126 950 2153 in

164 2173 379 2201 crassitudinem
391 2174 588 2202 condensatam
598 2174 625 2201 in
635 2172 865 2208 coagulationem,
877 2179 952 2199 ama-

1004 1589 1047 1609 σιν
1060 1580 1185 1616 ἁπλῶςῆ
1202 1579 1250 1606 καὶ
1276 1578 1326 1614 τὴν
1346 1577 1506 1610 ὑπόστασιν,
1536 1576 1587 1612 τὴν
1615 1575 1681 1612 μίαν
1707 1575 1790 1611 φύσιν

1004 1627 1077 1662 ὑμᾶς
1107 1623 1342 1661 προφασίζεσθαι;
1378 1623 1415 1658 μὴ
1448 1621 1640 1658 ὀρρωδοῦντας
1669 1621 1790 1653 ιδσεῦῶς

1002 1672 1097 1708 ὥσπερ
1107 1672 1156 1706 τὴν
1170 1671 1302 1706 διαίρεσιν
1313 1669 1368 1696 τῶν
1378 1669 1571 1699 συνελθόντων,
1583 1668 1669 1700 οὕτως
1681 1669 1728 1696 καὶ
1741 1668 1792 1704 τὴν

1002 1717 1107 1754 τροπὴν
1124 1716 1215 1744 αὐτῶν
1227 1715 1275 1743 καὶ
1291 1714 1432 1751 σύγχυσιν,
1457 1713 1503 1741 διὰ
1520 1713 1572 1749 τῆς
1585 1713 1791 1750 ἀπερισκέπτου

1003 1763 1096 1798 φωνῆς
1104 1761 1291 1797 ὑπογράφεινς

1039 1850 1095 1877 Καὶ
1110 1849 1164 1886 γὰρ
1176 1850 1286 1877 κάκεῖνο
1300 1849 1338 1886 μὴ
1353 1849 1485 1885 ἀγνοείτω
1502 1849 1585 1886 ὑμᾶς,
1600 1849 1638 1882 ὥς
1654 1850 1711 1881 τοῖς
1727 1849 1791 1885 περὶ

1004 1895 1109 1931 φυσικὰ
1119 1896 1357 1932 γεγυμνασμένοις
1377 1895 1456 1932 ὤφθη
1484 1895 1616 1927 πολλάκις
1628 1895 1676 1922 καὶ
1699 1895 1791 1922 διακε-

1003 1943 1143 1978 κριμένων
1167 1942 1222 1971 τῶν
1247 1943 1425 1971 ὑποστάσεων
1451 1943 1584 1979 γενομένη
1607 1942 1663 1969 τισὶ
1687 1942 1791 1980 φυσικὴ

1003 1987 1117 2020 Ξνωσις·
1137 1987 1176 2023 τῷ
1190 1987 1246 2024 γὰρ
1257 1987 1313 2021 δξει
1329 1987 1504 2024 ὑποκειμένῳ
1518 1988 1547 2020 ἐξ
1573 1987 1666 2022 ὀλίγου
1679 1987 1790 2024 διαστή-

1005 2041 1090 2068 ματος
1109 2033 1288 2068 ὑποκείμενος
1310 2033 1419 2070 χαλκὸς,
1434 2033 1516 2065 αὐτὸς
1541 2034 1590 2068 μὲν
1613 2032 1738 2065 ὀξύνεται
1759 2041 1791 2059 τε

1003 2077 1053 2113 τὴν
1066 2077 1160 2112 γεῦσιν
1177 2077 1311 2113 ίοὺμενος,
1325 2078 1372 2105 καὶ
1384 2077 1526 2110 ὀπτίζεταί
1543 2085 1602 2109 πως
1621 2076 1672 2112 τὴν
1690 2076 1792 2103 σύστα-

1006 2131 1048 2150 σιν
1061 2123 1265 2159 ὲκδιαινόμενος
1279 2123 1327 2151 καὶ
1339 2123 1539 2158 ἀναχεόμενος·
1557 2122 1589 2149 τὺ
1606 2122 1635 2149 δι
1658 2121 1719 2153 δξος
1743 2129 1792 2148 συ-

1006 2168 1154 2205 στρέφεται
1166 2177 1197 2196 τε
1216 2170 1258 2201 είς
1271 2169 1416 2205 παχύτητα
1430 2167 1606 2204 γλοιούμενον
1617 2167 1669 2203 τὴν
1690 2166 1793 2194 σύστα-

164 2219 252 2246 rescit
276 2224 370 2252 qustu,
385 2223 413 2247 et
428 2220 522 2254 aliquo
537 2220 618 2247 modo
639 2221 733 2248 colore
755 2220 903 2248 erubescit.
917 2220 950 2248 Et

1006 2222 1058 2249 σιν,
1082 2214 1258 2252 πικραίνεται
1273 2223 1304 2242 τε
1328 2214 1378 2251 τὴν
1389 2214 1496 2250 γεῦσιν,
1521 2213 1570 2241 καὶ
1583 2212 1720 2249 ἐρυθαίνει
1734 2221 1793 2245 πως

163 2264 330 2299 simpliciter
351 2265 506 2293 miscentur
520 2265 611 2300 quoad
634 2266 775 2294 naturales
793 2267 950 2299 qualitates,

162 2315 192 2337 et
208 2310 363 2345 separantia
380 2315 408 2338 et
426 2315 551 2346 separata
579 2311 670 2346 quoad
703 2311 874 2348 hypostases.
891 2312 952 2340 Non

163 2364 230 2392 ergo
240 2357 373 2392 adunatio
384 2356 412 2384 in
424 2361 553 2385 naturam
566 2357 757 2391 indivisibilis,
768 2358 952 2386 adunatorum

164 2402 248 2430 ﬁdem
263 2402 338 2436 facit,
354 2403 404 2431 sed
423 2407 528 2431 tantum
538 2403 715 2431 .mutationis
730 2404 839 2432 illorum
854 2412 954 2432 secun-

163 2447 230 2475 dum
246 2447 394 2476 essentiam
421 2448 448 2476 in
473 2449 659 2477 ostensionem
683 2449 803 2477 sumitur
824 2453 852 2477 et
878 2450 953 2478 clare

163 2494 316 2531 cogitatur;
333 2494 402 2522 illud
417 2495 492 2523 enim
507 2495 620 2531 proprie
632 2495 733 2524 exinde
747 2495 882 2531 sequitur.

200 2586 254 2615 Sed
267 2586 307 2614 sic
322 2585 434 2622 quidem
451 2585 508 2619 illa,
534 2588 566 2614 ut
579 2592 614 2614 ex
629 2584 799 2613 abundantia
822 2584 952 2612 ostenda-

165 2641 228 2660 mus
251 2640 312 2664 vos,
336 2631 403 2667 quid
419 2638 472 2658 nec
482 2631 554 2658 hanc
571 2630 720 2658 absurdam
747 2629 891 2657 audaciam
910 2629 952 2656 di-

165 2678 266 2706 ctionis
276 2678 352 2713 juxta
368 2677 513 2713 proprium
531 2676 672 2712 ingenium
692 2676 844 2708 habetis,ut
866 2676 953 2703 nostri

164 2724 313 2760 propiores
325 2724 475 2757 accedatis,
488 2728 596 2752 tantum
617 2731 686 2751 vero
700 2731 749 2758 per
771 2722 953 2759 sympathiam

165 2770 313 2806 quamdam
326 2776 354 2798 et
368 2771 574 2806 imprudentem
599 2777 704 2798 morem
733 2774 762 2797 et
783 2770 953 2804 inexpertam

164 2816 422 2852 praesumptionem,
439 2817 486 2845 illa
512 2825 527 2845 a
542 2816 682 2852 primitiva
705 2821 733 2843 et
762 2823 826 2843 vera
853 2815 955 2850 pietate

168 2863 363 2896 abalienantia,
393 2868 420 2891 et
443 2863 633 2891 hzcresiarchar
656 2862 719 2890 farti
745 2861 921 2898 sejungimini
940 2871 954 2888 ιι

1003 2261 1034 2289 τδ
1058 2260 1171 2297 χρῶμα·
1187 2261 1236 2288 καὶ
1258 2260 1353 2294 ἁπλῶς
1369 2260 1574 2297 ἁντικίρνανται
1600 2259 1650 2291 τὰς
1673 2258 1791 2293 φυσικὰς

1003 2306 1160 2342 ποιότητας,
1177 2307 1224 2334 καὶ
1237 2306 1368 2334 διεστῶτα
1376 2315 1406 2333 τε
1421 2305 1469 2333 καὶ
1479 2305 1646 2341 διωρισμένα
1663 2303 1713 2336 τὰς
1726 2303 1793 2331 ὕπο·

1004 2353 1130 2386 στάσεις·
1147 2353 1198 2381 οὐκ
1211 2354 1265 2388 ἄρα
1280 2351 1326 2381 οὖν
1343 2354 1360 2388 ὴ
1377 2354 1417 2385 είς
1430 2352 1512 2388 φύσιν
1525 2352 1622 2383 ἓνωσις
1638 2350 1688 2378 τοῦ
1706 2350 1793 2378 ἀδιαι-

1004 2399 1094 2435 ρέτου,
1115 2399 1169 2427 τῶν
1191 2399 1346 2427 ἑνωθέντων
1368 2399 1512 2432 πίστωσις,
1536 2397 1605 2425 ἀλλὰ
1636 2397 1718 2433 μόνον
1742 2397 1791 2433 τῆς

1003 2446 1066 2474 κατ’
1075 2447 1170 2474 οὐσίαν
1183 2445 1353 2478 ἀλλοιώσεως
1373 2445 1464 2473 αὐτῶν
1494 2446 1535 2477 είς
1550 2444 1635 2478 δεῖξιν
1656 2444 1792 2482 λαμϐάνε-

1003 2501 1049 2520 ται
1072 2494 1120 2521 καὶ
1150 2494 1251 2520 νοεῖται
1277 2492 1387 2527 σαφῶς·
1413 2492 1496 2520 τοῦτο
1515 2491 1571 2528 γὰρ
1597 2491 1671 2526 ίδίως
1696 2492 1793 2518 luctat

1003 2539 1077 2566 τίδε.

1047 2584 1116 2611 Ἀλλ’
1137 2583 1224 2614 οὕτως
1242 2583 1292 2619 μὲν
1314 2583 1389 2616 τάδε,
1407 2583 1452 2612 ἵνα
1478 2585 1511 2611 ἐκ
1530 2583 1692 2620 περιουσίας
1719 2583 1792 2618 ὑμᾶς

1004 2630 1147 2666 δείξωμεν,
1170 2630 1208 2662 ὡς
1219 2630 1280 2657 οὐδὲ
1302 2630 1382 2663 τήνδε
1396 2631 1447 2665 τὴν
1469 2630 1566 2665 ἄλογον
1592 2629 1718 2665 ἀφορμὴν.
1744 2629 1794 2664 τῆς

1004 2677 1177 2710 ταυτολεξίας
1200 2676 1276 2712 ἔχετε
1293 2677 1333 2708 είς
1347 2676 1397 2710 τὴν
1409 2676 1524 2708 διένεξιν
1543 2676 1593 2711 τὴν
1613 2675 1682 2710 πρὸς
1707 2676 1794 2711 ἡμᾶς,

1008 2724 1087 2758 μόνον
1097 2723 1126 2750 δὲ
1139 2722 1183 2750 διά
1197 2731 1258 2749 τινα
1273 2722 1464 2758 προσπάθειαν
1485 2722 1533 2749 καὶ
1562 2721 1706 2754 ἀλόγιστον
1731 2728 1795 2746 συν-

1005 2770 1100 2805 ήθειαν
1113 2769 1161 2795 καὶ
1173 2768 1352 2795 ἀϐασάνιστον
1369 2768 1504 2804 πρόληψιν
1521 2767 1586 2803 περὶ
1602 2766 1650 2793 τοῦ
1675 2766 1796 2801 ἀρχῆθεν

1006 2816 1054 2850 τῆς
1063 2814 1181 2850 ἀληθοῦς
1192 2813 1334 2846 εὐσεϐείας
1353 2813 1568 2850 ἀποδεδρακότα,
1584 2815 1632 2840 καὶ
1657 2814 1794 2848 αἱρεσιαρ-

1008 2862 1141 2896 χῆπαντες
1157 2860 1235 2895 ὑμεῖς
1251 2859 1412 2894 ἀφορίζωοε
1440 2859 1530 2895 ἡμῶν,
1547 2860 1563 2895 ἢ
1593 2859 1642 2894 τὴν
1662 2859 1762 2894 βίϐλον,
1779 2858 1795 2892 ἢ
