1963 3077
167 149 236 184 1817

746 159 892 191 CONTRA
913 161 1211 195 MONOPHYSITAS.

1720 169 1787 203 1818

163 207 368 264 τρὺςιγραιτρέας
381 210 562 264 χορηγοῦντες
577 212 656 248 ὑμεῖς
668 214 893 253 μὴιᾶποκάμητε·
906 228 937 246 κο

1005 221 1097 254 nobis,
1110 227 1158 249 aut
1184 223 1297 250 bibliam
1320 228 1367 251 aut
1395 226 1545 261 scriptores
1565 227 1708 264 dirigenda
1737 238 1787 259 vos

162 253 213 280 οὐκ
228 253 398 288 ἑκλείψωμεν
409 256 472 290 ὑμῖν
483 257 527 284 διὰ
541 257 598 292 βίου
613 261 713 292 παντὸς
724 261 864 298 Πατρικὰς
876 265 947 300 χρή-

163 306 226 344 est;
235 299 444 332 κατεπᾴδοντες,
463 301 507 328 ἵνα
519 303 567 330 τοῦ
581 304 648 339 πρὸς
664 307 738 342 ἡμᾶς
758 299 947 344 ἀγριαίνεσθαι

162 343 408 378 ὗποθωπεύσαντες
432 349 661 385 καταπαύσωμεν.

199 387 266 414 Eia!
277 389 324 415 καὶ
338 390 416 417 τοῦτο
426 391 491 427 ὑμῖν
506 394 643 428 φορτικὸν,
674 396 735 423 ὅσον
752 397 784 424 ἐκ
801 399 946 436 προχείρου

160 432 256 479 ἀρκεῖν
268 435 315 460 καὶ
327 436 367 465 εἰς
385 436 542 473 σύμμετρον
556 438 667 474 ἔλεγχον
684 432 944 479 ἀποχρώντως-εχει,

159 478 229 525 τέως
258 481 450 517 παραθήσομεν
480 484 554 518 ὑμῖν,
582 487 612 512 οὐ
632 487 712 522 μόνον
742 489 796 515 τῶν
812 478 946 525 ἐκκρίτων

159 523 241 558 ήμῶν
255 525 385 560 Πατέρων
398 529 561 565 μαρτυρίαις
574 530 762 564 δυσωποῦντες
781 523 881 561 εἰδέναι
896 535 944 570 φύ-

160 577 219 600 σεις
243 570 288 597 ἐπὶ
303 571 349 598 τοῦ
376 573 480 608 Κυρίου
505 576 662 611 σωζομένας
688 579 757 613 μετὰ
771 580 821 614 τὴν
836 580 943 614 ἕνωσιν,

158 615 228 642 ἀλλὰ
252 617 299 642 καὶ
331 617 385 644 τῶν
401 619 542 655 ὑμετέρων
573 622 771 658 καθηγεμόνων
798 625 944 660 ὁμολογίας

158 660 223 695 περὶ
240 661 337 689 τούτου
348 664 530 699 προάγοντες·
541 667 566 693 ει
581 667 620 699 δὲ,
637 667 675 699 ὡς
692 668 752 700 ἔθος
764 670 828 704 ὑμῖν
844 671 945 698 πολλά-

157 713 211 751 οιις,
234 707 440 740 γελωτοποιείτε
467 711 515 738 καὶ
543 713 611 748 πρὸς
624 715 710 741 ταῦτα
735 716 944 751 ἐφευρίσκοντες

156 750 258 785 λέγειν,
272 752 310 784 ὼς
322 753 430 789 ἀληθῶς
446 756 541 790 φύσεις
563 759 612 792 μὲν
628 759 763 794 εἴρηνται,
782 750 840 787 ἀλλ’
854 762 884 789 οὐ
897 762 944 790 δύο

158 797 229 831 μετὰ
242 798 291 832 τὴν
305 798 401 826 ἕνωσιν
416 801 463 827 ἐπὶ
477 802 524 828 τοῦ
540 804 655 839 Κυρίου,
670 805 734 840 ὑμῖν
747 807 943 843 ἐγκαταλείψο-

158 851 209 877 μεν
220 843 251 870 τὸ
260 843 354 872 λοιπὸν
364 845 500 874 διδάσκειν
512 849 584 883 ἡμᾶς
599 849 665 882 ὅσας
680 851 739 878 δέον
751 853 831 880 τάσδε
858 855 940 888 νοεῖν,

1001 274 1056 293 non
1072 267 1208 295 insudatis
1231 276 1306 301 ;nee
1322 269 1401 296 vobis
1420 270 1606 305 relinquamus
1630 280 1680 308 per
1701 278 1785 301 totam

1000 313 1086 340 vitam
1099 313 1211 340 Patrum
1218 322 1361 342 sermones
1375 316 1588 350 permulcentes,
1603 322 1631 345 et
1643 318 1786 347 blandien-

999 362 1042 386 tes
1063 359 1097 386 ab
1119 360 1304 387 exulcerando
1322 361 1349 389 in
1371 370 1432 394 nos,
1455 362 1483 390 in
1503 371 1571 398 pace
1596 365 1783 399 quiescamus.

1035 405 1064 433 Si
1082 413 1148 433 vero
1164 407 1246 434 etiam
1263 406 1328 434 illud
1341 408 1419 435 vobis
1436 408 1634 443 importunum,
1651 415 1784 445 quantum

998 450 1116 478 faciliter
1131 451 1196 478 satis
1209 459 1269 479 esse
1283 458 1311 479 et
1323 452 1351 479 in
1365 452 1491 480 idoneam
1507 455 1697 488 probationem
1709 457 1784 484 sulli-

998 495 1074 523 ciens
1089 501 1141 528 est,
1159 497 1248 531 primo
1260 497 1409 525 oﬂ‘eremus
1422 499 1500 526 vobis
1512 507 1567 527 non
1582 501 1669 528 solum
1681 502 1784 530 electo-

999 549 1060 568 rum
1075 542 1185 569 Patrum
1201 547 1358 570 nostrorum
1375 544 1540 571 testimoniis
1555 553 1618 572 cum
1632 545 1782 575 diflidentia

997 585 1131 614 habentes
1147 592 1259 614 naturas
1272 588 1344 615 circa
1364 588 1510 616 Dominum
1526 590 1597 617 scire
1617 591 1782 620 salviﬁcatas

997 634 1060 665 post
1075 630 1280 664 adunationem,
1299 633 1347 660 sed
1371 637 1398 660 et
1424 638 1578 662 vestrorum
1597 635 1697 663 ducum
1713 645 1779 665 con-

996 674 1130 703 fessiones
1148 675 1182 703 de
1209 677 1262 704 hoc
1280 677 1466 712 proferemus.
1485 678 1513 706 Si
1529 687 1604 712 vero,
1617 681 1688 708 sicut
1701 682 1782 711 vobis

996 725 1067 753 saepe
1082 727 1141 747 mos
1165 724 1219 753 est,
1243 721 1368 753 rideatis,
1392 726 1420 749 et
1454 723 1489 750 ad
1519 723 1573 752 hoc
1593 725 1781 760 excogitantes

996 763 1088 792 dicere
1111 765 1185 799 quod
1212 774 1277 793 vere
1301 770 1407 794 naturae
1431 767 1541 803 quidem
1566 769 1706 802 dicentur,
1731 771 1780 798 sed

995 817 1051 836 non
1073 809 1128 837 duo
1149 815 1210 845 post
1236 811 1430 839 adunationem
1451 812 1485 839 de
1504 812 1624 846 Christo,
1640 814 1720 842 vobis
1734 822 1780 842 re-

996 856 1118 883 manebit
1135 859 1165 883 ut
1191 856 1329 891 reliquum
1351 857 1474 885 doceatis
1495 866 1555 890 nos,
1579 864 1647 893 quot
1671 864 1782 894 oportet

156 888 236 924 εἴπερ
250 890 304 925 ἄρα.
316 891 366 926 τὴν
386 892 467 926 φύσιν
482 895 580 921 ταυτδν
595 895 653 923 tot:
668 894 737 924 εἶναι
758 899 869 931 καὶτὰς
892 900 937 934 φύ-

995 901 1045 929 has
1066 902 1195 937 cogitare,
1213 902 1237 930 si
1252 909 1318 937 ergo
1332 908 1459 930 naturam
1477 903 1567 938 ipsum
1590 904 1666 932 scitis
1679 913 1739 933 esse
1752 910 1781 932 et

157 942 225 967 σεις,
240 936 311 963 κατά
324 946 354 971 γε
373 939 404 965 τδ
418 940 501 966 ποσὸν
515 940 650 976 νοούμενα
660 950 666 957 ·
686 943 811 980 οὐδὲγὰρ
835 946 942 981 τοιῆσδε

155 981 276 1015 ἀμαθίας
304 983 475 1018 κατάγνωσιν
500 986 616 1022 φέρετε,
644 989 682 1024 μὴ
706 989 890 1026 διακρίνοντες
911 992 943 1019 τὸ

155 1026 246 1073 ἑνικὸν
256 1028 309 1054 ἀπὸ
321 1029 368 1055 τοῦ
383 1029 577 1065 πληθυντικοῦ,
593 1032 623 1065 ἐξ
636 1034 760 1070 ἀνάγκης
771 1035 787 1071 ἢ
806 1036 939 1073 πλείουςῆ

154 1071 202 1098 δύο
216 1073 278 1107 τόγε
291 1074 430 1110 ἐλάχιστον
444 1075 544 1103 δώσετε
559 1075 629 1105 εἶναι
641 1079 722 1107 τάσδε
742 1080 781 1116 τῷ
805 1082 880 1117 ποσῷ
892 1071 941 1115 τὰς

153 1117 265 1151 ἐνούσας
279 1120 399 1156 Χριστῷ,
413 1121 461 1149 καὶ
476 1122 559 1155 οὔσας
572 1124 700 1160 Χριστδν,
718 1126 766 1153 καὶ
779 1128 807 1154 ὲν
825 1125 869 1160 αἷς
882 1129 940 1156 ἐστι

153 1162 271 1197 Χριστός
281 1172 288 1179 ·
303 1166 335 1191 ὲκ
350 1165 396 1192 δύο
410 1167 463 1202 γὰρ
479 1168 525 1194 καὶ
538 1168 618 1203 μόνον
631 1170 775 1204 ἀτρέπτων
784 1173 830 1199 καὶ
841 1172 941 1208 ἀμειώ-

152 1217 208 1236 των
240 1210 323 1246 καὶὴ
352 1211 448 1245 ἓνωσις
462 1214 581 1249 Χριστοῦ
609 1216 775 1254 ὡμολόγητο
799 1219 847 1246 καὶ
873 1220 939 1255 ὑμῖν

153 1256 201 1282 καὶ
212 1256 292 1291 ἡμῖν·
313 1257 383 1293 πλὴν
397 1259 443 1285 καὶ
457 1259 503 1286 δύο
519 1261 610 1295 ῥητῶς
633 1262 763 1297 λέγοντας
788 1264 938 1300 δείξωμεν*

152 1301 184 1327 οὗ
202 1302 282 1336 μόνον
306 1303 334 1329 δὲ
362 1303 451 1336 τοῦτο,
477 1305 544 1333 ἀλλὰ
571 1307 619 1334 καὶ
644 1309 694 1344 τὴν
724 1309 937 1347 ἀντιλεγομένην

153 1346 219 1381 ἡμῖν
235 1347 299 1382 μίαν
315 1348 406 1382 φύσιν,
421 1350 455 1385 ἥν
470 1360 552 1385 φασιν
567 1352 631 1385 οἶδε,
644 1354 786 1389 προδήλως
808 1346 938 1384 ἀποδοκι-

154 1392 300 1427 μάζοντας,
318 1394 362 1421 ῐνα
381 1396 461 1431 μηδὲν
472 1397 537 1432 ἡμῖν
550 1399 589 1430 είς
607 1399 756 1433 παντελοῦς
780 1402 938 1438 ἀνατροπῆς

152 1438 248 1472 χρείαν
261 1439 439 1475 ὑπολείπηται
454 1442 523 1477 πρὸς
542 1444 642 1477 αὐτούς
652 1453 660 1460 ·
676 1446 786 1482 πρῶτον
814 1447 863 1483 μὲν
891 1447 937 1476 οὖν

152 1484 215 1515 τοὺς
229 1485 310 1511 οἱονεὶ
320 1485 526 1521 ὑπογραφικοὺς
541 1489 671 1524 ὁρισμοὺς
682 1491 800 1526 Χριστοῦ
816 1492 868 1520 ὑπὸ
883 1493 937 1520 τῶν

153 1530 282 1566 Πατέρων
317 1531 479 1568 εἰρημένους
510 1534 674 1562 ἀκουστέον·
704 1538 771 1572 φασὶ
805 1539 858 1576 γὰρ
889 1540 937 1567 οὓ-

151 1581 215 1607 τως·

153 1665 191 1693 TI
212 1664 300 1694 ΕΣΤΙ
322 1667 514 1695 ΧΡΙΣΤΟΣΟ
540 1671 812 1699 ΠΡΟΣΚΥΝΙΙΤΟΣ
827 1673 933 1701 ΗΜΙΝ.

455 1725 645 1754 ’Δθανασιοω

187 1792 198 1809 ί
212 1783 279 1816 Θεὸς
297 1784 344 1811 καὶ
353 1784 495 1819 ἄνθρωπος
507 1785 521 1811 ὁ
536 1785 626 1817 αὐτὸς,
646 1783 687 1817 εἷς
701 1785 739 1813 ὢν
763 1787 825 1813 καθ’
848 1786 937 1822 ῦπαρ-

151 1829 202 1862 ξιν,
216 1830 346 1866 ἀνελλιπῆ
361 1830 396 1857 τὰ
409 1831 538 1866 ἑκάτερα.
555 1840 565 1858 ›
579 1831 650 1859 Τίδέ
665 1832 724 1859 ἐστι
741 1832 804 1860 τάδε
818 1833 852 1860 τὰ
867 1834 935 1861 ἐκά-

994 1835 1191 1868 :xsistentiam,
1217 1834 1340 1870 perfecta
1364 1839 1491 1870 utraque.
1505 1845 1514 1861 ι
1535 1835 1605 1868 Quid
1623 1843 1688 1863 vero
1708 1840 1792 1873 suntq

149 1883 227 1910 τερα,
247 1876 295 1903 καὶ
309 1875 335 1903 τί
345 1875 411 1908 Θεὸς
426 1877 473 1903 καὶ
486 1877 639 1912 ἄνθρωπος,
651 1877 748 1905 εῐπατε
768 1879 792 1905 εἰ
805 1878 903 1914 φύσεις
916 1879 933 1914 ἢ

149 1921 209 1956 οὐχί
219 1930 227 1955 ;

456 1969 627 1996 Βασιλείου.

186 2020 196 2038 ι
213 2011 313 2048 Θεότης
325 2011 438 2048 ἐμψύχῳ
452 2014 533 2050 σαρκὶ
547 2014 717 2050 κεχρημένη.
734 2024 743 2041 ι

451 2070 512 2103 Γρη
517 2069 628 2104 γυρίου.

187 2121 197 2138 ι
211 2112 299 2147 Καινὴ
321 2112 406 2148 μίξις,
424 2113 491 2144 Θεὸς
504 2114 552 2140 καὶ
565 2114 718 2150 ἄνθρωπος,
733 2114 763 2142 ἓν
772 2115 801 2148 ἐξ
813 2115 928 2152 ἀμφοῖν,

149 2158 198 2186 καὶ
212 2158 246 2186 δι’
259 2158 318 2190 ἐνδς
328 2158 483 2194 ἀμφότερα.
504 2168 513 2185 ι

457 2214 513 2241 Τοῦ
527 2215 630 2243 αὐτοῦ.

184 2268 194 2285 ι
211 2259 317 2295 Κρᾶσις
331 2259 398 2287 Θεοῦ
410 2261 457 2288 καὶ
475 2261 586 2297 σαρκὸς,
598 2261 642 2288 διὰ
668 2261 754 2298 μέσης
764 2263 854 2299 ψυχῆς
871 2273 928 2292 νοι-

148 2305 208 2340 ρᾶς,
222 2306 416 2342 μεσιτευούσης
432 2306 539 2341 θεότητι
551 2307 598 2334 καὶ
613 2308 713 2343 σαρκὸς
729 2309 876 2344 παχύτητι.
893 2326 930 2331 -

154 2350 183 2377 '0
199 2350 262 2383 Υἱὸς
285 2351 352 2378 Θεοῦ
369 2351 416 2384 ὥν,
439 2352 486 2379 κα)⁸
510 2352 572 2386 mg
601 2352 747 2388 ἀνθρώπου
770 2354 927 2390 γενόμενος,

147 2396 230 2430 ἄμφω
244 2393 284 2427 εἷς
300 2395 364 2428 Υἱὸς
381 2397 427 2423 καὶ
441 2397 517 2429 Θεὸς.
530 2397 577 2424 τοῦ
597 2398 750 2433 κρείττονος
761 2399 927 2435 ὲκνικήσαν-

145 2449 200 2472 τος.
229 2450 239 2467 ι
271 2441 366 2469 Ἔστιν
395 2442 450 2478 ἀρα
477 2442 507 2469 τὸ
528 2443 639 2478 νικηθὲν
672 2444 720 2470 καὶ
742 2444 773 2471 τὸ
799 2445 928 2481 νικῆσαν.

146 2501 182 2508 —
196 2495 206 2512 ι
229 2487 419 2523 Ἀνθρωπότης
433 2488 576 2523 χρισθεῖσα
590 2489 708 2525 θεότητι,
727 2489 776 2517 καὶ
796 2491 928 2528 γενομένη

145 2531 214 2567 ὅπερ
229 2532 260 2558 τὸ
273 2533 381 2568 χρῖσαν,
394 2533 440 2559 καὶ
455 2530 511 2559 οἷον
528 2534 614 2561 εἰπεῖν
629 2535 754 2570 ὁμόθεος.
765 2546 774 2562 ι

458 2590 620 2624 Κιφίλλου.

182 2642 191 2658 ι
210 2631 257 2665 Εἷς
271 2633 359 2665 όΘεὸς
368 2633 416 2661 καὶ
431 2634 585 2671 ἄνθρωπος,
602 2637 616 2663 ὁ
628 2637 708 2669 αὐτὸς
720 2637 800 2665 τοῦτο
815 2639 926 2666 κάκεῖνο

144 2679 274 2716 ὑπάρχων
290 2688 319 2706 τε
337 2680 384 2706 καὶ
406 2679 560 2715 νοούμενος.
582 2697 618 2702 -
640 2683 670 2710 Ὀ
688 2683 735 2710 τοῦ
761 2683 828 2711 Θεοῦ
842 2684 927 2719 Λόγος

143 2726 190 2751 καὶ
202 2725 266 2756 Υἱὸς
281 2724 493 2761 ὲνανθρωπήσας
517 2727 565 2753 καὶ
585 2729 804 2764 σεσαρκωμὲνος.
814 2745 848 2750 -—-
863 2729 929 2762 Θεὸς

143 2769 171 2795 ιν
182 2768 334 2804 προσλήψει
345 2770 445 2804 σαρκὸς
455 2770 554 2807 vespm;
567 2771 754 2808 ὲψυχωμένης.
780 2773 929 2808 εὐδοκήσας

144 2815 272 2850 γενέσθαι
282 2815 330 2843 καὶ
345 2815 594 2851 ἀνθρωπος.-Μία
604 2818 684 2852 φύσις
696 2819 742 2846 τοῦ
757 2820 825 2847 Θεοῦ
841 2821 927 2856 Λόγον

143 2859 352 2896 σεσαρκωμένη.
373 2869 382 2885 ι

996 951 1118 979 naturas,
1130 947 1244 975 relative
1258 948 1291 975 ad
1303 948 1485 983 quantitatem
1498 949 1626 984 cogitata.
1641 950 1697 977 Nec
1704 951 1779 977 enim

996 997 1077 1022 tanta
1092 993 1295 1022 damnationem
1320 994 1443 1022 toleratis
1468 995 1636 1030 ignorantiae,
1654 996 1778 1033 singula-

995 1038 1104 1065 ritatem
1124 1045 1139 1065 a
1155 1038 1312 1073 pluralitate
1327 1045 1383 1065 non
1398 1038 1598 1071 discernentes.
1621 1040 1780 1068 necrssario

994 1082 1051 1110 sive
1067 1083 1159 1118 plures
1174 1083 1231 1110 sive
1245 1083 1314 1110 duas
1326 1083 1360 1110 ad
1375 1083 1518 1110 minimum
1534 1091 1594 1111 esse
1606 1084 1707 1111 dabitis
1719 1085 1780 1111 illas

994 1129 1022 1156 in
1037 1129 1191 1164 quantitate
1216 1129 1380 1157 exsistentes
1405 1129 1432 1156 in
1452 1129 1562 1158 Christo
1587 1134 1616 1157 et
1630 1129 1779 1158 efﬁcientes

991 1173 1144 1206 Christum,
1157 1178 1185 1201 et
1196 1174 1223 1201 in
1237 1174 1337 1208 quibus
1350 1178 1392 1201 est
1402 1173 1538 1202 Christus.
1552 1174 1572 1201 E
1585 1174 1692 1202 duobus
1702 1176 1776 1202 cnim

992 1224 1020 1246 ct
1040 1224 1144 1246 tantum
1167 1219 1385 1246 immutabilibus
1400 1224 1427 1246 et
1441 1219 1585 1254 completis
1605 1224 1632 1246 et
1647 1220 1778 1247 adunatio

991 1264 1094 1292 Christi
1110 1265 1138 1291 in
1153 1265 1278 1292 confesso
1290 1269 1318 1291 et
1333 1265 1414 1292 nobis
1427 1269 1454 1292 et
1472 1265 1550 1292 vobis
1561 1269 1630 1291 erat.
1649 1266 1776 1292 Attamen

991 1316 1019 1339 et
1039 1312 1108 1339 duos
1124 1311 1157 1338 ad
1176 1311 1294 1338 litteram
1318 1317 1487 1346 exponentes
1505 1311 1698 1344 ostendemus;
1720 1320 1775 1338 non

991 1358 1079 1385 solum
1098 1362 1189 1384 autem
1207 1357 1285 1389 illud,
1308 1357 1356 1384 sed
1380 1363 1408 1385 ct
1432 1361 1638 1384 controversam
1661 1365 1676 1384 a
1698 1357 1777 1385 vobis

991 1404 1097 1431 unicam
1113 1409 1239 1430 naturam
1260 1411 1341 1437 quam
1367 1403 1462 1429 dicunt
1485 1402 1530 1430 isti
1555 1402 1700 1430 manifeste
1723 1402 1776 1429 im-

990 1448 1150 1483 probantes,
1167 1453 1196 1475 ut
1209 1448 1276 1476 nihil
1295 1456 1309 1475 a
1325 1448 1404 1475 nobis
1419 1447 1585 1482 imperfectae
1600 1447 1776 1476 relulationis

989 1501 1072 1529 opere
1100 1494 1172 1521 desit
1197 1501 1260 1529 erga
1291 1494 1374 1528 ipsos.
1394 1493 1514 1520 Primum
1539 1493 1650 1527 quidem
1671 1494 1774 1522 Christi

990 1539 1165 1567 deﬁnitiones
1177 1540 1255 1574 quasi
1273 1540 1435 1567 summarias
1448 1547 1462 1566 a
1476 1539 1604 1567 Patribus
1619 1539 1706 1567 dictas
1723 1548 1775 1567 au-

988 1585 1054 1614 dere
1071 1590 1127 1620 est;
1141 1586 1320 1614 dicuntenim
1335 1586 1392 1613 sic:

1006 1675 1092 1709 QUID
1109 1676 1175 1703 EST
1189 1675 1357 1703 CHRISTUS
1373 1674 1582 1702 ADORANDUS
1637 1675 1751 1703 NOBIS.

1303 1732 1454 1760 Athanasii.

1026 1799 1035 1815 ι
1052 1790 1124 1817 Deus
1145 1793 1173 1817 et
1188 1789 1270 1816 homo
1284 1789 1366 1820 idem,
1390 1796 1462 1816 unus
1485 1792 1595 1815 exslans
1621 1788 1771 1815 secundum

985 1882 1045 1910 haec
1061 1886 1187 1917 utraque,
1207 1885 1235 1908 et
1258 1881 1323 1916 quid
1346 1881 1418 1908 Deus
1433 1886 1460 1908 et
1474 1880 1567 1914 homo,
1583 1881 1666 1909 dicite
1683 1881 1706 1908 si
1725 1889 1773 1908 na-

987 1933 1056 1956 turze
1070 1932 1134 1955 sunt
1147 1931 1196 1955 aut
1207 1927 1281 1955 non?

1316 1972 1428 2000 -ΒαεὶΙὶῑ,

1024 2028 1033 2045 ι
1044 2018 1178 2047 Divinitas
1193 2017 1314 2045 animata
1329 2025 1412 2046 carne
1429 2022 1520 2047 utens.
1534 2027 1544 2046 ι

1314 2071 1444 2107 Gregorii.

1023 2129 1032 2144 ι
1044 2118 1118 2146 Nova
1140 2117 1294 2146 commistio
1309 2118 1382 2146 Deus
1394 2123 1423 2146 et
1440 2118 1534 2152 homo,
1550 2126 1637 2153 unum
1659 2126 1694 2146 ex
1708 2126 1769 2146 am-

984 2165 1120 2199 bobus,et
1134 2172 1184 2200 per
1200 2171 1284 2191 unum
1302 2168 1431 2199 utraque.
1443 2174 1453 2192 ι

1309 2219 1445 2256 Ejusdem.

1018 2266 1198 2295 «Commistio
1226 2266 1275 2293 Dei
1298 2270 1326 2292 et
1344 2266 1447 2298 carnis,
1461 2273 1512 2301 per
1530 2265 1652 2294 medium
1671 2265 1770 2294 animae

979 2313 1132 2348 spiritualis
1159 2311 1307 2339 mediantis
1333 2311 1406 2339 inter
1429 2311 1600 2339 divinitatem
1624 2315 1653 2338 et
1676 2312 1771 2339 carnis

979 2358 1200 2387 crassitudinem.
1211 2357 1297 2385 Filius
1306 2357 1354 2384 Dei
1365 2357 1500 2384 exsistens
1513 2361 1541 2384 et
1553 2356 1640 2384 Filius
1651 2356 1770 2384 hominis

979 2402 1078 2435 factus,
1087 2402 1167 2429 ambo
1178 2409 1249 2429 anus
1261 2401 1346 2429 Filius
1356 2405 1382 2429 et
1394 2401 1597 2434 Deus,meliore
1607 2401 1746 2429 vincente.
1756 2411 1766 2427 ι

979 2448 1028 2475 Est
1036 2455 1100 2483 ergo
1110 2447 1213 2474 victum
1227 2451 1255 2474 et
1266 2446 1442 2474 vincens.-—¢
1454 2447 1595 2475 Divinitati
1607 2452 1768 2475 consecrata

979 2494 1136 2521 humanitas
1156 2498 1185 2521 et
1200 2493 1271 2521 facta
1283 2494 1356 2528 quod
1375 2498 1418 2521 est
1441 2501 1615 2527 consecrare,
1629 2497 1669 2527 et,
1687 2497 1719 2521 ut
1731 2493 1769 2521 ita

980 2539 1080 2572 dicam,
1101 2539 1228 2568 similiter
1241 2539 1323 2567 Deus.
1336 2548 1345 2564 ι

1327 2594 1431 2630 Cyrilli.

1018 2639 1115 2667 «Unus
1133 2640 1204 2667 Deus
1229 2645 1257 2667 et
1281 2640 1375 2672 homo,
1401 2640 1472 2667 idem
1497 2639 1565 2667 illud
1588 2638 1722 2667 exsistens
1740 2645 1768 2667 et
1811 2654 1813 2658 ι

979 2685 1223 2720 cogitatu—Dei
1244 2686 1365 2713 Verbum
1376 2689 1404 2713 et
1417 2686 1503 2713 Filius
1519 2685 1567 2721 qui
1583 2686 1699 2713 formam
1716 2685 1768 2713 bo-

979 2731 1061 2759 minis
1074 2732 1164 2759 induit
1187 2737 1215 2760 et
1240 2733 1401 2760 incarnatus
1421 2733 1599 2760 est.—Deus
1620 2733 1647 2760 in
1668 2732 1767 2768 adjun—

979 2777 1072 2804 ctione
1092 2777 1184 2805 carnis
1202 2777 1383 2813 spiritualiter
1405 2777 1532 2805 animata:
1543 2778 1587 2806 cui
1611 2778 1768 2813 beneplaci-

980 2827 1037 2849 tum
1061 2828 1104 2850 est
1126 2823 1265 2851 hominem
1291 2823 1466 2851 ﬁeri—Una
1491 2827 1589 2851 natura
1611 2823 1659 2851 Dei
1684 2823 1767 2856 Verbi

981 2869 1133 2896 incarnata.
1148 2879 1156 2894 ι

1846 550 1856 565 τ’
