1963 3077
148 166 213 200 1821

147 270 249 303 φύσεις,
266 269 334 296 ἀλλὰ
362 269 588 303 διίστασθαιταῖς
604 272 736 304 ἐπινοίαις
763 273 811 305 τὰς
837 274 932 308 φύσεις

147 315 237 352 φησιν.

450 372 506 399 Τοῦ
526 373 629 400 αὑτοῦ.

184 428 194 444 α
214 417 395 453 Κιρναμένων
414 417 511 454 ὥσπερ
530 419 586 446 τῶν
603 419 720 453 φύσεων,
741 420 814 448 οὕτω
834 421 862 448 δὲ
886 423 935 448 καὶ

145 463 200 490 τῶν
220 463 355 499 κλήσεων,
379 463 427 491 καὶ
453 465 667 500 περιχωρουσῶν
694 467 734 497 εις
761 466 880 502 ἀλλήλας
895 467 935 502 τῷ

145 509 217 544 λόγῳ
229 510 277 543 τῆς
292 511 440 544 συμφυΐας.
464 519 474 536 r

193 566 367 599 Βασιλείαν,
386 566 420 593 ἐκ
435 567 488 593 τοῦ
503 567 619 601 πρώτου
635 569 709 602 πρὸς
727 569 888 604 Εὐνόμιον.

183 621 193 637 ι
213 612 250 638 οὐ
264 612 310 639 δύο
326 612 441 647 λέγομεν
456 613 522 640 Θεὸν
532 614 585 650 ίδίᾳ
597 615 643 641 καὶ
659 615 811 651 ἄνθρωπον
825 613 866 646 εἷς
879 616 935 652 γὰρ

144 653 190 692 ἦν’
205 657 274 684 ἀλλὰ
287 659 348 684 κατ’
365 658 486 684 ἐπίνοιαν
504 658 554 694 τὴν
569 659 685 686 ἑκάστου
698 659 777 694 φύσιν
790 660 934 695 λογιζόμε-

145 711 199 730 νοι·
212 703 339 738 οὐδὲγὰρ
352 704 366 730 ὁ
384 704 486 739 Πέτρος
501 704 547 731 δύο
561 705 674 739 ἐνόησεν
693 705 790 737 εἰπὼν,
804 706 934 740 Χριστοῦ

144 745 201 776 οὖν
223 749 372 781 παθόντος
391 749 471 783 ῄπέρ
496 750 582 784 ἡμῶν
605 751 706 785 σαρκί.
722 761 731 777 ι
754 751 784 778 ⁸0
801 752 882 784 αὐτὸς
905 752 934 779 δὲ

146 793 232 829 μέγας
246 794 384 826 Βασίλειός
399 803 464 830 φησι
480 796 548 830 πρὸς
564 797 696 831 Εὐνόμιον
721 796 790 824 εἶναι
810 797 871 824 τινὰ
886 798 934 833 μὲν

144 839 276 871 ἐπίνοιαν.
289 840 339 875 τὴν
353 840 440 876 ἀληθῆ
455 841 554 877 νοητὴν
569 841 697 878 θεωρίαν,
719 843 767 869 καὶ
782 841 853 870 εἶναι
876 844 934 870 ἑτέ-

146 894 195 921 ραν
219 885 268 920 τὴν
291 886 363 913 κατὰ
380 886 545 923 ἀνάπλασμα
568 888 693 922 ψεύδους,
710 886 754 915 οἷα
778 889 833 916 τῶν
852 889 933 924 μυθο-
946 899 970 929 Β

144 931 230 958 ποιῶν
247 931 294 958 καὶ
308 931 472 968 ζωγράφωψ
491 933 515 959 ει
533 933 582 967 μὲν
597 931 644 960 οὖν
659 934 728 969 πρὸς
749 935 794 960 τὸν
806 934 873 960 Θεὸν
886 935 932 961 καὶ

143 978 297 1013 ἄνθρωπον,
311 979 361 1015 τὴν
374 979 472 1015 ἀληθῆ·
493 981 517 1006 εί
541 979 569 1006 δὲ
587 980 656 1015 πρὸς
678 980 708 1006 τὸ
726 980 778 1016 ἰδίᾳ
801 980 850 1016 τὴν
872 981 932 1007 ἐπί-

143 1031 218 1050 νοιαν
232 1024 379 1059 ἀκούομεν,
393 1025 441 1060 τὴν
453 1025 659 1061 ἀναπλαστικὴν
673 1025 824 1060 λογιστέον.
842 1027 931 1054 Μόνον

143 1068 197 1104 γὰρ
210 1069 256 1095 διὰ
267 1069 297 1096 τὸ
311 1070 478 1106 διαρθρῶσαι
492 1071 597 1103 ἑαυτοῖς
610 1071 640 1097 τὸ
651 1072 779 1107 διάφορον
792 1072 845 1098 τῶν
861 1073 931 1108 ﬂvm-

144 1114 242 1149 μένων,
266 1116 326 1147 ταῖς
352 1116 514 1149 φαντασίαις
541 1117 594 1152 ἰδίᾳ
621 1117 736 1144 ἕκαστον
752 1117 928 1153 ἀφορίζομεν,

112 1162 117 1166 '
143 1160 194 1192 ἕως
212 1160 321 1197 ἴδωμεν,
336 1161 364 1187 τί
380 1161 430 1197 μὲν
444 1162 516 1194 ἰδίως
529 1162 617 1196 τοῦδε,
633 1163 659 1189 τί
679 1163 707 1189 δὲ
724 1163 770 1190 τοῦ
787 1163 891 1198 ἑτέρου.

441 1307 497 1334 Τοῦ
525 1307 629 1335 αὐτοῦ.

183 1349 232 1378 Ἐκ
257 1350 355 1378 τούτου
377 1351 418 1378 δεῖ
433 1353 559 1389 συνορᾷν,
583 1353 657 1385 ὅπως
672 1355 702 1380 ὲν
718 1354 757 1389 τῷ
772 1355 815 1382 ἑνὶ
829 1355 877 1382 καὶ
888 1355 927 1391 τῷ

143 1395 215 1431 αὺτῷ
227 1396 362 1433 ἑκατέρας
378 1397 486 1432 φύσεως
498 1398 646 1434 ἀποδειχθῇ
663 1400 680 1435 ή
696 1399 820 1435 ἀλήθεια.

328 1456 491 1490 Γρηγορίου
506 1456 558 1483 τοῦ
576 1457 733 1492 Θεολόγου.

180 1509 190 1527 ι
211 1501 366 1536 ’Δπεστάλη
386 1501 445 1537 μὲν,
461 1501 518 1528 ἀλλ’
534 1501 572 1534 ὡς
585 1501 739 1539 ἄνθρωπος·
751 1503 862 1536 διπλοῦς
872 1503 928 1541 γὰρ

142 1545 185 1583 ἦν.
205 1557 214 1574 ›

141 1604 294 1639 Κορίλλου
312 1605 346 1632 ἐκ
361 1605 415 1633 τοῦ
438 1606 513 1640 πρὸς
537 1608 701 1636 Θεοδόσιον
719 1608 772 1636 τὸν
783 1609 927 1641 βασιλέα.

178 1659 187 1676 ι
208 1650 264 1682 Τὰς
281 1650 336 1686 γὰρ
361 1650 541 1686 εὐαγγελικὰς
565 1653 692 1688 περὶτοῦ
717 1653 819 1688 Κυρίου
837 1653 929 1687 φωνὰς

142 1697 219 1731 ῐσμεν
233 1697 299 1728 τοὺς
314 1696 456 1731 θεολόγους
469 1697 570 1733 ἄνδρας
583 1698 633 1730 τὰς
647 1699 697 1734 μὲν
709 1698 929 1730 κοινοποιοῦντας

141 1741 179 1773 ὡς
199 1742 241 1776 ἐφ’
258 1741 318 1773 ἐνὸς
343 1741 501 1777 προσώπου,
517 1743 566 1774 τὰς
585 1743 614 1770 δὲ
633 1744 807 1779 διαιροῦντας
827 1744 866 1777 ὼς
882 1744 930 1771 ἐπὶ

141 1788 187 1815 δύο
201 1788 322 1822 φύσεων·
345 1788 392 1815 καὶ
406 1789 456 1820 τὰς
473 1789 522 1824 μὲν
539 1789 709 1826 θεοπρεπεῖς,
726 1790 798 1818 κατὰ
812 1790 861 1826 τὴν
881 1791 929 1818 ἁν-

142 1833 306 1869 θρωπάεητα
319 1833 402 1861 αὑτοῦ
414 1833 544 1867 διδόντας.
565 1843 575 1860 ι

142 1935 196 1962 Τοῦ
208 1934 368 1970 Caelo-rm),
387 1934 421 1961 ἐκ
435 1934 488 1962 τοῦ
501 1934 568 1968 περὶ
584 1934 651 1962 Υιοῦ
667 1935 808 1969 δευτέρου
822 1936 928 1970 λόγου.

177 1990 186 2007 ι
202 1982 239 2008 Τὸ
256 1981 312 2016 γὰρ
332 1980 549 2016 συναμφότερον,
565 1980 604 2014 ἓν,
618 1980 675 2008 ἀλλ’
688 1982 719 2008 οὐ
735 1983 770 2017 τῇ
786 1981 878 2017 φύσει,
896 1982 929 2018 τῇ

140 2027 168 2054 δὲ
188 2027 304 2063 συνόδῳ.
324 2036 333 2052 ι

457 2083 620 2118 Κυρίνιλου.

177 2139 187 2156 ι
203 2129 285 2157 Μετὰ
299 2128 390 2164 μέντοι
404 2129 454 2165 τὴν
468 2129 576 2160 ἕνωσιν,
593 2129 624 2156 οὺ
645 2129 803 2165 διαιροῦμεν
816 2131 866 2161 τὰς
880 2130 931 2165 φύ-

143 2182 198 2205 σεις
214 2174 263 2201 ἀπ’
280 2174 415 2208 ἀλλήλων,
431 2173 491 2201 οὐδὲ
519 2175 559 2205 εις
579 2173 625 2200 δύο
641 2175 715 2207 υἱοὺς
736 2175 871 2210 τέμνομεν
882 2175 929 2202 τὸν

142 2220 187 2246 ἕνα
204 2221 253 2247 καὶ
276 2220 436 2255 ἀμέριστον.
456 2229 464 2246 ι
483 2219 567 2255 Δῆλον
582 2220 646 2255 ἄρα,
660 2220 697 2252 ὡς
713 2221 737 2246 εί
752 2221 799 2247 καὶ
811 2220 928 2256 ἀδιαιρέ-

142 2273 211 2297 τους,
225 2265 285 2291 ἀλλ’
299 2263 346 2292 οὖν
361 2264 457 2300 φύσεις
471 2262 524 2291 οἶδε
539 2264 589 2296 τὰς
605 2263 673 2299 μετὰ
688 2264 738 2300 τὴν
754 2265 862 2297 ἕνωσιν,
878 2265 926 2292 καὶ

141 2309 171 2337 οὐ
185 2309 266 2346 φύσιν
283 2310 357 2346 μίαν.

239 2365 407 2400 Γρηγορίω
426 2364 554 2399 Νύση-ης
567 2363 642 2391 κατὰ
656 2365 817 2400 Εὺνομίου.

177 2421 187 2437 ί
204 2411 274 2439 Οὓτε
289 2411 416 2443 ζωοποιεῖ
430 2410 475 2436 τὸν
489 2411 614 2446 Λάζαρον
630 2411 647 2445 ή
662 2409 819 2446 ἀνθρωπίνη
833 2410 925 2446 φύσις,

141 2457 200 2485 οὔτε
217 2457 333 2493 δακρύει
344 2455 533 2491 τὸν.κείμενον
552 2457 568 2491 ἡ
587 2456 696 2492 ἀπαθὴς
710 2456 830 2489 ἐξουσία.
845 2466 854 2483 ι
871 2457 926 2484 Καὶ

141 2503 230 2530 πάλιν·
257 2512 266 2529 ι
290 2503 342 2529 Τὺν
365 2502 477 2536 μεσίτην
495 2501 562 2528 Θεοῦ
581 2501 626 2528 καὶ
649 2501 812 2537 ἀνθρώπων,
834 2501 926 2534 καθὼς

142 2549 187 2575 καὶ
200 2548 343 2583 ὠνόμασεν
353 2549 367 2574 ὁ
382 2547 453 2578 θεῖος
472 2546 644 2579 Ἀπόστολος,
659 2547 733 2574 οὐδὲν
745 2547 831 2579 οὕτως
848 2547 886 2580 ὡς
897 2549 927 2575 τδ

141 2593 187 2620 τοῦ
211 2593 278 2620 Υἱοῦ
302 2593 438 2619 δείκνυσιν
451 2591 546 2626 ὄνομα,
575 2592 695 2628 ἑκατέρᾳ
717 2592 797 2627 φύσει
811 2593 844 2627 τῇ
868 2592 927 2628 θείᾳ

142 2639 187 2665 καὶ
201 2638 359 2674 ἀνθρωπίνῃ
378 2637 449 2663 κατὰ
464 2637 494 2663 τὸ
513 2637 570 2664 ῐσον
584 2637 818 2672 ὲφαρμοζόμενον.
841 2647 850 2663 ι

143 2693 198 2720 Τοῦ
212 2693 438 2728 Χρυσοστὸμου,
452 2691 487 2718 ἐκ
502 2691 555 2718 τοῦ
569 2692 644 2718 κατὰ
658 2692 923 2726 Ἀπολιναριστῶγ,

179 2748 188 2765 ι
206 2738 285 2766 Οὕτω
309 2737 448 2765 κάνταῦθα
468 2737 518 2772 τῆς
538 2737 612 2769 θείας
626 2737 805 2773 ἑνιδρυσάσης
818 2738 856 2773 τῷ
873 2738 925 2764 σώ-

144 2793 207 2819 ματι
224 2785 342 2820 φύσεως,
355 2784 404 2811 ἕνα
421 2783 495 2816 Υίὸν,
518 2783 547 2810 ἓν
570 2784 724 2819 πρόσωπον,
740 2783 770 2810 τὸ
787 2785 924 2820 συναμφό-

177 2873 195 2890 ¹¹
211 2873 221 2902 Ι
238 2874 311 2903 Pctr.
328 2882 364 2908 tv,
382 2875 405 2902 l.
447 2874 465 2890 "
482 2873 625 2902 lTimoth.
642 2881 671 2907 ιι,
689 2873 714 2900 5.

727 171 876 202 CONTRA
895 172 1195 203 MONOPHYSITAS.

92 231 96 235 '
146 224 275 257 ὀκᾶματα.
297 233 304 248 ι
320 223 517 251 Ἐπισκεπτέον
530 224 571 251 ὄτι
584 225 613 251 οὔ
629 226 662 260 τῇ
677 226 783 262 ἐπινοίᾳ
798 225 867 254 εἶναι
885 229 928 260 τὰς

990 229 1043 256 mul
1070 230 1278 264 distinguuntur
1303 233 1331 256 et
1354 230 1477 257 nomina.
1492 240 1500 256 ι
1535 231 1773 262 Considerandum

1706 175 1775 209 1822

985 273 1058 308 quod
1077 281 1131 300 non
1157 273 1321 308 cogitatione
1337 282 1397 302 esse
1421 279 1545 308 naturas,
1559 276 1607 304 sed
1630 277 1774 313 cogitatio-

985 319 1067 347 nibus
1083 319 1215 361 distingui
1232 320 1310 347 dicit.

1309 378 1445 413 Ejusdem.

1024 432 1033 448 ι
1046 422 1144 456 Mistis,
1168 427 1199 450 ut
1213 422 1250 450 ita
1263 422 1363 455 dicam,
1383 424 1502 456 naturis,
1515 424 1553 452 sic
1562 429 1590 452 et
1603 426 1773 458 nominibus,

984 473 1012 496 et
1026 468 1240 496 succedentibus
1254 469 1288 495 ad
1311 469 1427 496 invicem
1443 470 1530 497 verbo
1542 471 1749 506 coagulalionis.
1762 481 1771 497 ι

1146 565 1253 597 Basilii,
1273 574 1286 593 e
1305 568 1390 601 primo
1406 567 1440 594 ad
1455 568 1627 596 Eunomium.

1024 611 1103 638 «Non
1120 611 1190 639 duos
1205 612 1324 640 dicimus
1339 613 1424 640 Deum
1448 615 1560 649 proprie
1575 620 1602 642 et
1622 616 1773 649 hominem,

984 657 1087 692 quippe
1112 657 1160 692 qui
1188 665 1260 685 unus
1281 662 1350 690 erat,
1376 659 1423 686 sed
1448 660 1601 687 secundum
1631 661 1773 688 notionem

985 702 1202 737 uniuscujusque
1236 707 1362 730 naturam
1395 705 1610 738 concludentes;
1641 714 1702 733 nam
1724 714 1774 733 nec

984 749 1083 775 Petrus
1104 747 1175 774 duos
1196 748 1329 784 cogitavit
1347 748 1460 776 dicens:
1478 749 1582 777 Christo
1597 751 1680 785 igitur
1697 760 1775 786 passo

984 794 1013 820 in
1028 802 1109 821 carne
1119 798 1210 821 nostra
1221 795 1253 821 “.
1268 803 1277 820 ι
1291 793 1404 829 Magnus
1420 794 1491 821 idem
1500 795 1616 822 Basilius
1627 795 1660 822 ad
1682 796 1773 823 Enno-
1816 787 1818 790 I

985 838 1069 866 mium
1087 839 1155 866 dicit
1178 846 1239 866 esse
1256 839 1401 874 quamdam
1431 839 1542 874 quidem
1566 840 1772 879 cogitationem,

984 891 1078 911 veram
1095 884 1311 911 intellectualem
1332 885 1602 919 contemplationem,
1616 890 1698 921 atque
1708 894 1770 913 esse

983 930 1096 957 alteram
1120 930 1196 965 juxta
1215 930 1350 957 mendacii
1367 929 1516 962 ﬁctionem,
1538 932 1646 966 qualem
1663 931 1771 959 fabula-

984 980 1075 1002 tornm
1098 980 1127 1003 et
1149 976 1302 1010 pictorum;
1324 976 1347 1003 si
1372 984 1438 1011 ergo
1461 977 1572 1011 quidem
1592 977 1665 1004 circa
1691 978 1770 1008 illud.

982 1022 1068 1049 Deum
1081 1025 1110 1049 et
1128 1022 1280 1055 hominem,
1300 1030 1408 1055 veram;
1430 1022 1453 1049 si
1470 1030 1536 1049 vero
1566 1023 1772 1057 particulariter

982 1064 1054 1092 circa
1088 1066 1281 1100 cogitationem
1313 1066 1451 1098 audimus,
1476 1066 1567 1094 ﬁctam
1602 1068 1769 1095 concludere

982 1115 1101 1145 oportet.
1124 1111 1242 1139 Tantum
1260 1113 1333 1139 enim
1356 1112 1382 1139 in
1403 1113 1569 1140 articulatim
1587 1113 1654 1148 ipsis
1676 1114 1770 1148 expla-

981 1157 1073 1184 nando
1087 1158 1269 1185 adnnatorum
1285 1159 1501 1192 distinctionem,
1517 1159 1669 1194 phantasits
1684 1160 1770 1194 parti-

981 1202 1111 1230 culariter
1127 1211 1351 1238 unumquemque
1370 1204 1517 1232 deﬁnimus
1526 1205 1613 1231 donec
1624 1212 1770 1231 noscamus

981 1248 1047 1283 quid
1060 1248 1126 1276 hinc
1141 1249 1254 1284 proprie
1267 1249 1301 1277 de
1315 1250 1413 1283 altero,
1429 1250 1496 1285 quid
1512 1250 1589 1278 illinc
1602 1249 1636 1277 de
1646 1251 1744 1278 altero.

1310 1308 1448 1344 Ejusdem.

1017 1355 1058 1382 Ex
1074 1355 1128 1383 hoc
1144 1359 1253 1390 oportet
1270 1355 1447 1383 considerare
1472 1354 1610 1390 quomodo
1625 1355 1653 1381 in
1670 1362 1725 1382 uno
1741 1360 1770 1381 et

982 1401 1079 1429 eodem
1103 1401 1247 1436 utriusque
1269 1405 1375 1428 naturae
1401 1401 1572 1428 manifestata
1596 1406 1638 1428 est
1656 1401 1767 1428 veritas.

1240 1455 1359 1491 Gregorii
1376 1454 1507 1491 Theologi.

1020 1503 1138 1532 «Missus
1160 1508 1204 1531 est
1224 1503 1346 1539 quidem,
1358 1502 1405 1530 sed
1432 1506 1462 1529 ut
1485 1501 1578 1534 homo,
1599 1501 1701 1536 quippe
1722 1501 1769 1536 qui

982 1549 1084 1586 duplex
1098 1554 1169 1577 erat.
1181 1559 1190 1576 ι

1026 1606 1131 1642 Cyrilli,
1147 1614 1160 1633 ε
1172 1606 1268 1641 scripto
1284 1605 1319 1632 ad
1340 1603 1509 1632 Theodosium
1527 1603 1724 1638 imperatorem.

1019 1653 1105 1680 «Nam
1131 1652 1302 1687 evangelicas
1325 1650 1359 1678 de
1388 1650 1504 1677 Domino
1531 1656 1614 1676 voces
1642 1648 1771 1675 novimus

980 1699 1123 1734 theologos
1142 1698 1226 1730 viros,
1254 1697 1321 1724 alias
1342 1697 1475 1724 adhibere
1499 1702 1658 1723 communes
1689 1694 1768 1728 quasi

980 1743 1014 1771 de
1029 1751 1084 1770 una
1103 1750 1230 1777 persona,
1253 1742 1320 1769 alias
1344 1741 1479 1772 diversas,
1499 1740 1576 1774 quasi
1601 1739 1634 1766 dc
1661 1739 1771 1766 duabus

980 1789 1103 1823 naturis;
1117 1793 1145 1816 et
1166 1788 1234 1816 alias
1249 1793 1279 1815 ut
1292 1787 1372 1815 decet
1386 1788 1481 1818 Deum,
1497 1787 1574 1821 juxta
1595 1785 1654 1820 ejus
1667 1785 1769 1812 divini-

981 1839 1076 1867 tatem,
1092 1834 1160 1861 alias
1173 1837 1204 1861 ut
1217 1833 1322 1860 homini
1336 1832 1463 1868 congruit
1472 1832 1549 1867 juxta
1561 1831 1621 1866 ejus
1636 1830 1767 1857 humani-

981 1884 1063 1908 tatem
1076 1879 1144 1907 dant
1155 1879 1285 1914 theologi.
1299 1887 1308 1904 ι

1086 1934 1221 1969 Theologi.
1235 1942 1266 1961 ex
1279 1934 1393 1962 secundo
1405 1933 1437 1960 de
1450 1933 1517 1960 Filio
1534 1937 1661 1960 tractatu.

1019 1981 1104 2007 (Nam
1117 1980 1196 2007 ambo
1206 1987 1271 2012 una,
1288 1987 1341 2006 non
1357 1984 1465 2011 natura,
1482 1979 1529 2006 scd
1543 1978 1719 2005 adunatione.
1734 1987 1743 2002 ι

1319 2080 1423 2115 Cyrilli.

1019 2127 1103 2154 «Post
1115 2126 1310 2154 adunationem
1327 2129 1428 2155 tamen,
1452 2133 1506 2152 non
1521 2128 1633 2152 naturas
1646 2123 1680 2150 ah
1697 2123 1769 2150 invi-

981 2180 1040 2200 cem
1057 2171 1217 2204 dividimus,
1241 2179 1292 2198 nec
1316 2171 1344 2198 in
1365 2171 1434 2198 duos
1456 2170 1526 2197 ﬁlios
1543 2177 1667 2197 secamns
1683 2178 1768 2196 nnmn

980 2216 1056 2244 illum
1079 2220 1106 2243 et
1128 2215 1333 2242 indivisihilem.
1348 2224 1356 2240 ι
1372 2214 1493 2242 Evidens
1509 2218 1550 2241 est
1569 2221 1636 2249 ergo
1650 2213 1722 2248 quod
1745 2213 1768 2241 si

981 2261 1163 2289 indivisihiles
1189 2261 1275 2293 novit,
1290 2261 1386 2296 nliqne
1401 2260 1478 2288 novit
1497 2265 1611 2287 naturas
1628 2259 1688 2286 illas
1707 2264 1769 2295 post

981 2307 1188 2338 adunationem,
1202 2315 1253 2334 nec
1266 2311 1392 2334 naturam
1405 2314 1495 2334 unam.

1102 2366 1220 2401 Gregorii
1239 2365 1350 2401 Nyssem'
1366 2370 1459 2393 contra
1475 2365 1648 2392 Eunomium.

1021 2423 1030 2438 ι
1041 2413 1097 2440 Nec
1111 2412 1234 2440 viviﬁcat
1246 2412 1379 2439 Lazarum
1394 2412 1513 2439 humana
1529 2417 1638 2443 natura,
1661 2419 1712 2438 nec
1726 2411 1769 2437 ln-

978 2462 1024 2493 get
1048 2463 1186 2495 mortuum
1215 2457 1391 2493 impassibilis
1413 2458 1542 2485 essentia.
1556 2467 1565 2482 ι
1592 2457 1625 2484 Et
1647 2457 1762 2484 iterum:

983 2515 992 2530 ι
1002 2504 1176 2532 Mediatorem
1186 2504 1233 2532 Dei
1242 2509 1269 2531 et
1277 2504 1430 2535 hominum,
1439 2512 1521 2539 quem
1530 2503 1677 2530 admodum
1690 2507 1767 2529 vocat

980 2550 1056 2578 illum
1071 2550 1151 2577 divus
1165 2550 1314 2585 Apostolus
1326 2551 1346 2565 "
1360 2550 1430 2577 nihil
1448 2549 1519 2577 sicut
1533 2548 1593 2576 Filii
1610 2557 1709 2575 nomen
1721 2555 1765 2573 os-

983 2594 1080 2625 tendit.
1095 2594 1204 2629 utrique
1218 2599 1323 2621 natura:
1334 2594 1435 2621 divinae
1446 2598 1475 2621 et
1487 2593 1613 2620 humanae
1624 2591 1764 2626 aequaliter

977 2638 1158 2665 conveniente
1172 2639 1282 2666 nomine
1301 2638 1364 2666 isto.
1380 2647 1388 2664 ›

1033 2694 1210 2730 Chrysostomi
1225 2703 1238 2721 ε
1251 2699 1367 2721 tractatu
1384 2699 1475 2721 contra
1491 2692 1707 2728 Apollinarium.
1749 2690 1754 2693 “

1018 2750 1026 2765 ι
1041 2740 1085 2768 Sic
1097 2745 1125 2768 et
1143 2741 1181 2768 ibi
1193 2741 1285 2768 divina
1299 2746 1395 2767 natura
1424 2748 1485 2767 cum
1512 2739 1622 2773 corpori
1637 2737 1764 2765 immisis-

979 2791 1018 2812 set
1032 2786 1130 2813 Filium
1149 2794 1244 2818 unum,
1266 2793 1346 2813 unam
1366 2793 1520 2820 personam,
1535 2785 1616 2812 ambu
1634 2792 1685 2811 una
1701 2792 1764 2821 pcr-
