1963 3077
187 180 197 213 1
204 181 257 213 8'23

182 275 385 309 dividens/non
409 281 436 308 in
456 288 509 307 una
523 284 621 307 natura
641 281 733 313 unica,
751 281 798 309 sed
816 282 844 309 in
861 281 971 311 duabus

183 327 322 363 perfectis.
337 326 416 362 Circa
434 334 517 353 unam
539 326 625 359 enim,
643 327 783 361 quomodo
797 328 971 356 confusionis

180 372 337 408 exemptio?
360 372 505 405 Quomodo
525 372 714 401 distinctionis
727 373 874 401 absentia?
895 373 970 407 Quo-—

180 417 262 445 modo
288 417 420 445 adunatio
448 417 519 445 forte
541 417 698 446 diceretur?
717 419 785 446 Nam
811 419 892 447 unica
915 420 969 447 sibi

183 463 234 499 ipsi
250 463 322 490 uniri
340 467 388 490 aut
401 463 533 490 confundi
547 469 595 491 aut
614 473 629 491 a
652 472 681 492 se
695 464 753 500 ipsa
767 465 900 501 distingui
920 474 971 494 ne-

179 508 269 542 quit.)
291 507 326 534 Et
350 507 432 542 paulo
463 512 539 542 post:
558 518 566 533 ι
580 508 681 535 Iterum
711 509 745 536 ad
775 509 851 536 aliud
873 510 972 537 leviter

179 561 334 581 sermonem
351 553 548 581 transferentes
562 554 640 582 aiunt
661 555 734 590 quod
753 561 816 591 post
827 556 971 584 adunatio-

179 607 244 627 nem
261 600 353 628 dicere
369 600 438 627 duas
451 604 565 628 naturas
575 609 631 628 non
638 607 762 637 oportet;
772 604 884 631 attende
895 605 972 632 vocis

179 645 396 681 signiﬁcationi:
423 646 620 674 adunationem
644 647 749 681 dixisti,
773 648 970 677 adunalionem

178 698 246 718 vero
265 691 347 719 unius
368 699 423 719 non
447 692 573 721 invenies
594 693 704 721 factam.
719 704 728 720 ι
747 695 779 723 Ει
792 696 875 730 paulo
891 701 968 732 post:

183 747 192 762 ι
203 736 414 764 Consueverunt
429 742 458 765 et
471 737 497 765 id
512 738 633 774 objicere
647 748 654 767 :
668 739 739 767 Num
749 740 852 770 Christi
869 749 971 776 corpus

135 780 139 783 ’
178 788 206 810 et
221 783 383 818 sanguinem
413 783 532 812 ﬁdeliter
548 785 647 820 pieque
674 794 728 813 non
755 788 911 815 sumimus?
931 788 970 816 lta

179 833 258 858 sane,
272 826 391 859 dicetur,
405 835 460 854 non
473 829 537 863 quia
552 837 654 865 corpus
664 835 692 858 et
703 832 864 867 sanguinem
878 833 970 860 divina

180 879 242 905 pars
256 875 319 899 ante
332 871 512 902 humanitatis
527 876 744 911 assumptionem
757 882 857 905 natura
875 886 970 913 posse-

179 917 231 949 dit,
257 918 305 945 sed
331 923 476 954 postquam
499 921 612 956 propria
638 923 730 951 carnis
755 931 804 951 sua
825 924 891 952 fecit
914 915 1010 954 Ιιειει)Β

178 961 284 990 habere
301 962 412 990 dicitur.
434 965 454 991 Ο
471 965 639 994 absurdum!
656 967 678 994 0
695 967 806 1003 impiam
825 970 970 1005 cogitatio-

178 1008 259 1036 nem!
281 1008 310 1036 ln
334 1010 460 1044 periculo
483 1015 522 1038 est
542 1012 616 1039 enim
638 1013 711 1048 apud
727 1014 801 1049 ipsos
815 1015 971 1045 divinitatis

179 1054 314 1089 dignatio,
338 1059 367 1083 et
389 1056 489 1084 exinde
518 1057 692 1087 Dominicum
720 1067 822 1096 corpus
856 1066 885 1089 ut
917 1070 967 1090 ve-

179 1108 242 1127 rum
263 1109 365 1136 corpus
388 1103 512 1130 confiteri
536 1112 591 1132 non
623 1105 773 1134 sustinent.
795 1107 849 1135 Per
884 1109 971 1137 dicto-

179 1154 241 1173 rum
262 1147 336 1175 enim
353 1149 483 1176 astutiam
512 1155 645 1179 mutatum
664 1152 750 1181 fuisse
777 1154 844 1182 illud
857 1154 884 1182 in
898 1155 971 1183 divi-

163 1190 165 1193 ⁴
178 1193 293 1221 nitatem
310 1202 378 1222 vane
389 1197 556 1231 excogitant.
570 1198 679 1225 unicam
694 1199 793 1227 exinde
806 1199 970 1236 eilingentes

143 2631 158 2762 ξ

178 1243 317 1272 naturam,
327 1245 355 1268 et
365 1241 438 1268 illam
451 1249 505 1269 non
518 1242 692 1272 invenientes
702 1244 795 1273 dicere
804 1247 893 1280 qualis
901 1248 946 1275 sit.
958 1258 968 1274 I

215 1285 248 1312 Et
267 1286 349 1320 paulo
368 1291 428 1322 post
449 1296 455 1314 :
477 1297 486 1314 ‹
509 1289 656 1324 Fugiamus
677 1291 739 1318 illos
759 1291 805 1326 qui
826 1292 970 1327 dividunt;

179 1330 202 1357 si
220 1331 293 1358 enim
309 1335 337 1359 et
353 1332 453 1367 duplex
469 1339 578 1365 natura.
597 1335 681 1370 igitur
696 1337 873 1366 indivisibilis
889 1343 916 1366 et
933 1340 973 1367 la-

178 1377 267 1403 cerari
285 1385 346 1412 qua:
363 1379 458 1414 nequit
476 1380 607 1408 axlunatio
626 1382 653 1409 in
672 1390 725 1410 una
744 1383 865 1412 filietatis
887 1385 972 1413 confi-

180 1422 262 1450 tenda
275 1431 392 1458 persona
408 1430 436 1453 et
450 1434 503 1453 una
518 1427 676 1462 hypostasi;
693 1428 831 1464 fugiamus
846 1431 910 1458 illos
924 1433 971 1467 qui

182 1475 263 1494 unam
279 1473 402 1496 naturam
418 1475 479 1505 post
493 1471 690 1499 adunationem
706 1473 876 1501 mendaciter
887 1482 972 1510 expo-

179 1517 251 1540 nunt
268 1523 275 1540 τ
292 1522 355 1541 nam
374 1516 456 1542 unius
473 1518 602 1550 notione,
621 1518 654 1545 ad
672 1519 828 1553 passionem
846 1520 972 1556 impassi-

180 1558 228 1586 bili
246 1559 301 1587 Deo
316 1561 519 1589 attribuendam
537 1562 718 1591 inducuntur.
738 1574 747 1590 ι

209 1616 303 1652 Cynlli
316 1625 329 1644 e
344 1619 498 1646 tractatibus
514 1624 606 1648 contra
623 1620 775 1650 Nestorium
790 1623 816 1650 in
830 1624 943 1651 secundo

509 1664 640 1683 srrmonc.

219 1705 228 1721 ι
243 1695 333 1724 Unum
347 1698 489 1731 conﬁtere,
503 1704 614 1728 naturas
628 1709 683 1728 non
698 1701 835 1736 dividens,
849 1703 930 1730 simul
943 1709 971 1731 et

180 1745 270 1773 sciens
286 1743 359 1780 quod
378 1744 470 1772 carnis
483 1744 595 1779 quidem
610 1749 652 1772 est
668 1754 758 1774 sermo
773 1747 853 1780 alter,
869 1748 970 1776 divini-

180 1792 246 1818 tatis
258 1799 321 1818 vero
334 1790 380 1825 qui
394 1791 480 1825 ipsam
493 1791 577 1818 solam
591 1791 680 1819 decet.
698 1801 707 1818 ›
722 1793 792 1821 Ecce
808 1801 874 1829 ergo
896 1795 970 1822 clare

180 1837 213 1864 ad
229 1845 282 1864 non
300 1836 474 1864 auferendam
491 1837 695 1872 duplicitatem,
709 1840 757 1866 sed
772 1848 827 1867 non
843 1841 970 1869 dividen-

180 1883 243 1910 dam
257 1883 383 1910 hortatur
396 1882 468 1910 illam
483 1891 543 1917 qua:
555 1883 656 1918 duplex
669 1885 746 1919 juxta
765 1890 879 1913 naturas
899 1887 971 1914 exsi-

180 1929 246 1961 stit,
266 1931 294 1955 et
311 1928 533 1964 cognoscendum
557 1929 583 1956 in
605 1930 678 1964 quali
691 1930 767 1958 verbi
784 1931 969 1960 did’erentiam

178 1974 296 2002 alterius
318 1974 352 2001 ad
377 1974 490 2002 alteram
514 1975 588 2007 vult,
612 1979 726 2004 naturas
750 1976 845 2005 dicens
867 1982 896 2005 et
917 1979 970 2007 alia

180 2020 276 2048 verba.

197 2077 328 2113 Ejusdem
344 2085 375 2104 ex
391 2078 608 2112 interpretatione
622 2077 750 2112 Epistula
767 2079 801 2105 ad
819 2079 950 2114 Hebrwos,

466 2113 580 2140 scurrula
598 2117 684 2148 parte.

219 2167 229 2183 ‹
247 2157 286 2185 Ad
305 2157 422 2184 invicem
439 2156 617 2184 incffabiliter
631 2160 659 2184 ct
675 2165 758 2192 supra
774 2166 885 2186 sensum
903 2168 971 2188 con-

179 2208 317 2231 venerunt
331 2202 462 2230 divinitas
476 2207 503 2230 et
518 2202 684 2232 humanitas.
697 2207 726 2230 et
738 2203 898 2232 differentes
909 2206 970 2241 qui-

819 180 976 211 LEONTII
999 181 1201 214 BYZANTINI

182 237 258 268 fecit.
276 235 417 272 cognitum
434 242 483 270 per
498 233 619 262 Verbum
640 243 692 262 nec
714 235 898 269 confundens,
920 244 969 264 nec

1026 247 1053 264 τε
1059 247 1104 274 ρον
1129 240 1275 266 ἀπετέλεσε
1292 260 1298 271 ,

1752 188 1819 220 περι

1325 239 1527 277 γνωριζόμενον
1548 243 1640 277 μέντοι
1671 243 1722 270 dav
1727 245 1819 280 τχύτῳ

1025 285 1072 311 καὶ
1087 285 1233 321 ἀδιαιρέτῳ
1247 286 1337 321 Λόγῳ,
1351 286 1401 313 οὐκ
1414 287 1443 313 ἔν
1458 288 1507 322 μιᾷ
1526 289 1593 324 μόνῃ
1609 289 1700 323 φύσει,
1720 289 1818 318 ἀλλ’ὲν

1022 330 1084 357 δυσὶ
1100 331 1229 363 τελείαις.
1262 331 1323 358 Ἐπὶ
1345 333 1399 368 γὰρ
1415 333 1491 368 μιᾶς,
1508 333 1568 365 πῶς
1590 334 1620 361 τὸ
1646 335 1817 371 ἀσύγχυτονς

1023 377 1081 408 πῶς
1101 378 1132 403 τὸ
1152 377 1322 412 ἀδιαιρέτου
1338 378 1397 410 πῶς
1412 379 1429 414 ἡ
1443 379 1542 412 ἓνωσις
1562 379 1669 417 λεχθείη
1695 383 1759 410 ποτέ
1774 391 1781 416 ;
1798 385 1814 420 ἡ

1022 423 1077 457 γὰρ
1095 423 1144 459 μία
1164 425 1248 460 ἑαυτῇ
1265 424 1401 458 ὲνοῦσθαι,
1417 426 1433 457 ἢ
1447 427 1619 462 συγχεῖσθαι,
1634 428 1650 464 ἢ
1669 429 1698 462 ἐξ
1715 430 1816 465 ἑαυτῆς

1022 468 1197 505 διαιρεῖσθαι,
1212 470 1243 496 οὐ
1274 470 1398 498 δύναται.
1415 481 1424 497 ι
1440 472 1497 498 Καὶ
1516 473 1585 508 μετὰ
1601 473 1716 509 βραχέα·
1732 484 1742 500 ε
1760 475 1816 502 Πά-

1023 513 1064 541 λιν
1077 514 1121 541 ἐπ’
1135 514 1199 542 ἄλλο
1226 516 1437 551 μεταπηδῶντές
1463 526 1541 552 φασι,
1569 518 1639 552 μετὰ
1653 519 1703 554 τὴν
1717 520 1815 547 ἕνωσιν

1025 561 1062 595 μὴ
1088 561 1188 596 χρῆναι
1209 561 1299 596 λέγειν
1314 562 1361 589 δύο
1378 562 1621 600 φύσειςκπρόσεχε
1640 567 1673 601 τῇ
1692 565 1813 602 σημασίᾳ

1021 608 1068 634 τοῦ
1085 608 1180 643 ῥητοῦ·
1194 608 1293 636 ἕνωσιν
1305 606 1395 642 εἶπας·
1414 609 1512 637 ἕνωσιν
1531 609 1559 637 δὲ
1575 611 1640 645 μιᾶς
1657 612 1707 638 οὐκ
1722 612 1756 639 ἄν
1768 612 1814 639 εὖ.

1023 662 1081 688 pm;
1107 654 1264 689 γινομένην.
1287 664 1296 680 ι
1314 655 1370 682 Καὶ
1387 655 1456 690 μετὰ
1473 655 1589 692 βραχέαι
1615 666 1625 683 ι
1647 657 1768 685 Εῑώοασι
1785 659 1814 685 δὲ

1022 700 1069 725 καὶ
1088 700 1166 726 τοῦτο
1182 700 1345 735 προτείνειν·
1362 701 1434 737 Ἆρα
1449 702 1480 729 οὐ
1494 702 1524 728 τὺ
1543 702 1624 737 σῶμα
1637 703 1684 730 καὶ
1698 703 1729 730 τὺ
1745 701 1815 739 αἷμα

1021 745 1068 772 τοῦ
1086 745 1154 772 Θεοῦ
1171 746 1347 782 λαμϐάνομεν
1364 747 1468 780 πιστῶς
1479 749 1527 775 καὶ
1542 749 1680 782 εὐσεϐὦςς
1696 750 1760 783 Ναὶ,
1775 750 1816 777 λε-

1022 791 1111 818 κτέον·
1124 792 1174 827 οὐχ
1186 793 1226 819 ὅτι
1239 792 1319 828 σῶμα
1335 793 1382 820 καὶ
1395 792 1476 828 αἷμα,
1494 794 1526 820 τὺ
1544 794 1621 822 Θίῖον
1637 795 1691 830 πρὸ
1706 796 1754 832 τῆς
1768 796 1813 822 ὲν-

1017 833 1228 873 ανορωπήσεως
1253 838 1387 874 ἐκέκτητο
1409 839 1500 874 φύσει·
1515 840 1573 867 ἀλλ’
1592 841 1684 877 ἐπειδὴ
1707 842 1742 869 τὰ
1763 843 1814 877 τῆς

1024 884 1126 919 σαρκὸς
1141 884 1312 916 ἰδιοποεῖται,
1330 885 1402 920 ἔχειν
1416 885 1526 920 λέγεται
1541 887 1637 913 ταῦτα’
1653 886 1676 914 ὣ
1690 887 1736 914 τοῦ
1751 888 1814 915 ἀτο-

1024 931 1169 965 πήματοςῐ
1186 931 1208 957 ὣ
1224 931 1274 966 τῆς
1298 931 1414 964 ἀσεϐοῦς
1430 932 1567 964 διανοίαςῐ
1593 933 1744 961 κινδυνεύει
1759 935 1814 970 γὰρ

1023 977 1088 1012 παρ’
1101 977 1193 1009 αὐτοῖς
1213 976 1263 1012 τῆς
1286 977 1415 1013 θεότητος
1428 978 1458 1005 τὸ
1473 978 1592 1014 ἀξίωμα,
1613 979 1661 1006 καὶ
1684 979 1766 1007 πάλιν
1782 980 1813 1007 τὺ

1021 1023 1162 1058 κυριακὸν
1188 1023 1270 1058 σῶμα
1293 1023 1331 1056 ὡς
1354 1024 1481 1059 ἀληθινὸν
1505 1025 1584 1060 σῶμα
1601 1025 1743 1060 ὁμολογεῖν
1762 1027 1814 1054 οὐκ

1024 1068 1179 1104 ἀνέχονται·
1194 1069 1228 1096 δι’
1243 1069 1365 1102 ἐπινοίας
1378 1070 1432 1106 γὰρ
1449 1071 1547 1104 λέξεων
1567 1072 1720 1107 τετράφθαι
1733 1073 1814 1100 τοῦτο

1022 1116 1062 1147 εὶς
1075 1115 1191 1150 θεότητα
1205 1116 1399 1151 φαντάζονται,
1416 1117 1481 1151 μιαν
1494 1117 1621 1145 ἐντεῦθεν
1636 1119 1813 1146 κατασκευά-

1022 1161 1116 1193 ζοντες
1131 1161 1222 1196 φύσιν*
1237 1162 1284 1189 καὶ
1298 1161 1384 1197 αὐτὴν
1399 1162 1472 1194 τινος
1486 1160 1568 1196 εἶναι,
1583 1163 1620 1200 μὴ
1637 1163 1813 1200 εὑρίσκοντες

1022 1206 1084 1242 λέγε
1091 1215 1124 1235 ιν.
1143 1216 1152 1232 ι

1070 1295 1125 1322 Καὶ
1161 1297 1220 1329 μετ’
1254 1297 1344 1331 ὀλίγα·
1374 1306 1383 1323 ι
1412 1298 1545 1333 Φύγωμεν
1575 1297 1640 1327 τοὺς
1678 1298 1813 1335 διαιροῦντ

1022 1350 1082 1373 τας’
1095 1342 1119 1368 εἰ
1132 1342 1186 1377 γὰρ
1210 1343 1258 1369 καὶ
1274 1343 1350 1378 διττὴ
1369 1344 1385 1378 ὴ
1411 1343 1502 1378 φύσις,
1519 1343 1577 1371 ἀλλ’
1589 1343 1635 1371 οὖν
1660 1344 1812 1380 ἀδιαίρετος

1023 1389 1069 1414 καὶ
1083 1388 1266 1420 ἀδιάσπαστος
1282 1390 1298 1424 ὴ
1316 1389 1424 1422 ἓνωσις,
1439 1392 1468 1417 ὲν
1484 1390 1524 1417 ἑνὶ
1543 1391 1593 1426 τῆς
1610 1391 1734 1426 υῑότητος
1751 1393 1813 1426 όμοο

1021 1433 1176 1469 λογουμένη
1195 1433 1346 1469 προσώπῳ,
1363 1435 1409 1462 καὶ
1433 1436 1483 1471 μιᾷ
1499 1436 1660 1463 ὑποστάσει·
1680 1435 1811 1472 φύγωμεν

1021 1479 1084 1511 τοὺς
1108 1479 1173 1515 μίαν
1190 1480 1271 1514 φύσιν
1287 1480 1356 1515 μετὰ
1377 1480 1427 1516 τὴν
1442 1481 1540 1508 ἕνωσιν
1565 1483 1810 1518 τερατευομὲνοιις·

1022 1527 1054 1561 τῇ
1069 1525 1122 1561 γὰρ
1137 1525 1187 1560 τῆς
1212 1526 1277 1560 μιᾶς
1297 1525 1414 1562 ἐπινοίᾳ,
1442 1527 1482 1562 τῷ
1509 1527 1612 1554 ἀπαθεῖ
1635 1527 1695 1564 Θεῷ
1725 1528 1812 1560 πάθος

1022 1571 1190 1606 προσάπτειν
1210 1570 1377 1606 ἐπείγονται.
1394 1582 1403 1598 ι

1023 1628 1176 1662 Κιψίλλου
1189 1627 1225 1654 ἐκ
1238 1627 1296 1654 τῶν
1312 1629 1568 1691 κατέόΝεσι-ορίου
1580 1630 1616 1658 ἐν
1628 1630 1668 1663 τῷ
1681 1630 1812 1666 δευτέρῳ

1407 1672 1456 1691 rm.

1365 1672 1403 1691 λο
1448 1684 1456 1691 .

1060 1719 1070 1734 σ
1094 1709 1276 1745 Ὀμολόγησον
1290 1709 1349 1742 ἕνα,
1378 1672 1540 1746 μὶῖἵὲιαιρῶν
1559 1710 1609 1742 τὰς
1622 1710 1728 1746 φύσεις,
1742 1712 1812 1747 μετὰ

1021 1755 1069 1782 τοῦ
1084 1755 1185 1782 ειδέναι
1202 1756 1242 1782 δτι
1259 1755 1360 1790 σαρκὸς
1376 1756 1426 1791 μὲν
1449 1756 1543 1792 ἔτερος
1570 1757 1660 1791 λόγος,
1683 1757 1811 1793 θεότητος

1021 1800 1050 1827 δὲ
1064 1801 1078 1826 ό
1096 1801 1164 1837 αὐτῇ
1180 1801 1227 1827 καὶ
1242 1801 1309 1836 μόνῃ
1324 1801 1449 1836 πρέπων.
1469 1811 1480 1828 ›
1500 1801 1565 1829 Ἰδοὺ
1585 1800 1632 1829 οὖν
1647 1802 1750 1836 σαφῶς,
1760 1804 1811 1830 οὐκ

1022 1847 1142 1883 ἀναιρεῖν
1153 1847 1203 1882 τὴν
1215 1847 1308 1879 δυάδα,
1324 1847 1392 1874 ἀλλὰ
1409 1848 1446 1883 μὴ
1461 1848 1577 1884 διαιρεῖν
1591 1849 1720 1884 παραινεῖ
1731 1849 1810 1884 τήνδε

1020 1892 1069 1928 τὴν
1096 1893 1168 1919 κατὰ
1185 1893 1235 1924 τὰς
1251 1893 1356 1928 φύσεις.
1372 1892 1518 1927 γινώσκειν
1541 1901 1571 1920 τε
1595 1893 1665 1929 πρὸς
1679 1893 1717 1929 τῷ
1733 1894 1810 1930 ποσῷ

1021 1939 1068 1966 καὶ
1093 1939 1142 1975 τὴν
1165 1939 1299 1974 διαφορὰν
1319 1938 1366 1965 τοῦ
1391 1938 1470 1973 λόγου
1488 1939 1606 1974 θατέρας
1623 1939 1692 1974 πρὸς
1711 1939 1810 1975 ἑτέραν

1021 1984 1157 2021 βούλεται,
1176 1985 1271 2020 φύσεις
1286 1994 1317 2012 τε
1332 1984 1417 2012 εἰπὼν
1431 1986 1478 2012 καὶ
1495 1985 1607 2021 ἐτέρους
1621 1985 1728 2020 λόγους.

1024 2087 1079 2115 Τοῦ
1092 2087 1185 2115 αὐτοῦ
1201 2088 1236 2115 ἐκ
1246 2087 1301 2119 τῆς
1318 2087 1476 2121 ἑρμηνείας
1489 2086 1543 2120 τῆς
1556 2085 1632 2121 πρὸς
1656 2085 1810 2120 Ἐϐραίους

1179 2120 1183 2124 ”
1284 2120 1425 2156 δευτέρου
1439 2122 1542 2156 τόμον.

1058 2178 1068 2194 ι
1090 2167 1289 2206 Συνέόησαν-δὲ
1309 2167 1438 2203 ἀλλήλαις
1453 2167 1619 2202 ἀπορρήτως
1631 2175 1661 2194 τε
1673 2167 1720 2194 καὶ
1737 2167 1809 2203 ὑπὲρ

1020 2215 1083 2243 νοῦν
1102 2215 1198 2250 θεότης
1221 2214 1269 2241 καλ¹
1292 2213 1480 2248 ἀνθρωπότης·
1500 2213 1547 2239 καὶ
1566 2213 1690 2248 διάφοροι
1714 2213 1762 2247 μὲν
1780 2213 1807 2239 αἱ

178 2249 243 2277 dem
264 2253 370 2276 naturae
390 2249 417 2275 in
438 2248 574 2280 confesso,
593 2256 664 2275 unus
683 2253 775 2277 tamen
793 2254 821 2277 et
840 2251 916 2279 solus
935 2260 968 2279 ex

1026 2262 1117 2296 ptiust;
1136 2248 1378 2296 ὁμολογουμένως,
1399 2259 1470 2295 πλὴν
1490 2256 1531 2291 εἷς
1555 2268 1585 2286 τε
1604 2259 1651 2286 καὶ
1677 2259 1755 2294 μόνος
1779 2258 1809 2291 ἐξ

178 2296 314 2323 ambobus
332 2295 427 2323 Filius.
449 2304 458 2320 ι
479 2294 557 2328 Quod
574 2303 640 2330 ergo
657 2295 832 2328 differentes,
850 2297 923 2332 quod
941 2302 969 2326 et

176 2348 285 2370 naturae
297 2347 371 2374 sunt,
386 2341 471 2368 novit.
491 2341 518 2369 Si
534 2349 599 2377 ergo
615 2350 668 2369 non
685 2346 799 2369 naturas
815 2349 877 2378 post
892 2351 969 2371 com-

177 2386 345 2422 positionem
359 2385 439 2418 dicit,
454 2393 503 2412 nec
515 2385 638 2413 diversas
650 2385 821 2413 divinitatem
834 2391 861 2414 et
873 2387 971 2415 huma-

177 2432 306 2459 nitatem.

331 2477 457 2513 Ejusdcm
473 2485 504 2504 ea:
521 2477 622 2510 eadem,
639 2484 714 2505 sexta
732 2482 818 2513 parte.

219 2535 227 2549 ι
248 2523 276 2552 Si
295 2524 368 2551 cnim
390 2524 546 2559 cogitantur
565 2523 680 2550 diversa:
700 2528 728 2551 et
747 2524 820 2551 inter
839 2531 867 2552 se
890 2523 972 2552 dissi-

180 2570 259 2599 miles
277 2577 292 2597 a
311 2569 395 2597 rebus
413 2569 440 2596 in
458 2567 653 2595 adunalioncm
672 2567 900 2597 convenientibus
920 2577 971 2597 na—

178 2621 258 2649 tunc,
272 2622 352 2644 carne
364 2615 426 2643 dico
437 2619 464 2642 ct
476 2614 543 2646 Deo.
556 2614 639 2650 igitur
650 2623 722 2642 unus
733 2620 761 2642 et
773 2616 848 2643 solus
858 2623 923 2643 vere
937 2624 971 2643 ex

179 2662 313 2690 ambobus
335 2661 415 2688 ﬁlius.
443 2670 452 2686 ι
475 2660 596 2687 Evidens
616 2664 659 2687 est
679 2668 745 2695 ergo
767 2661 839 2695 quod
861 2661 971 2696 quando

180 2716 252 2737 unus
274 2717 307 2736 ex
329 2707 473 2739 ambobus,
497 2710 562 2734 tunc
584 2707 739 2742 cogitantur
757 2712 785 2734 et
807 2713 922 2739 naturae,
943 2712 971 2734 et

145 2751 153 2779 ἱ
180 2752 215 2781 ab
234 2753 352 2781 invicem
372 2751 520 2780 dissimiles
537 2751 610 2779 circa
626 2751 767 2779 Christum
785 2756 848 2787 post
865 2751 969 2779 aduna-

181 2799 295 2828 tionem.

285 2857 411 2892 Ejusilem
428 2865 441 2883 ε
458 2856 622 2884 deliurum
637 2855 750 2882 secundo
765 2856 863 2889 capite.

218 2913 230 2930 ‹
247 2903 317 2938 Quia
337 2903 439 2938 absque
458 2903 618 2931 confusione
638 2905 828 2929 remanserunt
848 2905 966 2932 naturae,

166 2947 176 2961 β

1020 2308 1122 2343 ἀμφοῖν
1136 2307 1209 2338 Υἱός.
1229 2307 1306 2334 »Ὅτι
1323 2315 1354 2333 τε
1368 2303 1413 2333 οῦν
1429 2306 1563 2340 διάφοροι.
1581 2304 1629 2332 καὶ
1645 2305 1688 2332 ὅτι
1702 2304 1748 2331 καὶ
1762 2304 1809 2339 φύ-

1021 2362 1079 2385 σεις
1091 2353 1155 2386 εἰσὶ,
1169 2351 1249 2380 οἶδεν·
1266 2353 1290 2379 εἰ
1305 2349 1353 2379 οῦν
1367 2351 1404 2386 μὴ
1420 2351 1515 2385 φύσεις
1528 2350 1597 2386 μετὰ
1609 2350 1659 2386 τὴν
1672 2350 1808 2386 σύμϐασιν

1019 2399 1104 2434 λέγει,
1118 2398 1179 2425 οὔτε
1193 2398 1337 2433 διαφόρους
1353 2396 1467 2431 ϐεότητα
1485 2396 1533 2423 καὶ
1547 2395 1756 2432 ἀνθρωπότητα.

1129 2478 1183 2506 Τοῦ
1205 2476 1299 2505 αὑτοῦ
1315 2476 1349 2503 ὲκ
1370 2475 1426 2510 τῆς
1441 2474 1537 2509 αὐτῆς
1553 2475 1646 2510 τόμου
1665 2474 1693 2508 ς’

1060 2534 1069 2550 ε
1096 2525 1128 2551 Εἰ
1150 2523 1205 2559 γὰρ
1232 2523 1280 2550 καὶ
1307 2521 1430 2549 νοοῦνται
1457 2521 1592 2556 διάφοροι,
1610 2521 1658 2547 καὶ
1679 2520 1810 2556 ἀλλήλαις

1021 2571 1107 2598 ἄνισοι
1126 2569 1180 2595 τῶν
1192 2569 1232 2600 εις
1251 2567 1366 2603 ἑνότητα
1384 2565 1645 2602 συνδεδραμηκότων
1656 2566 1684 2592 αἱ
1701 2564 1808 2598 φύσεις,

1022 2615 1122 2651 σαρκὸς
1139 2614 1170 2648 δὴ
1185 2614 1258 2648 λέγω
1272 2613 1318 2641 καὶ
1339 2612 1418 2645 Θεοῦ,
1432 2612 1490 2639 ἀλλ’
1506 2609 1553 2638 οῦν
1572 2609 1613 2642 εἷς
1625 2619 1655 2637 τε
1669 2611 1716 2637 καὶ
1731 2610 1810 2646 μόνος

1021 2662 1035 2688 ὁ
1048 2661 1076 2694 ἐξ
1089 2661 1190 2695 ἀμφοῖν
1205 2659 1270 2691 Υἱδς
1283 2657 1402 2693 ἀληθῶς.
1422 2667 1430 2684 ι
1450 2657 1532 2692 Δῆλον
1544 2656 1597 2691 ἄρα
1610 2656 1651 2682 ὅτι
1666 2656 1711 2683 ὅτε
1727 2653 1767 2687 εἷς
1781 2656 1810 2689 ἐξ

1022 2707 1134 2741 ἀμφοῖν,
1152 2705 1212 2732 τότε
1226 2705 1273 2732 καὶ
1288 2704 1411 2731 νοοῦνται
1435 2703 1483 2730 καλ⁵
1501 2702 1607 2737 φύσεις,
1620 2701 1668 2728 καὶ
1680 2701 1811 2736 ἀλλήλαις

1021 2751 1108 2778 ἄνισοι
1123 2751 1169 2777 ἐπὶ
1188 2750 1307 2786 Χριστοῦ
1328 2749 1396 2785 μετὰ
1412 2749 1460 2783 τὴν
1473 2748 1579 2775 ἕνωσιν.

1025 2854 1079 2882 Τοῦ
1097 2853 1190 2880 αὑτοῦ
1216 2853 1249 2880 ἐκ
1273 2853 1325 2879 τοῦ
1346 2856 1381 2879 ια’
1401 2851 1567 2886 κεφαλαίου
1590 2850 1648 2877 τῶν
1664 2850 1809 2884 Σχολίων.

1062 2909 1070 2925 ι
1091 2899 1152 2925 Ὀτι
1167 2898 1195 2925 δὲ
1219 2898 1367 2933 had-(xum:
1389 2895 1578 2932 μεμενήκασιν
1592 2896 1620 2922 αι
1637 2895 1742 2930 φύσεις,
1761 2893 1810 2920 εἰτ’
