1963 3077
169 141 232 175 183i

799 137 956 168 LEONTII
975 136 1178 168 BYZANTINl

1724 139 1792 171 1832

163 200 256 228 carnis
277 200 364 228 oculis
388 199 536 235 quidquam
561 196 752 239 considerare,
776 203 830 222 non
859 195 949 229 rcipsa

1005 193 1143 229 θεωρεῖται
1163 202 1200 226 τι,
1217 194 1267 221 οὐκ
1288 193 1373 226 ὅντως
1390 191 1459 222 εἶναι
1474 195 1533 222 τόδε
1546 194 1657 223 οἴονται·
1673 196 1727 231 ἄρα
1745 195 1792 223 οὖν

120 251 122 254 '
164 253 225 273 esse
244 246 312 273 illud
333 246 513 273 arbitramur.
528 243 613 279 igitur
623 249 676 270 nec
685 241 799 277 angelus
814 248 866 268 nec
879 241 952 268 Deus

130 291 133 297 '
167 292 233 325 erit,
246 299 296 320 nec
311 292 377 327 quid
394 290 579 326 spiritualium
592 288 765 323 simpliciter.
781 296 790 312 ι

190 350 329 385 Ejusdem,
346 357 377 376 ea:
392 358 413 381 ιη
424 348 501 375 ἰδιοία
517 348 552 374 ad
565 347 671 374 Jusfunt
690 346 779 373 Rome
793 346 952 380 episcopum.

203 435 211 451 ι
226 426 282 460 Ego
295 425 369 452 enim
382 432 433 452 nec
443 424 591 452 eonvincoi-
603 423 650 458 qui
662 423 737 450 aliud
752 423 818 458 quid
831 429 950 457 unquam

165 471 352 506 cogitaverim,
363 478 445 504 quam
461 470 535 505 quod
546 470 688 497 conl‘orme
704 469 813 496 videtur
830 468 951 500 veritati,

165 523 218 543 nec
234 516 391 551 passibilem
413 516 469 543 dixi
489 523 608 550 unquam
630 515 752 542 divinam
768 514 852 542 Verbi
869 518 950 540 natu-

167 569 235 588 ram.
254 571 263 587 ι
286 561 321 588 Ει
338 561 419 596 paulo
435 565 497 596 post
514 570 520 588 :
539 571 546 586 ι
562 561 629 588 Novi
644 566 672 588 et
687 559 884 595 impassibilem
904 559 950 586 Dei

165 612 291 634 naturam
305 611 333 634 et
346 606 451 633 ﬁrmam
465 610 493 633 et
507 606 718 637 immutabilem,
732 606 798 632 licet
812 605 840 632 in
852 605 951 632 huma-

161 653 256 680 nitatis
271 656 381 685 natura,
395 656 423 680 et
437 660 522 679 unum
538 653 566 679 in
580 651 716 679 ambobus
731 655 760 678 et
771 658 803 679 ex
816 651 952 678 ambobus

160 698 312 726 Christum.
328 708 337 724 ι

163 755 303 782 Athanasii
324 755 352 781 in
373 754 568 782 Commentario
593 758 679 781 textus
699 761 707 780 :
725 763 735 779 ι
755 754 848 784 Amen.
872 761 950 781 amen

180 790 236 816 dico
248 790 328 822 vobis,
344 793 486 824 antequam
497 789 631 816 Abraham
641 789 727 823 ﬁeret,
743 797 789 824 ego
801 797 859 816 sum
873 789 905 815 ¹³.
919 798 929 814 ›

200 844 209 860 ι
231 835 403 870 [inpudentia
422 834 566 862 evidenter
586 843 641 862 non
658 834 806 870 dupliciter
827 835 949 869 cogitare

1004 239 1065 266 οὐδὲ
1079 239 1205 275 ἄγγελος,
1228 239 1289 266 οὐδὲ
1308 239 1374 272 Θεὸς
1398 239 1484 273 ἔσται,
1496 239 1557 267 οὐδέ
1578 249 1604 267 τι
1619 241 1674 268 τῶν
1690 241 1793 278 νοητῶν

1004 285 1107 317 ἁπλῶς.
1127 295 1137 312 ι

1006 341 1061 369 Τοῦ
1089 342 1195 376 αὐτοῦ,
1216 342 1250 369 ἐκ
1276 341 1331 376 τῆς
1359 343 1432 376 πρὸς
1466 343 1602 371 Ἰοῦστον
1621 342 1793 371 ἐπίσκοπον

1248 377 1362 412 Ῥώμης
1376 378 1552 413 ἐπιστολῆς.

1042 431 1051 448 ι
1079 421 1151 456 Ἐγὼ
1172 422 1227 458 γὰρ
1251 422 1314 450 οὔτε
1337 424 1485 459 ἑλέγχομαι
1505 424 1685 459 πεφροντικὼς
1697 425 1791 456 ετερόν

1001 477 1028 494 τι
1043 468 1153 495 πώποτε
1171 469 1246 504 παρὰ
1267 469 1297 496 τὸ
1312 469 1408 497 δοκοῦν
1433 471 1467 505 τῇ
1487 470 1614 506 ἀληθείᾳ,
1625 469 1686 497 οὔτε
1700 470 1789 504 παθη-

1001 514 1052 550 τὴν
1062 514 1162 550 εἴρηκά
1175 523 1244 542 ποτε
1260 516 1310 550 τὴν
1331 515 1408 542 θείαν
1420 515 1466 542 τοῦ
1484 516 1571 550 Λόγου
1598 517 1688 551 φύσιν.
1708 525 1717 542 ι
1734 517 1788 543 Καὶ

1003 560 1074 595 μετὰ
1094 559 1193 595 βραχύ¹
1212 569 1222 586 ι
1243 558 1308 587 Οἶδα
1322 560 1350 586 δὲ
1366 560 1413 586 καὶ
1426 559 1521 595 ἅπαθῆ
1532 559 1582 596 τὴν
1597 559 1644 586 τοῦ
1658 559 1725 586 Θεοῦ
1740 559 1789 593 φύ-

1003 614 1045 632 σιν
1061 606 1108 633 καὶ
1123 606 1258 642 ἄτρεπτον
1282 607 1329 633 καὶ
1350 606 1530 634 ἀναλλοίωτον
1555 607 1608 633 κᾶν
1630 607 1663 640 τῇ
1680 606 1728 640 τῆς
1745 606 1790 631 ἀν-

1002 651 1176 687 θρωπότητος
1202 652 1292 686 φύσει,
1316 652 1363 678 καὶ
1382 651 1431 678 ἕνα
1453 651 1483 678 ἐν
1503 652 1605 686 ἀμφοῖν
1620 651 1669 678 καὶ
1687 651 1717 683 ἐξ
1735 651 1789 686 ἀμ-

1001 697 1061 731 φοῖν
1081 696 1127 723 τδν
1141 696 1269 732 Χριστόν.
1285 705 1296 722 ›

1007 751 1180 779 Ἆθανασιου
1196 752 1231 779 ὲν
1245 750 1282 787 τῇ
1296 751 1439 787 ἐξηγήσει
1463 751 1517 778 τοῦ
1528 759 1535 767 ·
1558 760 1568 777 ‹
1590 751 1690 787 ᾎμὴν,
1707 751 1790 785 ἀμὴν

1027 787 1105 822 λέγω
1119 787 1199 822 ὑμῖν,
1214 788 1286 821 πρὶν
1306 787 1429 821 Ἀϐραὰμ
1438 787 1576 822 γενέσθαι
1588 786 1645 821 ἐγώ
1659 787 1728 820 ειμι.
1747 795 1756 811 ι

1040 842 1049 858 ι
1075 833 1266 868 ’Δναισχυντία
1281 833 1376 867 σαφῶς
1389 832 1419 859 τὸ
1438 832 1474 867 μὴ
1489 831 1569 867 διχῶς
1585 832 1655 858 νοεῖν
1666 831 1711 857 τὶν
1721 830 1789 865 Χριο

160 881 313 914 Christum,
336 882 431 910 divine
446 887 475 909 ct
488 882 655 909 humaniter.
676 891 685 907 ι
703 882 733 909 1η
755 882 836 909 tertio
853 886 948 909 contra

1005 879 1063 905 στὸν
1079 878 1179 911 θεῖκῶς
1201 887 1230 905 τε
1246 879 1293 906 καὶ
1312 878 1501 914 ἀνθρωπίνως.
1521 887 1531 903 ι
1548 877 1593 904 ‘Ev
1607 877 1636 904 δὲ
1654 877 1692 912 τῷ
1718 876 1789 903 κατὰ

162 928 278 956 Arianos
293 936 419 956 sermone
441 928 529 955 dicit:
547 937 556 952 ι
571 927 669 955 Omnia
691 935 752 962 qua:
774 928 802 954 in
819 927 949 954 humani-

163 974 227 1001 tatis
251 979 374 1009 tempore
393 982 408 1001 ο
427 974 567 1001 Salvatore
589 974 700 1002 Christo
722 975 791 1001 facta
813 979 879 1002 sunt
901 978 950 1001 aut

163 1020 249 1052 dicta,
264 1026 292 1047 et
306 1020 377 1047 facta
389 1024 418 1047 ct
432 1020 505 1048 dicta
516 1020 647 1048 unitatem
660 1021 753 1048 formae
768 1028 822 1047 nor.
837 1020 949 1053 habent,

159 1065 319 1093 differentia
336 1073 403 1093 vero
414 1069 465 1092 est.
485 1076 495 1092 ι

209 1119 300 1147 Sancti
315 1120 408 1156 Cyrilli
423 1128 455 1148 ea:
467 1121 627 1148 allocutione
644 1121 678 1147 ad
691 1120 897 1148 Alexandrinos.

201 1207 208 1222 ι
224 1197 374 1225 lnetTabilis
389 1198 520 1226 adunatio
535 1206 617 1234 quam
631 1202 705 1226 recte
723 1198 876 1234 cogitantes
886 1207 952 1227 con-

163 1242 275 1270 ﬁtentur
289 1243 384 1271 ambas
397 1244 484 1270 salvat
500 1244 657 1272 iuconl‘usas
673 1249 796 1277 naturas,
821 1250 849 1272 et
864 1253 949 1272 unum

164 1289 273 1323 perlicit
284 1293 311 1316 et
326 1297 360 1316 ex
377 1289 512 1317 ambobus
529 1290 618 1317 visum
631 1289 784 1323 Christum,
802 1290 889 1318 Deum
901 1298 951 1326 pa-

134 1342 138 1346 “
163 1335 231 1361 riter
258 1339 286 1361 et
309 1331 449 1362 hominem
475 1335 575 1362 factum
597 1338 725 1363 eumdem
749 1340 777 1363 et
800 1343 857 1362 non
881 1335 952 1363 duos

160 1379 296 1412 Christos,
308 1388 392 1407 unum
406 1388 472 1408 vero
487 1385 593 1408 tantum
610 1381 770 1413 adunatum,
787 1385 815 1408 et
832 1389 888 1408 non
899 1382 951 1409 mi-

162 1430 248 1453 slum.
274 1425 303 1453 Si
321 1426 394 1453 enim
408 1426 559 1455 miscentur
572 1426 633 1454 duae
652 1431 756 1454 natura:
769 1427 796 1454 in
810 1427 951 1455 misturam

163 1479 246 1498 unam
266 1471 374 1499 diversa
387 1472 553 1500 exsistentes
564 1477 672 1506 natura,
692 1480 744 1500 nec
766 1478 881 1508 utraque
896 1475 952 1502 sal-

162 1516 283 1550 vabitur,
299 1517 347 1544 sed
364 1517 451 1545 ambae
471 1525 525 1545 una
544 1518 641 1545 infusa:
658 1518 692 1546 ab
707 1518 794 1546 oculis
814 1519 952 1555 subrepta;

162 1567 241 1594 sunt.
258 1571 310 1590 nec
332 1563 505 1591 intervallum
529 1564 564 1591 ab
589 1565 708 1592 invicem
731 1570 779 1592 aut
796 1565 952 1594 distinctio-

162 1616 225 1635 mm
242 1608 392 1636 admittunt
407 1610 574 1644 conjunctae;
590 1610 687 1637 mortis
703 1614 825 1646 tempore
838 1611 953 1639 sublata:

162 1657 226 1681 sunt
251 1659 277 1681 et
301 1658 451 1689 separata;
473 1659 502 1682 et
519 1656 610 1682 anima
637 1664 652 1684 a
676 1663 792 1691 corpore
818 1657 845 1684 in
869 1656 952 1685 inler‘

163 1706 228 1726 num
243 1706 305 1727 cum
328 1699 472 1727 divinitate
493 1701 646 1733 descendit,
676 1705 704 1728 et
717 1709 816 1736 corpus
837 1701 872 1728 ab
891 1701 952 1728 ani-

164 1753 205 1772 ma
223 1745 250 1772 in
269 1751 447 1774 monumento
467 1754 539 1774 novo
565 1747 696 1782 positum.
722 1748 799 1784 juxta
825 1755 879 1775 non
900 1747 952 1774 lal-

161 1792 236 1820 laces
260 1801 274 1818 τι
297 1793 407 1820 Christo
432 1801 516 1820 voces
535 1793 622 1821 dictas
643 1803 648 1821 :
667 1803 677 1819 ι
697 1794 800 1821 Solvite
821 1793 952 1828 templum

163 1839 227 1870 hoc,
240 1844 268 1867 et
284 1839 310 1866 in
324 1840 413 1867 tribus
430 1839 526 1867 diebus
541 1840 668 1867 excitabo
684 1840 750 1867 illud
763 1840 799 1874 “;
820 1849 829 1866 ι
850 1844 878 1867 et
894 1839 951 1867 sol-

163 1883 238 1911 vitur
269 1885 379 1920 quidem
418 1886 551 1921 templum
589 1885 616 1913 in
651 1889 774 1921 tempore
805 1884 952 1920 sepulturas

166 1929 248 1957 trium
263 1930 381 1964 dierum,
404 1935 486 1966 prout
500 1930 611 1958 volebat
632 1931 701 1966 ipse,
718 1935 746 1957 et
765 1930 863 1957 iterum
883 1930 951 1957 illud

166 1977 368 2010 ressuscitavit;
386 1977 430 2004 cui
456 1976 588 2004 ineﬂ‘abili
611 1980 639 2004 et
655 1976 831 2004 inenarrabili
845 1976 951 2004 ratione

162 2024 299 2049 atlunatus
313 2026 366 2056 est,
381 2030 436 2049 non
454 2023 481 2049 in
502 2022 594 2057 seipso
609 2022 707 2049 mistus
721 2025 769 2049 aut
795 2021 824 2049 in
840 2030 950 2050 carnem

164 2073 298 2100 mutatus,
317 2068 364 2095 sed
381 2069 408 2095 in
425 2069 516 2103 seipso
533 2067 642 2095 salvam
656 2071 816 2095 naturarum
835 2067 951 2096 diversa:

162 2113 291 2141 essentite
315 2113 473 2141 inconfusas
490 2113 690 2149 proprietates;
711 2120 852 2148 nunquam
875 2115 951 2142 enim

162 2160 314 2187 commista:
331 2164 395 2187 sunt
414 2163 528 2186 naturae.
548 2168 557 2184 ι
576 2158 679 2185 Deinde
693 2159 880 2186 testimonium
908 2160 951 2187 in-

1000 925 1150 960 ’Λρειανῶν
1159 926 1242 961 τρίτῳ
1251 925 1323 960 λόγῳ
1332 925 1409 960 φησι·
1421 934 1429 950 ι
1444 924 1535 950 Πάντα
1547 924 1580 950 τὰ
1587 925 1657 950 κατά
1671 923 1717 950 τὴν
1732 931 1788 950 και-

1003 973 1048 1008 ρὶιν
1060 973 1108 1007 τῆς
1126 972 1360 1008 ὲνανθρωπήσεως
1380 971 1419 1007 τῷ
1435 972 1541 1006 Σωτῆρι
1555 970 1664 1006 Χριστῷ
1680 977 1787 1005 πεπρα-

1001 1017 1101 1052 γμένα,
1113 1017 1198 1053 {now
1212 1017 1374 1051 λελεγμένα,
1393 1015 1545 1052 πράγματα
1557 1024 1586 1042 τε
1602 1015 1649 1042 καὶ
1663 1015 1786 1050 ῥήματα,

1001 1063 1031 1089 τὸ
1047 1063 1184 1098 μονοειδὲς
1198 1063 1248 1089 οὐκ
1264 1063 1331 1098 ἔχει.
1348 1062 1464 1097 διάφορα
1483 1061 1510 1088 δέ
1525 1061 1592 1088 ἔστι.
1609 1070 1619 1088 ι

1003 1119 1059 1147 Τοῦ
1075 1120 1162 1154 ἁγίου
1176 1119 1328 1154 Κυρίλλου
1345 1119 1380 1145 ἐκ
1404 1119 1457 1145 τοῦ
1481 1118 1557 1152 πρὸς
1581 1114 1787 1151 Ἀλεξανδρεῖς

1209 1154 1458 1189 προσφωνητικού
1476 1155 1581 1188 λόγου.

1041 1208 1050 1225 ι
1079 1198 1111 1226 Ἦ
1135 1199 1163 1226 δὲ
1178 1199 1295 1235 Moneo;
1313 1199 1408 1230 ἓνωσις
1434 1199 1509 1234 παρὰ
1530 1198 1585 1225 τῶν
1614 1197 1701 1234 ὀρθῶς
1720 1205 1789 1233 φρο-

1001 1244 1119 1279 νούντιιψ
1141 1244 1344 1280 ὁμολογουμένη
1359 1265 1366 1277 ,
1387 1244 1546 1279 ἀμφοτέρας
1566 1243 1647 1276 σώζει
1667 1243 1787 1279 ἀσυγχύ-

1001 1299 1064 1324 τους
1080 1291 1128 1323 τὰς
1140 1291 1247 1326 φύσεις,
1263 1292 1310 1318 καὶ
1324 1291 1372 1318 ἕνα
1389 1290 1516 1318 ἀποτελεῖ
1529 1291 1577 1317 καὶ
1586 1290 1615 1324 ἐξ
1631 1290 1733 1325 ἀμφοῖν
1743 1290 1788 1317 τὺν

1002 1337 1117 1373 ὀφθέντα
1133 1338 1262 1374 Χριστὸν,
1279 1337 1344 1364 Θεόν
1360 1345 1389 1364 τε
1407 1336 1474 1370 ὁμοῦ
1490 1337 1536 1364 καὶ
1551 1337 1692 1372 ἄνθρωπον
1711 1336 1788 1370 γενό-

1003 1392 1083 1420 μενον
1097 1384 1142 1410 τὸν
1159 1384 1249 1417 αὐτὸν,
1261 1384 1308 1410 καὶ
1328 1383 1358 1410 οὑ
1378 1383 1424 1410 δύο
1436 1383 1582 1419 Χριστοῦς,
1598 1382 1646 1409 ἕνα
1662 1382 1689 1409 δὲ
1708 1381 1788 1417 μόνον

1002 1428 1139 1456 ἑνωθέντα
1162 1429 1210 1455 καὶ
1229 1428 1259 1455 οὐ
1286 1428 1466 1464 κεκραμένον·
1493 1429 1516 1454 εἰ
1530 1428 1584 1463 γὰρ
1597 1428 1745 1463 κέκρανται
1758 1427 1788 1454 αἱ

997 1475 1047 1503 ,δύο
1060 1475 1153 1510 φύσεις
1175 1475 1216 1506 είς
1232 1473 1306 1510 μίξιν
1323 1475 1388 1510 μίαν
1413 1473 1577 1511 ἔτεροούσιοι
1592 1474 1786 1510 τυγχάνουσαι,

1002 1521 1062 1548 οὐδὲ
1081 1521 1199 1556 ὁποτέρα
1218 1520 1346 1554 σώζεται,
1361 1521 1419 1547 ἀλλ’
1435 1521 1589 1557 apem”.
1611 1521 1787 1556 συγχυθεῖσαι

1002 1567 1206 1603 ἠφανίσθησαν,
1234 1568 1282 1594 καὶ
1309 1567 1371 1594 οὔτε
1397 1567 1536 1603 χωρισμὸν
1560 1567 1606 1594 ἀπ’
1632 1565 1787 1602 ἁλλήλωνὉῆ

1002 1613 1133 1648 διαίρεσιν
1161 1612 1331 1646 ἐπιδέχονται
1362 1611 1544 1647 κεκραμέναι·
1578 1611 1744 1648 διῃρέθησαν
1759 1610 1788 1638 δὲ

1001 1659 1041 1695 τῷ
1063 1659 1152 1695 καιρῷ
1174 1658 1221 1686 τοῦ
1245 1659 1361 1686 θανάτου
1377 1658 1425 1685 καὶ
1440 1657 1639 1693 ἐχωρίσθησαν·
1655 1658 1700 1684 καὶ
1713 1656 1787 1692 ψυχὴ

993 1705 1056 1744 ,ἀπὸ
1078 1703 1203 1739 σώματος
1218 1705 1256 1736 εἰς
1273 1704 1337 1740 ᾅδου
1354 1703 1423 1739 μετὰ
1438 1703 1487 1738 τῆς
1503 1702 1629 1737 θεότητος
1644 1701 1789 1729 κατελθοῦ-

1003 1759 1048 1782 σα.
1065 1750 1114 1777 καὶ
1129 1750 1208 1786 σῶμα
1224 1750 1278 1777 ἀπὸ
1291 1750 1380 1785 ψυχῆς
1397 1750 1426 1776 ὲν
1442 1749 1565 1785 μνήματι
1583 1748 1668 1783 καινῷ
1688 1748 1785 1775 ἀποτε-

1003 1795 1050 1821 θὲν
1066 1795 1137 1821 κατὰ
1152 1795 1203 1826 τὰς
1216 1794 1342 1830 ἀψευδεῖς
1363 1793 1409 1820 τοῦ
1432 1793 1552 1828 Χριστοῦ
1568 1793 1659 1828 φωνάς
1680 1794 1730 1824 τὰς
1744 1793 1788 1819 λε-

1002 1841 1114 1876 γούσας·
1129 1851 1138 1867 ι
1155 1842 1263 1868 Λύσατε
1276 1840 1322 1867 τὸν
1338 1839 1401 1866 ναὸν
1411 1839 1518 1870 τοῦτον,
1530 1839 1578 1865 καὶ
1588 1840 1616 1865 ὲν
1624 1839 1711 1874 τρισὶν
1719 1839 1787 1873 ὴμέ-

1003 1895 1065 1922 ραις
1077 1886 1164 1922 ἔγερῶ
1175 1886 1283 1913 αὑτόν-ι
1299 1886 1348 1912 καὶ
1362 1883 1457 1911 λύεται
1469 1884 1517 1919 μὲν
1527 1884 1541 1910 ό
1555 1883 1618 1915 ναὸς
1630 1884 1659 1910 ὲν
1671 1882 1711 1918 τῷ
1725 1892 1787 1910 και-

1003 1933 1043 1970 ρῷ
1060 1933 1110 1968 τῆς
1133 1932 1283 1968 τριημέρου
1308 1930 1410 1966 ταφῆς,
1435 1930 1597 1965 βουλομένου
1613 1928 1695 1956 αὑτοῦ
1711 1948 1718 1961 ,
1740 1929 1787 1955 καὶ

1003 1978 1085 2006 πάλιν
1112 1977 1261 2013 ἀνέστησεν
1288 1976 1380 2008 αὐτὸν,
1403 1975 1450 2002 καὶ
1470 1974 1561 2010 ήνώθη
1577 1974 1650 2010 αὖτῷ
1675 1974 1786 2009 ὰρῤήτῳ

1003 2024 1051 2051 καὶ
1074 2022 1207 2058 ἀφράστῳ
1232 2021 1316 2056 λόγῳ,
1329 2020 1360 2047 οὐ
1376 2020 1546 2055 κεκραμένος
1558 2020 1587 2046 ἐν
1601 2018 1675 2053 αὐτῷ
1689 2018 1706 2053 ἢ
1721 2018 1786 2044 ἀπο-

1003 2068 1225 2104 σεσαρκωμένος,
1238 2067 1296 2094 ἀλλ’
1307 2065 1455 2097 ἁποσώζων
1472 2066 1502 2092 ἐν
1512 2064 1601 2100 ἑαυτῷ
1614 2064 1668 2091 τῶν
1679 2064 1783 2098 φύσεωι

1002 2114 1055 2142 τῶν
1076 2113 1252 2150 ἐτεροουσίων
1266 2112 1434 2148 ἀσυγχύτους
1456 2111 1506 2142 τὰς
1530 2111 1674 2145 ἰδιότηταςο
1689 2110 1719 2136 οὺ
1733 2109 1787 2145 γὰρ

1002 2160 1089 2196 δήπου
1103 2159 1259 2195 ὲκράϐησαν
1276 2158 1304 2185 αἱ
1321 2157 1425 2191 φύσεις.
1444 2166 1453 2183 ι
1475 2154 1543 2183 Εἶτα
1560 2155 1694 2189 ἐπάγεται
1717 2163 1787 2190 μαρ-

164 2205 243 2232 ducit
264 2205 350 2232 sancti
374 2205 514 2232 Athanasii
540 2204 568 2231 in
584 2204 667 2231 idem.
685 2215 695 2230 ‹
713 2205 825 2232 Duabus
844 2206 950 2234 naturis

1005 2205 1099 2240 τυρίαν
1117 2203 1164 2232 τοῦ
1179 2204 1208 2230 ὲν
1223 2203 1310 2238 ἁγίοις
1328 2201 1487 2229 ’Δθανασίου
1502 2201 1585 2233 αὐτὸς
1600 2200 1689 2237 τήνδε·
1702 2208 1712 2224 ι
1734 2200 1786 2226 Δύο

163 2251 336 2277 diversarum
358 2249 540 2277 essentiarum
568 2249 596 2276 in
616 2256 672 2276 uno
694 2247 805 2276 Christo
828 2254 857 2276 et
880 2250 949 2279 Filio

164 2296 214 2323 hci
232 2296 325 2326 salvis,
348 2302 400 2322 nec
421 2293 554 2328 confusis,
565 2301 617 2321 nec
627 2293 788 2329 deperdltis,
806 2302 858 2322 nec
871 2295 950 2323 abla-

356 2394 495 2429 Ejusdem,
514 2401 529 2420 ι
547 2397 667 2422 ιιοτινωη
682 2394 757 2422 (iam.

206 2449 214 2464 ι
233 2440 268 2467 Ει
283 2439 328 2466 alii
341 2447 422 2466 unam
435 2443 561 2467 naturam
580 2440 616 2467 ad
626 2440 798 2476 ereptionem
812 2442 952 2470 associatat

163 2493 181 2512 e
194 2484 274 2512 nobis
284 2492 299 2512 a
312 2484 360 2512 Dei
373 2483 464 2513 Verbo
475 2484 602 2520 perfecta:
613 2485 793 2515 humanitatis
803 2494 852 2522 pro
863 2486 950 2515 salute

165 2527 360 2555 universorum
381 2528 496 2561 docent;
513 2528 558 2556 alii
573 2529 642 2557 duas
662 2529 834 2566 hypostases,
845 2531 950 2559 scilicet

165 2577 291 2606 naturas,
315 2573 467 2601 secundum
483 2574 688 2602 distinctionem
705 2579 732 2603 et
750 2576 949 2611 separationem

163 2619 276 2652 docent,
288 2619 336 2647 sed
350 2628 405 2647 non
424 2620 575 2648 secundum
593 2621 788 2650 adunationem
802 2630 862 2658 quae
873 2623 949 2659 juxta

166 2665 313 2692 essentiam
329 2670 380 2698 est,
394 2671 476 2701 prout
493 2671 598 2694 rectum
614 2668 716 2694 sanctis
731 2668 858 2696 Patribus
873 2669 949 2697 vide-

165 2714 222 2737 tur.
237 2711 314 2739 Unde
331 2711 441 2747 utrique
456 2720 471 2740 a
484 2712 601 2740 veritate
616 2717 719 2740 errant.
741 2722 749 2739 ι
765 2713 835 2747 Quid
853 2713 950 2742 horqu

164 2756 338 2785 evidentius?
354 2762 458 2786 tantum
473 2766 507 2786 eo
529 2758 602 2794 quod
627 2759 778 2787 secundum
796 2759 951 2789 distinctio-

202 2836 225 2853 ¹¹
239 2835 318 2864 Joan.
335 2844 394 2870 vm,
414 2837 457 2864 58.
497 2836 518 2853 “
531 2836 609 2864 Joan.
627 2845 657 2870 ιι,
673 2837 714 2864 l9.

1003 2250 1111 2286 φύσεων
1128 2249 1184 2276 τῶν
1211 2248 1387 2284 ἐτεροουσίων
1407 2248 1435 2275 ὲν
1457 2247 1499 2275 ἑνὶ
1515 2247 1625 2282 Χριστῷ
1651 2246 1698 2273 καὶ
1729 2247 1786 2282 Υίῷ

1002 2296 1049 2323 τοῦ
1071 2295 1139 2323 Θεοῦ
1162 2296 1335 2331 σωζομένων.
1351 2294 1398 2321 καὶ
1419 2294 1487 2329 μήτε
1504 2292 1696 2328 συγχεομένων
1715 2292 1785 2327 μήτε

1003 2342 1200 2378 ἀπολλυμένων
1215 2341 1231 2377 ἢ
1246 2340 1442 2377 διαιρεθεισῶν.
1466 2349 1474 2365 ι

1072 2398 1128 2426 Τοῦ
1140 2396 1247 2429 αὐτοῦ,
1265 2396 1299 2423 ἐκ
1318 2394 1372 2428 τῆς
1385 2394 1496 2427 ,βΙσλου
1507 2393 1566 2421 τῶν
1577 2393 1724 2428 ﬁniam.

1040 2454 1049 2472 ι
1064 2444 1118 2470 Καὶ
1126 2442 1151 2469 οὶ
1167 2443 1217 2478 μὲν
1225 2441 1290 2477 μίαν
1306 2440 1386 2475 φύσιν
1401 2440 1469 2475 πρὸς
1483 2439 1625 2476 ἀναίρεσιν
1635 2440 1686 2476 τῆς
1700 2448 1785 2476 προσ-

1000 2489 1150 2526 ληφθείσης
1174 2487 1205 2520 ὲξ
1220 2487 1299 2522 ἡμῶν
1320 2486 1372 2513 ὐπδ
1389 2485 1437 2513 τοῦ
1473 2485 1543 2513 Θεοῦ
1565 2486 1653 2521 Λόγου
1679 2486 1786 2518 τελείας

1003 2535 1215 2571 ἀνθρωπότητος
1237 2533 1285 2559 ἐπὶ
1309 2532 1430 2568 σωτηρίᾳ
1449 2532 1503 2559 τῶν
1519 2531 1588 2559 ὅλων
1611 2532 1785 2559 ἐκδιδάσκου-

981 2593 986 2597 ·
1005 2590 1047 2608 σιν
1057 2588 1064 2595 ·
1080 2580 1106 2606 οἱ
1122 2579 1151 2607 δὲ
1162 2578 1209 2605 δύο
1224 2578 1399 2610 ὑποστάσεις,
1414 2578 1499 2613 ῆτσυν
1516 2578 1623 2612 φύσεις,
1637 2576 1707 2604 κατὰ
1718 2576 1787 2604 διαι-

1006 2634 1079 2661 ρεσιν
1107 2624 1155 2651 καὶ
1180 2623 1320 2660 χωρισμίδν
1342 2622 1558 2656 ἔκπαιδεῦουσιν,
1584 2622 1642 2650 ἀλλ’
1663 2622 1695 2649 οὐ
1724 2620 1787 2649 καθ’

1004 2673 1100 2699 ἕνωσιν
1119 2671 1169 2706 τὴν
1186 2670 1247 2697 κατ’
1259 2669 1353 2697 οὐσίαν
1369 2669 1406 2701 ὥς
1420 2670 1478 2702 τοῖς
1492 2668 1580 2703 ἁγίοις
1590 2669 1664 2696 δοκεί
1676 2667 1785 2703 Πατρά·

1002 2727 1044 2745 σιν
1056 2725 1062 2732 '
1079 2717 1116 2749 ὡς
1132 2717 1280 2752 ἑκατέρους
1297 2716 1395 2748 αὐτοὺς
1411 2715 1460 2750 τῆς
1481 2713 1610 2750 ἀληθείας
1630 2713 1783 2749 διαμαρτά-

1002 2771 1068 2790 νειν.
1082 2772 1091 2789 ›
1113 2762 1145 2789 Τί
1162 2761 1264 2789 τούτων
1284 2760 1465 2795 σαφέστερον;
1485 2759 1564 2795 μόνον
1585 2759 1640 2795 γὰρ
1659 2758 1699 2795 τῷ
1714 2758 1775 2788 κατι
