1963 3077
160 140 221 174 1841

740 146 889 177 CONTRA
908 144 1206 176 MONOPHYSITAS.

1703 141 1772 174 TSiE!

160 201 251 235 θεότης
272 199 372 226 ἔπαθεν
382 207 389 216 ·
406 199 496 234 ἄπαγε
510 201 540 227 τὺ
553 200 685 233 δυσμενὲς
699 201 777 228 τοῦτο
790 201 836 228 καὶ
858 200 941 236 βλάσά

1001 208 1067 235 ςοηε.
1093 201 1209 228 Patitur‘
1226 206 1281 227 non
1307 199 1420 231 deitate,
1433 198 1481 227 sed
1504 197 1687 227 humanitate.
1716 199 1774 226 Hoc

160 254 257 280 φημον,
275 243 298 272 ὦ
311 245 424 272 δείλαιε·
441 247 458 281 ἡ
475 245 608 281 ληφθεῖσα
627 248 726 283 πάσχει
750 247 840 282 φύσις,
866 248 883 282 ἡ
912 246 940 274 δὲ

161 291 277 319 λαϐοῦσα
291 291 400 327 ἀπαθὴς
414 292 500 327 μένει.
515 302 525 319 ι

160 433 323 468 Γρηγορίου
340 434 469 469 Νύσσης
484 435 519 462 ἐκ
544 435 597 463 τοῦ
613 436 657 469 είς
673 436 837 470 παρθενίαν
858 436 942 463 ἐπαί-

517 479 584 497 νου.

163 513 263 541 «Ἦλθε
275 515 342 546 Θεὸς
358 515 455 550 θνητός
469 524 508 547 τε,
521 516 616 550 φύσεις
627 516 674 543 δύο
694 517 734 548 είς
749 516 778 543 ἓν
791 517 904 553 διείρας,

161 559 212 595 Τὴν
223 560 271 595 μὲν
282 561 462 597 κευθομένην,
470 562 519 597 τὴν
529 562 551 588 δ’
567 562 706 598 ἀμφαδίην
717 563 860 598 μερόπεσι.
877 574 886 591 ι

197 645 267 672 Ἀλλ’
283 643 366 673 αὗται
386 647 436 682 μὲν
460 647 515 675 τῶν
540 648 682 684 ἡμετέρων
696 657 703 664 ·
720 649 811 676 αὐτῶν
834 650 862 676 δὲ
887 651 942 679 τῶν

159 691 218 718 καθ’
233 692 311 727 ἡμῶν
326 693 486 721 λυττώντων
496 714 503 726 ,
521 695 544 720 εί
560 694 680 721 ἑκούσιοι
701 696 773 722 κατὰ
788 696 863 723 θείαν
878 706 942 725 συν-

160 738 249 764 έλασιν
269 739 285 774 ἢ
307 738 431 766 ἀκούσιοι
450 740 500 766 οὐκ
515 737 584 773 οἴδα,
609 740 710 767 τοιαίδε
724 741 752 767 δὲ
765 742 840 777 ὅμως
855 744 942 777 φωναὶ

159 783 298 818 φέρονται.

165 839 416 879 “armaverat?
432 840 532 879 ἓζδηςι
544 841 580 879 δν
591 843 770 879 eamaer
783 845 941 879 ἀπροσπα-

990 247 1118 275 Christus
1135 253 1235 281 passus
1257 250 1300 273 est
1320 253 1404 273 carne
1421 254 1427 272 :
1450 245 1524 273 haud
1548 252 1686 280 quaquam
1705 252 1772 272 vero

991 300 1070 328 passa
1098 297 1141 320 est
1164 292 1263 320 deitas.
1280 292 1420 324 Facessat,
1439 292 1540 318 miseri
1566 291 1680 319 inimica
1697 291 1774 318 blas-

991 337 1149 372 phemaque‘
1171 341 1213 364 est
1236 337 1295 364 haec
1315 337 1421 372 opinio.
1443 337 1548 364 Patitur
1570 341 1711 371 assumpta
1725 344 1775 364 na-

992 387 1074 410 tura:
1094 391 1156 418 quae
1173 387 1267 410 autem
1283 383 1435 418 assumpsit
1449 382 1544 410 manet
1558 383 1728 418 impatibilis.
1744 393 1753 408 ι

1079 441 1198 476 Gregorii
1213 441 1324 476 Νεμεεηὶ
1338 449 1369 468 ea:
1382 440 1511 468 Encomio
1521 441 1692 476 virginitatis.

1030 528 1039 544 ε
1057 518 1141 546 Venit
1152 518 1226 546 Deus
1239 518 1421 553 mortalisque
1434 518 1504 545 duas
1519 518 1545 545 in
1560 526 1646 545 unum
1661 522 1775 545 naturas

991 572 1150 597 consuens,
1176 573 1258 592 unam
1286 565 1401 599 quidem
1424 564 1630 597 absconditam,
1659 565 1776 591 alteram

992 617 1084 639 autem
1102 611 1263 638 hominibus
1284 611 1468 638 manifestam.
1485 619 1494 636 ›

1028 657 1091 684 Haec
1106 661 1172 684 sunt
1185 657 1298 691 quidem
1316 660 1476 684 nostrorum
1488 656 1582 683 verba.
1595 655 1706 682 lllorum
1726 663 1777 682 au-

992 707 1049 731 tem
1066 703 1113 738 qui
1129 703 1156 730 in
1171 710 1222 730 nos
1239 704 1362 730 furentes
1380 706 1461 734 sunt,
1474 709 1558 729 voces
1572 701 1629 729 sive
1649 701 1777 729 volunta-

992 749 1039 776 ria:
1050 748 1201 776 secundum
1223 748 1343 775 divinam
1357 748 1564 782 impulsionem,
1577 747 1634 774 sive
1650 747 1778 774 involuti-

992 793 1080 825 tarite,
1093 793 1200 825 nescio,
1213 793 1283 819 tales
1296 792 1461 819 afferuntur.
1780 790 1785 795 κ

993 847 1167 883 Amp/tilochii
1182 847 1310 879 Sidensis,
1325 855 1401 883 quem
1424 847 1509 874 solum
1532 845 1671 883 intrepidi!
1688 847 1780 883 animo

150 908 153 911 _
271 875 435 918 xal‘ddeég
448 876 532 910 ἔχειν
551 876 608 918 τὴν
629 875 875 918 ἐνέῇμυγόδῳ,
904 882 939 918 ἐκ

1025 875 1105 918 fuisse
1122 883 1226 917 ferunt;
1246 890 1276 909 ea:
1296 875 1407 912 epistola
1426 886 1518 908 contra
1533 875 1663 917 synodum
1677 882 1778 914 scripta

193 910 246 942 τῆς
273 911 335 936 κατ’
352 910 447 944 αὐτῆς
468 914 646 977 favus/cn;-
667 910 747 946 αῠξῷ
776 910 941 952 amatam;

193 945 267 977 πρὸς
282 944 395 972 Λέοντα
406 946 460 971 τὸν
494 946 611 974 ασιλέα.

192 945 267 978 πρὸς
282 944 395 972 Λέοντα
406 946 460 971 τὸν
468 944 611 977 βασιλέα.

196 990 440 1024 «Καταφεύξονται
464 990 519 1026 γὰρ
544 991 585 1023 εἷς
605 1001 681 1026 τινας
703 994 881 1030 διδασκάλους
896 997 943 1025 δύο

159 1034 252 1069 φύσεις
264 1036 418 1072 εἰρηκότας.
432 1046 442 1063 ι

159 1091 289 1132 Σεξῄρου
303 1093 357 1132 τοᾷ
365 1095 519 1132 Διιίρετικοῦ
530 1096 582 1123 τοῦ
590 1096 791 1131 μιξοφυσΙτου
802 1100 866 1132 ταῖς
874 1101 943 1128 Ἰου-

191 1128 327 1196 ﬁgurata!
346 1130 523 1164 Ἀμϐροσιου
548 1128 697 1166 χρῆσεοῖιν
721 1133 815 1166 οὕτως
841 1128 942 1163 ἐξηλέ-

195 1227 205 1244 ‹
223 1218 253 1247 Ὀ
266 1219 293 1246 δὲ
308 1220 401 1248 καὶτὰ
417 1223 472 1249 ἴδια
482 1222 633 1257 γινώσκων,
648 1224 694 1252 καὶ
707 1225 756 1261 τὴν
771 1226 868 1253 ἕνωσιν
893 1236 943 1262 φυ-

158 1263 263 1291 λάττων
275 1287 282 1299 ,
301 1266 365 1294 οὔτε
379 1267 428 1300 τὰς
447 1268 541 1303 φύσεις
555 1270 695 1306 ψεύδεται,
710 1270 771 1298 οὔτε
785 1272 833 1306 τὴν
846 1272 942 1300 ἕνωσιν

159 1311 299 1347 ἀγνοήσει.
311 1321 320 1338 ι

212 1368 269 1395 Τοῦ
281 1369 375 1396 αὐτοῦ
389 1370 422 1397 ἐκ
435 1370 495 1398 τῶν
510 1372 586 1399 κατά
601 1373 654 1400 τοῦ
669 1374 890 1409 Γραιιματικοῦ.

195 1432 205 1448 ι
222 1423 275 1450 Δύο
289 1419 337 1457 τὰς
354 1425 450 1460 φύσεις
462 1427 490 1453 ὲν
507 1426 545 1462 τῷ
558 1428 668 1464 Χριστῷ
685 1429 809 1464 νοοῦμεν,
827 1430 876 1466 τὴν
894 1431 943 1466 μὲν

158 1470 280 1504 κτιστὴν,
299 1471 349 1505 τὴν
364 1472 394 1498 δὲ
414 1471 550 1507 ἄκτιστον,
566 1474 624 1500 ἀλλ’
636 1474 722 1507 οὐδεὶς
742 1475 880 1511 ἐγράψατο
896 1477 943 1512 τὴν

159 1515 189 1540 ὲν
205 1515 359 1551 Χαλκηδόνι
380 1518 502 1550 σύνοδον,
521 1520 570 1555 τὴν
583 1520 679 1554 ἄλογον
696 1522 798 1557 ταύτην
812 1524 922 1558 γραφήν
934 1532 941 1540 ·

158 1559 185 1586 τί
202 1560 300 1595 δήποτε
312 1562 358 1589 δύο
375 1563 471 1597 φύσεις
485 1564 628 1600 ὠνόμασαν
642 1566 706 1602 περὶ
718 1567 766 1602 τῆς
780 1568 826 1594 τοῦ
835 1569 941 1604 Ἐλιμα-
956 1558 977 1587 c

157 1606 242 1640 νουὴλ
255 1608 378 1640 ἑνὼσεως
386 1609 633 1645 διαλαμϐάνοντεςς
648 1612 738 1644 οὐδεὶς,
748 1613 846 1648 ταύτην
861 1615 943 1650 ὲστήο

158 1659 224 1677 σατο
247 1652 297 1688 τὴν
319 1655 502 1690 κατηγορίαν,
526 1656 583 1682 ἀλλ’
602 1657 711 1692 ἐκείνην
728 1658 800 1692 μάλα
816 1659 941 1691 δικαίως·

156 1697 185 1723 τί
199 1697 300 1732 δήποτε
333 1700 371 1734 μὴ
398 1701 630 1737 ἀκολουθήσαντες
656 1703 695 1738 τῷ
727 1704 797 1739 ἁγίῳ
817 1705 944 1741 Κυρίλλῳ

157 1744 191 1770 lx
208 1743 254 1770 δύο
273 1746 386 1785 φύσεων
402 1747 508 1780 ἔφασαν
528 1745 598 1775 εἶναι
612 1748 658 1776 τὸν
669 1749 803 1785 Χριστόν·
822 1751 852 1778 οὐ
873 1760 945 1778 παυ-

157 1789 262 1825 σόμεθα
282 1783 407 1825 λέγοντες
436 1793 537 1826 τοίνυν,
570 1793 608 1825 ὡς
633 1783 744 1828 Δείξατο
770 1796 813 1828 τίς
839 1797 891 1832 τὴν
914 1798 945 1824 ὲν

156 1836 311 1872 Χαλκηδόνι
334 1837 454 1871 σύνοδον,
471 1839 489 1875 ἢ
505 1839 551 1865 τὸν
578 1840 660 1874 τόμον
676 1841 800 1874 Λέοντος,
814 1841 863 1877 τὴν
881 1843 944 1870 καθ’

155 1881 331 1909 ὑπόστασιν
341 1882 451 1910 ἕνωσιν
468 1883 698 1919 ὁμολογήσαντας,
711 1886 728 1921 ἢ
744 1886 851 1914 σύνοδον
865 1897 945 1922 φυσι-

156 1926 219 1961 κὴν,
237 1926 254 1962 ἦ
277 1927 307 1959 ἐξ
327 1928 427 1962 ἀμφοῖν
448 1928 497 1955 ἕνα
517 1930 647 1964 Χριστὸν,
667 1931 683 1966 ἢ
706 1931 771 1966 μίαν
794 1932 875 1967 φύσιν
897 1934 945 1961 τοῦ

155 1971 226 1999 Θεοῦ
245 1973 332 2007 Λόγου
354 1975 590 2009 σεσαρκωμένην
602 1983 610 1991 '
633 1977 681 2002 καὶ
700 1978 759 2003 τότε
782 1978 945 2013 γνωσόμῖεθα

155 2019 196 2049 ὡς
213 2019 284 2045 κατὰ
303 2018 349 2045 τὸν
363 2019 521 2053 σοφώτατον
537 2020 670 2055 Κύριλλον
682 2021 784 2058 θεωρίᾳ
797 2023 866 2060 μόνῃ
878 2025 945 2051 ἀνα-

155 2064 299 2098 κρίνοντες
311 2064 361 2099 τὴν
385 2065 499 2101 οὐσιώδη
513 2065 645 2102 διαφορὰν
658 2067 712 2094 τῶν
732 2070 946 2105 συνενεχθέντων

155 2109 382 2145 ἁπορῥήτωςείς
396 2110 425 2136 ἓν
444 2112 535 2138 ίσασι·
552 2112 598 2138 καὶ
614 2112 652 2144 ὡς
668 2113 749 2148 ἑτέρα
766 2115 782 2149 ἠ
798 2115 844 2141 τοῦ
857 2116 945 2150 Λόγου

155 2156 251 2190 φύσις,
273 2157 319 2182 καὶ
335 2156 419 2191 ἑτέρα
437 2157 453 2192 ἡ
468 2157 516 2191 τῆς
534 2157 645 2192 σαρκὸς,
660 2160 708 2184 καὶ
719 2159 757 2190 ὼς
781 2159 827 2185 δύο
847 2161 880 2187 τὰ
899 2162 946 2188 ἁλ-

1030 918 1065 945 ad
1077 918 1190 945 Leonem
1205 919 1394 952 imperatorem
1401 918 1449 954 (‘2).

1030 1005 1040 1021 ‹
1058 983 1276 1030 ConfugienLad
1290 993 1424 1029 quosdam
1440 999 1635 1029 praeceptores,
1652 993 1699 1028 qui
1709 993 1779 1020 duae

992 1046 1107 1069 naturas
1120 1041 1315 1076 praedicarunt.
1334 1050 1343 1066 ι

993 1098 1108 1127 Severus
1125 1099 1262 1126 hazreticus
1277 1099 1463 1134 mimopliysita,
1487 1097 1686 1124 auctoritatibus
1712 1097 1780 1124 Julii

1217 1138 1242 1160 et
1253 1133 1384 1160 Ambrosii
1397 1134 1444 1160 hoc
1455 1133 1552 1160 subdit.

1031 1232 1040 1248 ι
1051 1222 1293 1257 Quiproprietates
1300 1221 1434 1257 agnoscit,
1442 1220 1544 1256 quique
1555 1219 1787 1255 conjunctionem'

993 1267 1141 1302 diligenter
1157 1267 1305 1300 observat,
1325 1267 1349 1294 is
1365 1273 1454 1301 neque
1463 1269 1585 1293 lnaturas
1597 1264 1786 1296 inliciabitur,

993 1321 1048 1340 nec
1060 1313 1181 1348 ipsarum
1198 1313 1324 1348 copulam
1341 1312 1488 1348 ignorabit.
1505 1321 1515 1337 ›

1089 1372 1218 1407 Ejusdem
1231 1380 1263 1398 ea:
1275 1371 1347 1398 libris
1360 1375 1453 1398 contra
1469 1370 1689 1399 Grammaticum.

1031 1438 1041 1455 ‹
1063 1429 1136 1456 Duas
1158 1429 1186 1456 in
1211 1428 1322 1456 Christo
1341 1432 1457 1455 naturas
1481 1426 1674 1462 concipimus,
1696 1433 1781 1453 unam

994 1479 1125 1507 creatam,
1149 1476 1263 1503 alteram
1284 1476 1445 1502 increatam.
1459 1474 1546 1502 Nemo
1571 1481 1638 1501 vero
1661 1473 1781 1501 concilio

993 1521 1211 1548 Chalcedonensi
1225 1521 1374 1548 ridiculum
1389 1521 1442 1548 hoc
1454 1520 1564 1548 crimen
1579 1519 1692 1555 objecit,
1706 1518 1780 1554 quod

995 1567 1022 1593 in
1033 1567 1214 1594 Emmanuele
1224 1567 1294 1594 duas
1302 1571 1415 1594 naturas
1425 1566 1590 1598 asseruerit;
1604 1572 1685 1592 nemo
1697 1572 1780 1596 unus,

997 1612 1120 1647 inquam,
1135 1613 1189 1640 hoc
1207 1613 1321 1648 objeeit,
1337 1613 1386 1640 sed
1396 1612 1463 1639 illud
1481 1612 1576 1646 potius
1592 1613 1616 1638 ei
1634 1611 1704 1638 vitio
1717 1617 1781 1638 ver-

996 1657 1109 1684 tendum
1129 1658 1256 1692 putavit;
1279 1658 1352 1692 quod
1373 1657 1483 1684 concilii
1506 1657 1600 1684 Patres
1620 1663 1654 1683 ex
1674 1655 1785 1682 duabus

995 1701 1105 1728 naturis
1125 1701 1267 1728 Christum
1290 1700 1493 1735 compositum,
1519 1699 1654 1735 Cyrillum
1675 1699 1781 1730 secuti,

995 1746 1109 1774 minimc
1130 1747 1286 1774 docuerint.
1313 1746 1369 1774 Nos
1395 1750 1487 1773 autem
1513 1745 1615 1773 instare
1640 1752 1785 1779 nunquam

997 1791 1178 1819 cessabimus.
1196 1791 1329 1820 Ostendat
1347 1791 1448 1826 aliquis
1472 1790 1608 1826 synodum
1630 1789 1784 1817 Chalcedo-

997 1845 1111 1865 nensem
1129 1842 1177 1865 aut
1192 1837 1311 1865 Leonem
1327 1838 1353 1865 in
1368 1837 1425 1864 suis
1441 1837 1521 1864 libris
1538 1836 1664 1863 conﬁteri
1678 1835 1721 1863 vel
1737 1837 1785 1871 Ity-

997 1884 1156 1917 pastaticam
1172 1884 1306 1915 unionem,
1320 1883 1363 1910 vel
1376 1883 1530 1910 naturalem
1548 1881 1783 1917 conjunctionem.

996 1929 1040 1955 vel
1060 1932 1094 1956 e'x
1115 1929 1224 1957 duabus
1249 1930 1357 1957 naturis
1376 1937 1462 1956 unum
1485 1928 1638 1960 Christum,
1663 1929 1706 1955 vel
1733 1928 1783 1955 Dei

996 1974 1080 2003 Verbi
1106 1971 1234 2003 naturam
1260 1983 1344 2003 unam
1374 1975 1565 2006 incantatam;
1593 1973 1631 2005 id,
1659 1974 1782 2008 inquam.

997 2021 1133 2050 ostendat.
1141 2022 1175 2049 Et
1185 2027 1252 2048 tunc
1260 2030 1314 2048 una
1321 2028 1383 2047 cum
1394 2020 1596 2055 sapientissimo
1602 2018 1703 2054 Cyrillo
1711 2019 1786 2046 diee-

997 2076 1059 2096 mus
1075 2076 1124 2095 eos
1139 2072 1231 2095 mente
1244 2067 1302 2094 sola
1316 2066 1526 2101 deprehendere
1538 2065 1698 2097 discrimen,
1710 2065 1785 2099 quod

998 2113 1070 2140 inter
1081 2113 1128 2140 illa
1145 2111 1212 2145 duo,
1230 2120 1291 2147 qua:
1303 2104 1436 2139 inetl‘abili
1451 2110 1533 2138 modo
1547 2108 1694 2146 conjuncta
1709 2116 1788 2141 sunt..

998 2157 1161 2191 intercedit,
1183 2161 1266 2191 atque
1289 2156 1452 2192 dignoscere
1473 2160 1622 2190 utrumque
1647 2156 1674 2182 in
1699 2163 1786 2182 unum

155 2202 250 2237 λήλοις
265 2203 485 2237 συνενηνεγμένα
499 2203 638 2239 καθορῶσι
652 2203 690 2240 τῷ
707 2205 756 2240 νῴ,
771 2205 896 2234 διιστῶσι
916 2207 942 2234 δὲ

1001 2203 1173 2236 convenisse,
1192 2208 1220 2231 et
1235 2204 1317 2230 aliam
1333 2211 1394 2231 esse
1408 2207 1535 2230 naturam
1556 2202 1688 2234 Verbi,,et
1704 2203 1789 2231 aliam.

155 2247 296 2282 οὐδαμῶς.
309 2257 319 2274 ι

193 2379 290 2407 Καίτοι
310 2388 343 2414 γε
377 2381 391 2407 δ
416 2380 503 2409 ταῦτα
531 2381 629 2416 λέγων,
650 2383 679 2409 ἐν
702 2384 737 2418 τῇ
762 2383 870 2410 ἐκθέσει
895 2384 945 2419 τῆς

154 2426 278 2458 πίστεως
293 2426 378 2454 αὑτοῦ
393 2427 460 2462 πρὸς
477 2428 628 2463 Νηφάλιον,
645 2430 659 2455 ὁ
670 2429 751 2461 αὐτός
767 2437 833 2464 φησι
845 2437 852 2444 ⁶
878 2438 887 2455 ι
908 2430 946 2456 Τὸ

153 2471 250 2506 λέγειν
265 2472 312 2498 δύο
328 2472 423 2507 φύσεις
444 2473 491 2500 ἐπὶ
513 2474 643 2509 Χριστοῦ,
660 2474 751 2510 πάσης
777 2475 945 2510 κατηγορίας

152 2518 316 2552 ἑπίμεστον,
334 2519 358 2545 εἰ
372 2519 421 2545 καὶ
435 2519 486 2546 ὑπὸ
501 2520 634 2546 πλειόνων
650 2521 735 2554 ἁγίων
759 2511 890 2556 Πατέρῶν
905 2521 944 2547 εί-

153 2572 252 2598 ρηται.
269 2573 279 2589 )
298 2564 353 2590 Καὶ
373 2563 432 2598 μεθ’
454 2564 536 2599 ἕτερα
551 2573 558 2580 ο
574 2575 583 2591 ε
598 2565 653 2592 Kal.
679 2566 716 2601 μὴ
742 2567 822 2601 εἴπῃς
846 2567 883 2598 ὡς
911 2567 943 2602 τῇ

150 2608 229 2642 λέξει
241 2609 297 2636 τῶν
311 2606 477 2644 δύό⁶φύσεων
486 2611 557 2642 τινὲς
569 2610 623 2637 τῶν
638 2611 767 2646 Πατέρων
783 2612 943 2647 ἐχρήσαντο·

152 2654 312 2690 ἐχρήσαντο
332 2654 388 2690 γὰρ
397 2654 579 2690 ἀδιαὸλήτως,
596 2655 690 2692 ὥσπερ
721 2657 849 2692 εἴπομεν·
871 2657 942 2685 κατὰ

192 2745 231 2782 (2)
252 2744 371 2782 Scripsit
394 2745 477 2782 igitur
497 2745 544 2772 hic
560 2745 887 2782 Amphilochiusrcontra
903 2754 948 2782 sy-

150 2779 260 2806 nodum
282 2779 321 2807 ad
341 2779 415 2815 imp,’
435 2780 573 2813 Leonem;
587 2779 665 2815 cujus
683 2782 722 2808 rei
739 2781 813 2808 nulla
830 2779 943 2813 mentio,

999 2252 1127 2274 naturain
1144 2247 1245 2278 carnis,
1260 2255 1320 2282 qua!
1331 2247 1384 2274 sibi
1397 2246 1514 2273 invicem
1529 2246 1710 2281 copulata,_et
1721 2253 1787 2273 con-

996 2291 1093 2326 juncta
1110 2290 1165 2318 duo
1187 2298 1300 2318 manere
1320 2295 1412 2317 mente
1433 2290 1597 2326 percipient,
1617 2289 1726 2317 etiamsi
1741 2297 1786 2317 re-

999 2334 1058 2369 ipsa
1071 2334 1184 2360 minime
1203 2334 1407 2369 disjnngantur.
1430 2342 1440 2359 ι

1035 2385 1198 2420 Quanquam
1210 2386 1258 2420 qui
1272 2386 1330 2413 haec
1346 2386 1426 2417 dicit,
1439 2386 1511 2412 idem
1529 2386 1556 2412 in
1570 2394 1620 2413 sua
1633 2386 1666 2413 ad
1683 2386 1720 2422 (5)
1735 2386 1788 2413 Ne-

998 2429 1121 2465 plialium
1146 2428 1209 2456 ﬁdei
1229 2429 1348 2456 formula
1367 2433 1485 2456 testatur
1513 2436 1573 2456 esse
1602 2439 1611 2455 ‹
1635 2429 1789 2456 absurdum

998 2476 1123 2504 omnium
1143 2476 1292 2503 maximum
1308 2476 1376 2503 duas
1387 2476 1420 2503 de
1435 2475 1547 2503 Christo
1562 2481 1673 2503 naturas
1689 2475 1788 2510 praedi-

999 2527 1073 2552 care,
1095 2520 1221 2554 quamvis
1242 2519 1268 2546 id
1284 2527 1298 2545 a
1319 2519 1458 2554 plerisque
1479 2519 1582 2546 sanctis
1599 2518 1726 2546 Pati-ibus
1741 2525 1786 2544 as-

999 2569 1102 2593 sertum
1124 2564 1218 2592 fuerit.
1232 2574 1240 2590 ι
1259 2565 1292 2592 Ει
1311 2570 1373 2599 post
1390 2565 1467 2592 limo:
1487 2574 1496 2590 ι
1516 2565 1555 2591 Nc
1572 2564 1659 2593 dicas,
1683 2563 1784 2597 inquit,

998 2611 1148 2638 nonnullos
1169 2611 1265 2638 Patres
1292 2611 1345 2638 hoc
1366 2611 1451 2638 verbo
1477 2610 1594 2637 duarum
1623 2613 1786 2636 naturarum

995 2664 1057 2684 esse
1079 2664 1161 2690 usos;
1182 2665 1246 2684 nam
1266 2661 1324 2684 tum
1343 2663 1376 2683 eo
1401 2656 1537 2684 vocabulo
1561 2655 1599 2682 uti
1616 2655 1658 2682 eis
1672 2654 1785 2689 impune

1003 2746 1103 2780 scripta
1120 2751 1253 2773 memorat
1275 2728 1387 2773 Pliotins
1403 2745 1459 2772 cod.
1476 2744 1536 2772 228.

1035 2778 1071 2816 (5)
1093 2781 1224 2808 Memorat
1235 2782 1287 2808 hoc
1303 2789 1372 2814 opus
1388 2780 1547 2809 Anastasius
1564 2779 1591 2808 in
1604 2778 1719 2814 Hodego,
1735 2786 1791 2807 nee-

149 2815 406 2852 quodégosciam,
423 2815 712 2852 apudecclesiastieos
724 2816 883 2852 scriptorcs.
897 2817 946 2843 Hie
999 2815 1214 2852 non'Evagrius,
1243 2816 1286 2850 Ill,
1311 2816 1354 2844 55.

150 2850 369 2883 Amphilochius
394 2850 519 2878 interfuit
542 2851 659 2879 concilio
678 2859 723 2878 an.
747 2851 808 2885 451,
832 2852 945 2886 ejusque
