1963 3077
191 163 259 196 1813

821 165 976 198 LEONTII
996 167 1199 199 BYZANTINI

1745 171 1812 205 18M

187 222 278 253 licuit,
290 226 320 248 nt
333 222 389 257 jam
403 221 535 254 diximus,
553 229 608 249 non
625 223 690 249 item
706 227 733 250 et
748 223 779 250 D.
797 223 892 258 Cyrilli
905 230 959 252 tem

1024 226 1052 252 δὲ
1079 225 1124 252 τὸν
1151 225 1248 261 χρόνον
1267 226 1314 253 τοῦ
1339 227 1418 261 ἁγίου
1441 229 1576 263 Κυρελλου
1593 229 1645 264 τῆς
1659 229 1736 256 νόσου
1756 230 1812 257 τῶν

188 277 264 303 pore,
283 276 349 303 quo,
366 269 430 295 dum
445 276 491 303 per
507 268 643 296 Ecclesias
655 269 815 296 Nestoriana
826 270 887 298 lues
897 278 974 306 gras-

187 316 310 347 sabatur,
324 323 356 342 ea
374 323 426 342 vox
437 315 522 349 magis
538 314 678 349 magisque
693 316 792 350 rejecta
804 315 867 343 fuit.
889 325 898 342 ι

222 362 250 389 Si
268 362 305 388 ita
319 365 371 393 est,
386 361 493 393 insane,
507 361 608 396 rejecta
623 369 687 396 ergo
696 362 750 397 jam
767 366 849 388 antea
864 361 926 394 fuit,
945 367 972 389 et

187 408 274 434 multo
301 407 387 442 magis
406 411 470 442 post
492 406 662 434 Nestorium.
677 407 754 440 Quod
779 415 841 435 eum
863 408 900 434 ita
924 407 970 440 sit,

185 453 324 487 quomodo
349 461 415 488 ergo
437 453 565 480 Patribus
591 452 645 480 illis
667 460 698 480 ea
724 461 789 480 voce
811 454 851 480 uti
870 453 972 480 licuit?

185 498 320 526 Prmterea
335 499 357 526 si
375 499 540 526 vocabulum
555 499 622 526 illud
637 501 768 535 rejectum
786 499 837 526 fuit
853 500 880 526 in
894 500 970 535 judi-

184 544 228 571 cio
241 549 337 571 contra
350 544 521 577 Nestorium,
537 552 588 572 cur
601 552 682 572 nemo
699 549 801 572 emtum
817 544 955 572 Cbaleedo

183 598 297 617 nensem
311 591 439 618 Nestorio
461 591 641 626 posteriorem
660 591 692 618 de
714 591 766 618 hoc
785 591 854 626 ipso,
875 598 929 626 quo
948 591 972 619 is

184 643 251 663 usus
273 641 325 668 est,
349 636 506 672 redarguit?
523 637 571 665 sed
593 637 619 664 id
642 645 727 664 unum
747 637 772 663 ei
787 637 854 664 vitio
875 638 968 669 vertit,

182 682 256 716 quod
272 690 287 709 e
300 683 408 710 naturis
429 683 537 710 duabus
559 683 671 711 minime
691 684 874 718 compositum
889 683 970 711 Chri-

183 734 255 756 stum
269 735 386 762 asserat,
404 739 454 758 nec
475 738 569 758 earum
590 731 617 758 in
637 739 690 758 una
710 730 887 758 subsistentia
905 738 970 757 cou-

180 776 352 810 junctionem
378 778 549 812 proﬁteatur.
567 776 644 810 Quod
667 781 758 804 autem
782 777 834 803 hoc
853 776 927 803 dicat
942 780 970 803 et

181 829 258 849 sacra
273 823 404 873 synodus,
416 823 479 858 quis
495 823 653 850 dubitat?si
667 823 740 850 enim
754 823 798 850 illa
810 822 869 849 suis
879 823 970 849 feren—

180 868 224 895 dis
242 868 364 896 decretis
384 869 420 896 ita
439 869 582 904 loquitur:
603 879 611 895 ι
628 869 802 904 Suscipimus
822 869 853 896 D.
872 868 968 904 Cyrilli

1024 272 1174 308 Νεστορίου
1199 274 1386 308 καινοφωνιῶν
1403 275 1453 306 τὰς
1474 275 1636 311 Ἐκκλησιας
1650 277 1811 312 ἐπινεμομέ-

1024 327 1082 353 νης.
1097 319 1144 344 ἐπὶ
1160 318 1242 345 πλέον
1255 320 1271 354 ὴ
1285 319 1356 351 λέξις
1370 320 1589 357 ἀπεδοκιμάσθη.
1607 331 1616 347 ι

1060 364 1141 391 Ὥστε
1160 363 1216 396 οὖν,
1240 362 1262 391 ὦ
1282 363 1370 398 οὗτος,
1395 367 1443 393 καὶ
1463 367 1546 394 πάλαι
1564 368 1681 403 ἀδόκιμα
1697 369 1743 395 καὶ
1763 368 1810 395 ἐπὶ

1024 410 1105 437 πλέον
1123 411 1192 446 μετά
1209 411 1371 447 Νεστόριον·
1389 413 1448 444 πῶς
1469 412 1515 440 οὖν
1539 414 1710 449 demetam;
1729 416 1810 450 ἐχρή-

1024 464 1104 484 σαντο
1120 457 1208 491 αὐτῇ;
1232 455 1292 484 εἶτα
1313 457 1341 484 δὲ
1363 459 1387 484 εἰ
1412 458 1588 493 διαϐέϐληται
1612 461 1660 486 καὶ
1680 460 1808 486 ἀπεδοκιο

1024 501 1114 536 μάσθη
1130 502 1203 528 κατὰ
1223 503 1382 538 Νεστόριον,
1399 504 1457 535 πῶς
1471 505 1500 530 οὺ
1515 505 1585 531 κατὰ
1598 505 1656 531 τόδε
1674 505 1808 540 γράφεται

1021 548 1092 583 τιςῆ
1111 549 1260 583 κατηγορεῖ
1285 549 1335 584 τῆς
1367 550 1396 576 ἐν
1425 550 1576 586 Χαλκηδόνι
1595 552 1704 578 συνόδου
1738 552 1808 585 μετὰ

1022 594 1169 630 Νεστόριον
1191 594 1289 630 οὕσης;
1308 595 1378 622 ἀλλὰ
1398 596 1466 623 διότι
1493 597 1530 632 μὴ
1556 597 1602 624 καὶ
1616 598 1647 624 ἐκ
1663 597 1708 623 δύο
1721 598 1807 631 λέγει,

1021 640 1069 667 καὶ
1093 641 1142 676 τὴν
1158 641 1219 668 καθ’
1234 641 1384 669 ὑπόστασιν
1403 643 1502 669 ἕνωσιν
1514 643 1632 678 Χριστοῦ
1645 652 1652 660 ο
1669 644 1710 670 ὅτι
1723 643 1751 669 δὲ
1766 644 1809 669 λέ-

1021 693 1064 719 γει
1078 686 1151 718 τάδε,
1167 685 1209 718 τίς
1223 686 1411 722 ἀμφιϐάλλει;
1430 697 1438 713 ‹
1453 688 1484 714 Εἰ
1497 688 1583 723 γὰρὴ
1602 688 1710 719 σύνοδος
1723 688 1809 723 ψηφι-

1023 731 1126 766 ζομένη
1149 733 1231 767 φησὶν
1252 732 1350 766 οὕτως,
1374 733 1425 765 τὰς
1443 733 1489 760 τοῦ
1513 735 1650 769 μακαρίου
1673 735 1809 769 Κυρίλλου

1020 778 1065 805 τοῦ
1075 778 1125 813 τῆς
1139 778 1336 814 Ἀλεξανδρέων
1349 778 1512 814 Ἐκκλησίας
1525 780 1670 814 γενομένου
1679 780 1810 814 ποιμένος

1021 823 1164 855 συνοδικὰς
1179 823 1324 855 ἐπιστολὰς
1348 823 1416 860 πρὸς
1441 825 1589 860 Νεστόριον
1602 825 1649 851 καὶ
1665 825 1733 859 πρὸς
1745 825 1810 856 τοὺς

1019 869 1068 904 τῆς
1081 869 1226 904 ’Δνατολῆς
1240 870 1376 906 δεχόμεθα.
1391 870 1522 906 ἀρμοδίας
1538 871 1621 902 obeat;
1637 872 1676 903 si;
1698 871 1810 906 ἔλεγχον

179 913 227 948 qui
244 914 374 942 Ecclesia:
385 915 579 942 Alexandrina:
603 915 725 950 przefuit,
750 918 845 942 contra
866 914 961 941 Nesto-

1018 915 1069 949 τῆς
1086 915 1234 951 Νεστορίου
1259 916 1481 952 φρενοϐλαὸεξας,
1499 926 1508 942 ι
1529 914 1575 949 αἶς
1591 917 1746 948 ἐπιστολαῖς
1761 917 1810 944 καὶ

178 959 251 986 rium
274 965 302 987 et
325 960 479 988 Orientales
495 962 640 995 episcopos
659 961 805 996 synodales
824 960 964 995 epistolas,

178 1013 239 1039 quae
251 1005 410 1033 Nestorium
425 1006 515 1041 ipsum
535 1014 590 1034 sute
607 1007 754 1035 dementire
764 1007 836 1035 clare
853 1008 967 1035 convin-

177 1055 254 1077 cunt.
269 1061 278 1076 ι
291 1051 397 1084 Quibus
409 1051 435 1078 in
447 1051 572 1086 epistolis
587 1056 698 1080 sanctus
712 1052 794 1080 Pater
812 1053 966 1080 naturalem

1019 961 1068 996 τὴν
1083 961 1200 996 φυσικὴν
1223 962 1271 988 καὶ
1292 963 1342 998 τὴν
1366 963 1427 990 καθ’
1448 963 1597 989 ὑπόστασιν
1615 964 1713 990 ἕνωσιν
1729 962 1778 997 ἔφη
1794 963 1808 989 ὁ

1019 1007 1125 1041 Πατὴρ,
1140 1007 1198 1038 πῶς
1211 1007 1271 1042 οὐχὶ
1284 1007 1318 1034 τὰ
1331 1007 1400 1035 αὐτὰ
1411 1008 1546 1044 ὁμολογεῖ,
1561 1006 1584 1044 ᾦ
1598 1010 1746 1044 συμφωνεῖ,
1759 1010 1806 1035 καὶ

1020 1052 1049 1078 ὃν
1066 1052 1227 1088 ἀποδέχεται
1242 1053 1271 1079 ἐν
1288 1054 1392 1086 τοῖσδε;

177 1097 402 1132 conjunctionem
424 1098 450 1125 in
467 1106 520 1125 una
532 1098 684 1133 cadentque
716 1099 896 1126 subsistentia
928 1099 1096 1127 conﬁtetur:
1113 1098 1254 1134 quomodo
1289 1099 1410 1134 synodus
1430 1099 1488 1134 ipsa
1510 1107 1566 1127 non
1586 1104 1629 1127 est
1660 1100 1688 1127 in
1709 1100 1806 1127 eadem

176 1145 324 1177 sententia,
353 1152 385 1172 ac
408 1145 464 1178 ille,
490 1145 601 1180 quicum
623 1146 737 1174 omnino
766 1147 916 1179 consentit,
939 1151 966 1174 et
982 1155 1062 1182 quem
1076 1146 1128 1174 hac
1144 1147 1171 1174 in
1189 1155 1218 1174 re
1234 1147 1353 1174 maxime
1369 1146 1468 1182 probat
1482 1146 1732 1182 amplectiturquc?

210 1191 279 1218 Cum
291 1198 374 1226 porro
383 1199 434 1218 nos
446 1199 501 1218 uno
512 1199 559 1218 ore
572 1191 717 1224 fateamur,
727 1191 964 1226 prtedicemusque

174 1236 316 1264 Christum
336 1236 482 1263 Dominum
499 1244 533 1264 ex
551 1237 659 1264 duabus
681 1237 790 1264 naturis
811 1245 871 1265 esse
887 1245 963 1264 com-

174 1282 305 1316 positum,
321 1281 505 1317 eamdemque
527 1282 609 1310 simul
625 1283 652 1310 in
671 1282 780 1310 duabus
796 1282 896 1310 iisdem
915 1291 964 1309 na-

174 1326 246 1353 turis
274 1326 488 1359 subsistentem;
511 1335 629 1363 cumque
654 1336 809 1356 asseramus
839 1332 867 1356 et
894 1335 961 1355 con-

171 1373 344 1408 junctionem
378 1377 407 1400 et
438 1378 565 1401 naturam
597 1379 751 1410 utramque,
782 1375 881 1410 parati,
918 1375 962 1402 vel

174 1419 302 1454 angelum
332 1419 422 1454 ipsum
441 1427 457 1447 ο
480 1420 550 1447 coelo
573 1420 798 1451 descendentem,
817 1421 870 1448 nisi
890 1421 962 1448 idem

174 1465 311 1497 crederet,
335 1465 490 1498 exsecrari;
513 1473 563 1493 cur
589 1466 684 1493 eadem
708 1471 736 1494 et
752 1467 803 1501 ipsi
824 1474 878 1494 non
901 1474 962 1494 crc-

173 1511 243 1538 dunt
277 1511 497 1546 proiiteuturque
522 1511 666 1540 uobiscum
689 1512 830 1540 Christum
854 1521 915 1540 cum
930 1521 964 1540 ex

173 1557 282 1585 duabus
297 1557 404 1585 naturis
421 1558 562 1593 componi,
581 1563 637 1586 tum
655 1559 681 1586 iu
698 1559 774 1587 hisce
788 1559 964 1587 subsistere?

1055 1192 1149 1227 Ἠμῶν
1162 1192 1191 1218 δὲ
1211 1191 1401 1227 προλεγόντων
1417 1200 1446 1217 τε
1462 1192 1509 1218 καὶ
1524 1191 1710 1226 συλλεγόντων
1727 1191 1757 1218 τὸ
1773 1193 1806 1219 ἐκ

1014 1237 1060 1264 δύο
1073 1237 1181 1272 φύσεων
1196 1235 1266 1264 εἶναι
1279 1237 1325 1264 τὸν
1340 1237 1452 1272 Κύριον,
1469 1237 1537 1272 μετά
1550 1237 1595 1264 τοῦ
1606 1238 1687 1264 καὶέν
1696 1237 1742 1264 δύο
1753 1238 1806 1273 φύ-

1013 1291 1087 1310 σεσιν
1098 1281 1180 1315 εἶναι,
1192 1283 1238 1310 καὶ
1250 1283 1384 1317 λεγόντων
1399 1284 1446 1310 καὶ
1457 1283 1506 1319 τὴν
1519 1283 1640 1316 σύνοδον,
1657 1285 1704 1310 καὶ
1714 1285 1806 1310 πᾶσαν

1012 1328 1104 1362 φύσιν,
1119 1329 1166 1355 καὶ
1179 1328 1294 1362 ἄγγελον
1307 1327 1335 1361 ἐξ
1347 1328 1472 1365 οὐρανοῦ,
1489 1329 1512 1355 εἰ
1529 1329 1566 1364 μὴ
1576 1329 1663 1360 οὕτως
1675 1330 1807 1364 ἐφρόνουν

1014 1372 1278 1408 ἀναθεματιξόντων,
1290 1374 1335 1400 διὰ
1346 1374 1372 1400 τί
1387 1374 1423 1409 μὴ
1439 1374 1633 1409 καταδέχονται
1648 1374 1726 1401 αὐτοὶ
1741 1374 1804 1400 τάδε

1016 1419 1220 1453 συνομολογεῖν,
1238 1419 1364 1453 λέγοντες
1388 1419 1436 1446 καὶ
1462 1420 1492 1446 τὸ
1507 1421 1540 1446 ἐκ
1566 1420 1613 1446 δύο
1630 1420 1698 1455 μετά
1711 1420 1759 1446 τοῦ
1775 1421 1806 1446 ὲν

1014 1464 1061 1490 δύο
1076 1465 1124 1491 σὺν
1140 1465 1206 1499 ἡμῖν
1219 1473 1227 1498 ;
1243 1465 1291 1491 καὶ
1304 1465 1435 1500 Σεόἧρον,
1452 1465 1499 1492 καὶ
1513 1465 1669 1502 Διόσκορον,
1682 1467 1727 1492 καὶ
1742 1467 1805 1499 τοὺς

1017 1511 1076 1545 μετ’
1093 1510 1194 1542 αὐτῶν,
1219 1511 1243 1536 εἰ
1270 1510 1308 1546 μὴ
1332 1510 1419 1541 οὕτως
1434 1511 1578 1545 ἐφρόνουν,
1594 1511 1804 1546 ἀναθεματίζειν

1015 1555 1188 1590 αἱρούμενοιῖ
1205 1555 1357 1582 Φλαϐιανοῦ
1373 1564 1402 1582 τε
1416 1556 1464 1581 τοῦ
1485 1556 1636 1591 μακαρίτου
1656 1557 1706 1592 τῆς
1730 1557 1806 1583 ἐκθέ-

172 1604 229 1631 Cur
242 1608 269 1630 et
288 1603 432 1637 Severum,
451 1609 479 1631 et
510 1605 682 1636 Dioscorum,
705 1613 858 1640 eorumque
873 1609 961 1632 secta-

1017 1609 1086 1632 σεως
1100 1601 1217 1636 ἐχούσης
1237 1601 1296 1632 καὶ,
1313 1610 1322 1626 ἰ
1341 1601 1413 1627 Μίαν
1427 1601 1455 1628 δὲ
1473 1602 1553 1635 φύσιν
1563 1601 1609 1628 τοῦ
1624 1602 1691 1628 Θεοῦ
1704 1602 1802 1636 Λόγου,

173 1655 246 1677 tores
260 1650 339 1677 aliter
351 1650 514 1682 sentientes,
533 1658 587 1677 non
600 1650 731 1677 damnant
744 1655 825 1685 atque
842 1650 959 1685 proscri-

172 1695 262 1723 bunt?
286 1696 320 1722 Et.
342 1704 405 1724 cum
431 1695 520 1724 felicis
541 1696 681 1723 memorim
698 1696 843 1723 Flavianus
862 1696 888 1722 in
909 1703 958 1723 sua

172 1741 234 1768 fidei
250 1741 423 1776 expositione
440 1741 523 1774 dicat,
542 1751 550 1766 ι
572 1741 659 1769 Unam
674 1741 722 1768 Dei
736 1741 818 1769 Verbi
831 1746 957 1769 naturam

172 1787 354 1819 incarnatam,
375 1787 762 1822 eamdemquehumanitatem
776 1787 959 1822 assumpsisse

171 1833 321 1868 prtedicare
358 1841 413 1860 non
451 1832 632 1866 dubitamus,
662 1837 807 1868 propterea
836 1833 900 1868 quia
926 1841 960 1860 ex

1014 1647 1227 1682 σεσαρκωμένην
1252 1647 1344 1681 μέντοι
1362 1648 1409 1673 καὶ
1435 1648 1696 1682 ἐνανθρωπήσασαν.
1712 1648 1802 1681 λέγειν

1012 1695 1042 1721 οὐ
1052 1693 1259 1729 παραιτούμεθα
1269 1694 1312 1720 διὰ
1328 1694 1373 1720 τὸν
1386 1693 1415 1726 ἐξ
1429 1694 1531 1728 ἀμφοῖν
1547 1695 1595 1720 ἕνα
1610 1693 1712 1728 Κύριον
1724 1693 1803 1728 ἡμῶν

1019 1740 1125 1775 Ὶησοῦν
1142 1740 1276 1775 Χριστόν·
1295 1749 1302 1764 ι
1320 1741 1368 1766 καὶ
1378 1740 1456 1766 τοῦτο
1466 1741 1516 1775 τῆς
1526 1740 1634 1766 συνόδου
1651 1738 1804 1774 ποτνιωμέ-

1013 1794 1073 1820 νης,
1089 1785 1146 1816 πῶς
1159 1786 1220 1820 ουχὶ
1231 1785 1301 1812 κατὰ
1319 1785 1408 1812 πάντα
1421 1785 1485 1812 τάδε
1500 1785 1607 1817 τούτοις
1622 1785 1801 1820 συμφθέγγε-

1013 1839 1059 1858 ται
1072 1831 1089 1867 ἡ
1106 1831 1228 1864 σύνοδος;

170 1879 278 1906 duabus
290 1880 397 1907 naturis
407 1887 478 1907 unus
489 1880 622 1907 Dominus
637 1884 732 1907 noster
742 1880 822 1907 Jesus
837 1879 965 1907 Christus
984 1878 1174 1913 componitur;
1192 1887 1201 1903 ι
1220 1885 1339 1912 cumque
1361 1884 1440 1904 sacra
1474 1877 1596 1912 synodus
1628 1876 1725 1905 eadem
1743 1874 1804 1903 haec

170 1929 327 1958 Veneretur,
355 1925 492 1961 quomodo
508 1934 564 1953 non
586 1925 657 1953 idem
674 1925 702 1952 in
723 1925 767 1952 his
783 1925 913 1963 omnibus
927 1928 955 1952 et
975 1924 1033 1958 ipsa
1044 1931 1107 1951 cum
1122 1923 1253 1951 Flaviano
1265 1923 1369 1951 sentit?

204 1972 290 2000 Divus
303 1977 396 2000 autem
412 1973 468 2000 Leo
480 1973 619 2000 sententia
631 1977 660 2000 et
670 1972 782 2000 decreto
794 1980 846 2000 suo
861 1972 959 2000 conﬁr‘

169 2023 227 2046 mat
246 2025 360 2054 rataque
372 2019 458 2046 habet
470 2019 564 2046 omnia
576 2025 638 2052 qum
649 2018 676 2045 in
687 2018 805 2046 concilio
818 2018 959 2053 Ephesino

170 2069 264 2092 contra
287 2064 445 2092 Nestorium
460 2071 475 2091 a
491 2063 555 2090 divo
573 2063 675 2099 Cyrillo
701 2063 807 2097 prolata
835 2062 957 2090 fuerunt.

172 2121 181 2137 ι
206 2111 297 2138 Firma
323 2114 463 2142 maneant,
486 2109 586 2144 inquit,
608 2109 720 2137 concilii
745 2108 876 2143 Ephesini
895 2108 957 2144 (cui

169 2157 259 2185 felicis
274 2156 475 2187 recordationis
489 2155 608 2191 Cyl-illus
619 2155 738 2190 praefuit)
749 2159 844 2182 contra
860 2155 958 2182 Nesto-

170 2204 241 2231 rium
255 2208 326 2235 acta,
342 2210 377 2231 ne
397 2203 468 2230 forte
484 2206 542 2229 tum
559 2201 686 2228 damnata
701 2201 829 2236 impietas
844 2209 892 2235 per
906 2200 959 2228 hoc

170 2248 259 2283 ipsum
280 2247 337 2274 ullo
357 2246 438 2274 modo
457 2253 487 2273 se
506 2244 636 2279 decipiat.
657 2244 886 2279 Quandoquidem
902 2244 958 2271 En-

170 2295 265 2329 tycbes
279 2294 339 2329 jure
356 2301 387 2320 ac
397 2295 498 2327 merito
513 2300 528 2318 a
542 2290 645 2318 Christi
661 2290 783 2317 ﬁdelium
799 2291 958 2318 communi-

170 2347 226 2369 tate
243 2340 376 2375 expulsus
397 2343 451 2371 est,
473 2343 500 2366 et
521 2337 556 2365 ab
580 2336 645 2364 sede
669 2344 718 2364 sua
739 2336 871 2371 deiectus.
889 2336 955 2363 Nam

168 2395 239 2422 pura
261 2385 339 2418 ﬁdes,
364 2389 392 2412 et
408 2393 440 2411 ea
463 2383 669 2419 simplicissima
694 2383 840 2418 disciplina
863 2382 956 2417 (quam

168 2440 219 2459 nos
231 2439 276 2464 eo,
290 2439 345 2466 quo
361 2430 449 2458 sancti
465 2431 571 2461 Patres,
585 2430 677 2457 animo
697 2434 725 2457 et
742 2428 840 2456 affectu
855 2429 955 2463 prmdi-

169 2478 274 2511 camus)
290 2477 386 2504 eadem
405 2476 543 2504 sententia
563 2476 675 2503 damnat
696 2483 777 2510 prava
790 2474 911 2502 NestOrii
927 2479 955 2501 et

168 2523 338 2560 Eutychetis,
374 2530 526 2556 eorumque
557 2526 722 2548 sectatorum
744 2520 880 2554 dogmata,
897 2527 956 2546 om-

168 2569 301 2603 niumque
318 2568 432 2595 istorum
446 2567 581 2594 nefariam
599 2565 764 2594 sententiam
778 2564 876 2592 iisdem
893 2564 955 2591 telis

167 2615 291 2650 conligit.
305 2624 314 2640 ι

201 2661 255 2689 Sed
268 2661 414 2688 redeamus
430 2659 530 2686 iterum
544 2658 577 2685 ad
590 2665 665 2689 eum,
681 2657 727 2692 qui
744 2657 847 2685 fatetur
861 2657 954 2692 plures

167 2712 277 2734 sanctos
292 2707 388 2734 Patres
405 2705 508 2732 dixisse
523 2703 663 2731 Christum
679 2703 787 2730 duabus
805 2704 831 2730 in
846 2704 952 2730 naturis

166 2751 333 2783 subsistere;
345 2750 493 2778 concilium
508 2756 573 2776 vero
588 2748 811 2775 Cbalcedonense
824 2755 878 2774 non
891 2747 952 2774 ideo

167 2796 353 2832 reprehendi,
383 2795 456 2831 quod
486 2795 512 2822 id
541 2795 630 2830 ipsum
661 2794 781 2826 dixerit,
811 2793 859 2821 sed
886 2793 950 2828 quia

165 2841 304 2870 Christum
324 2841 453 2869 eumdem
478 2848 511 2868 ex
538 2840 644 2868 duabus
671 2839 853 2874 compositum
878 2838 951 2865 haud

166 2887 325 2920 aiiirmatit;
344 2891 370 2914 et
386 2887 500 2921 reliqua,
516 2893 575 2920 qum
594 2886 650 2920 ipse
665 2885 828 2913 deblaterat.
849 2884 950 2913 Verum

1046 1971 1123 1997 Λέων
1144 1970 1172 1996 δὲ
1197 1971 1211 1996 ὁ
1233 1970 1387 2005 θαυμάσιος
1413 1970 1462 2005 μιᾷ
1484 1969 1603 2005 κυρώσει
1625 1971 1672 1997 καὶ
1690 1971 1800 2006 συνόψει

1012 2016 1102 2043 πάντα
1130 2015 1194 2042 τάδε
1219 2017 1255 2042 τὰ
1286 2015 1359 2042 κατὰ
1381 2015 1531 2051 Νεστορίου
1555 2017 1690 2051 εἰρημένα
1716 2018 1745 2044 ὲν
1767 2019 1799 2053 τῇ

1011 2063 1040 2088 ἐν
1056 2061 1163 2097 Ἐφέσῳ
1179 2062 1280 2097 συνόδῳ
1298 2061 1351 2088 ὑπὸ
1366 2061 1414 2088 τοῦ
1432 2061 1570 2097 μακαρίου
1587 2063 1722 2097 Κυρίλλου
1739 2063 1800 2090 ἑπι-

1012 2107 1193 2142 σφραγίξεται
1209 2108 1255 2134 καὶ
1270 2109 1360 2143 κυροῖ,
1380 2108 1484 2142 λέγων⁸
1513 2117 1522 2134 ι
1540 2108 1580 2135 Τὰ
1600 2109 1690 2143 μέντοι
1703 2117 1734 2143 γε
1749 2110 1800 2145 τῆς

1012 2153 1145 2189 πρότερον
1166 2154 1194 2180 ὲν
1209 2153 1316 2189 Ἐφέσῳ
1331 2153 1459 2187 συνόδου,
1486 2152 1597 2190 ἧστινος
1616 2156 1630 2181 ὁ
1660 2157 1706 2191 τῆς
1721 2156 1801 2188 ὁσίας

1012 2198 1122 2233 μνήμης
1139 2198 1274 2234 Κύριλλος
1289 2200 1349 2226 τότε
1364 2191 1546 2235 προήδρευεν,
1565 2201 1636 2227 κατὰ
1649 2201 1799 2237 Νεστορίου

1011 2243 1103 2276 ιδικῶς
1129 2244 1287 2279 πραχθέντα
1299 2250 1319 2277 ,“
1335 2245 1558 2281 διαμενέτωσαν·
1590 2248 1689 2282 μήπως
1706 2249 1722 2282 ἠ
1737 2248 1799 2274 τότε

1009 2291 1244 2317 καταδικασθεῐσα
1256 2291 1411 2324 δυσσέϐεια,
1424 2292 1458 2318 δι’
1471 2293 1536 2318 αὐτὸ
1547 2292 1624 2319 τοῦτο
1636 2293 1698 2319 καθ’
1709 2293 1798 2320 ότιοῦν

969 2328 996 2357 Ῐ)
1009 2337 1110 2371 ἑαυτὴν
1125 2337 1267 2372 ἀπατήσῃ,
1283 2337 1381 2372 ὅτιπερ
1399 2337 1520 2372 Εὑτυχὴς
1536 2338 1649 2369 δικαίως
1663 2339 1800 2374 ἀναθεμα‹

1010 2381 1111 2414 τισθεὶς
1122 2382 1338 2417 καταϐέῦληται·
1354 2384 1369 2417 ή
1384 2382 1540 2417 καθαρότης
1551 2383 1606 2418 γὰρ
1619 2384 1666 2418 τῆς
1679 2385 1798 2417 πίστεως

1009 2427 1056 2454 καὶ
1071 2427 1230 2454 διδασκαλία
1241 2447 1248 2459 ,
1266 2428 1300 2463 ἢν
1315 2427 1353 2462 τῷ
1368 2428 1445 2462 αὐτῷ
1460 2428 1597 2463 πνεύματι
1613 2429 1796 2465 κηρύττομεν,

1007 2472 1101 2507 ὥσπερ
1118 2474 1142 2500 οἱ
1160 2474 1234 2507 ἅγιοι
1249 2473 1372 2508 Πατέρες
1386 2473 1482 2509 ἡμῶν,
1509 2475 1556 2501 καὶ
1575 2475 1624 2510 τὴν
1637 2476 1796 2510 Neo-copim),

1009 2519 1056 2545 καὶ
1081 2518 1129 2553 τὴν
1153 2518 1308 2554 Εύτυχοῦς,
1339 2519 1409 2554 μετὰ
1434 2520 1489 2546 τῶν
1509 2520 1670 2555 ἡγουμένων
1690 2522 1795 2555 αὐτῶν,

1009 2565 1052 2591 ἐπ’
1066 2565 1126 2599 ἴσης
1142 2564 1317 2597 καταδικάζει
1333 2566 1381 2592 καὶ
1393 2565 1486 2593 διώκει
1501 2567 1672 2599 κακοδοξίαν.
1690 2577 1700 2593 ι

1048 2654 1207 2681 ’Ᾱκουστέον
1226 2654 1254 2680 δὲ
1278 2654 1319 2682 ἔτι
1335 2655 1384 2682 τοῦ
1399 2650 1527 2690 λέγοντος
1551 2626 1607 2682 an.
1618 2657 1664 2683 καὶ
1685 2656 1796 2688 πλείους

1005 2701 1059 2727 τῶν
1071 2701 1202 2736 Πατέρων
1217 2701 1387 2737 ἀδιαϐλήτως
1401 2703 1555 2737 ἐχρήσαντο
1571 2704 1647 2738 φωνῇ
1661 2704 1692 2737 τῇ
1708 2704 1736 2729 ὲν
1748 2703 1796 2729 δύο

1007 2747 1053 2773 ἐπὶ
1066 2746 1196 2781 Χριστοῦ,
1213 2747 1259 2774 καὶ
1272 2747 1314 2773 ὃτι
1329 2748 1377 2782 οὐχ
1390 2748 1426 2779 ὠς
1441 2748 1576 2782 λέγουσαν
1588 2749 1618 2774 τὸ
1630 2749 1658 2774 ἑν
1670 2749 1717 2775 δύο
1728 2750 1796 2784 γρά-

1007 2801 1087 2827 φεται
1100 2792 1150 2827 τὴν
1164 2792 1273 2819 σύνοδον
1283 2813 1291 2825 ,
1312 2793 1370 2820 ἀλλ’
1385 2794 1422 2826 ὡς
1438 2794 1470 2821 τὸ
1484 2795 1517 2821 ἐκ
1531 2794 1577 2821 δύο
1593 2794 1630 2830 μὴ
1645 2795 1792 2821 εἰποῦσαν

1005 2839 1052 2866 καὶ
1066 2838 1100 2865 τὰ
1113 2838 1194 2866 λοιπὰ
1208 2838 1226 2865 ἆ
1238 2847 1320 2874 φησιν
1331 2848 1338 2855 ·
1354 2840 1404 2867 οὐκ
1414 2839 1472 2868 οῖδα
1485 2841 1539 2877 γὰρ
1554 2841 1613 2873 πῶς
1625 2841 1715 2868 λαϐὼν
1729 2842 1794 2868 ἑαυ-

1005 2885 1049 2911 τδν
1068 2884 1162 2919 ὥσπερ
1179 2884 1279 2911 ἕνυπνα
1295 2884 1395 2918 λαλῶν,
1414 2887 1444 2913 ὲν
1460 2887 1517 2919 τοῖς
1530 2886 1630 2913 ἑαυτοῦ
1647 2886 1791 2921 συγγράμ-
