1963 3077
136 139 201 171 18ἲῦ

726 143 874 174 CONTRA
893 141 1193 173 MONOPHYSITAS

1690 133 1756 166 1846

135 204 199 230 μασι
213 195 294 223 πάλιν
307 197 374 233 φησι
384 206 390 213 ·
410 197 547 233 ιΝύκτωρ
561 198 608 225 καὶ
622 198 680 233 μεθ’
692 198 799 233 ἡμέραν
810 199 868 229 ταῖς
880 197 919 232 βι-

982 197 1111 224 rnimvcro
1123 196 1156 227 is.
1168 195 1261 223 nescio
1275 193 1413 230 quomodo
1425 192 1525 220 suimet
1539 191 1625 226 ipsius
1644 189 1756 222 oblitus,

133 241 205 273 ελοις
222 242 276 269 τῶν
290 244 422 278 Πατέρων
439 245 639 280 στρεφόμενος,
667 244 744 271 οὔπω
759 245 819 271 τινὰ
837 245 917 280 μέχρι

133 289 180 315 καὶ
205 289 253 315 νῦν
277 290 332 316 τῶν
353 290 485 325 Πατέρων
504 291 595 326 εὑρεῖν
609 291 741 326 ἐδυνήθην
757 291 852 324 φύσεις
872 291 919 316 ἐπὶ

135 334 253 370 Χριστοῦ
280 335 327 362 δύο
350 335 497 366 δοξάζοντα
508 358 515 369 ,
544 336 669 371 καθάπερ
686 337 710 362 οἱ
725 337 754 362 ὲν
767 336 920 370 Χαλκηδόνι

135 380 309 413 συνελθόντες
326 381 473 414 ἐδόξασαν.
502 383 550 409 καὶ
572 383 601 408 ὲν
619 382 695 408 δυσὶν
712 382 793 408 αὐτὸν
810 382 922 417 ἀπεφή-

135 434 214 452 ναντο
230 427 354 460 φύσεσιν.
369 436 378 453 ›
400 427 493 454 Ταῦτά
505 436 548 462 γε,
567 427 591 454 εὶ
607 427 644 463 μὴ
659 427 689 454 τὸ
701 428 752 462 τῆς
767 427 923 458 ὑποθέσεως

136 471 189 498 τῶν
212 473 386 507 ζητουμένων
403 473 502 500 σεπτὸν
519 473 588 509 πρὸς
602 473 745 500 εὐλάϐειαν
760 474 859 508 ἄγχει,
878 473 923 499 τὸν

137 518 276 553 ἀκροατὴν
292 519 343 545 οὒκ
358 520 398 550 εἰς
413 519 533 554 ἄμετρον
550 520 661 554 ὲκχύσει
675 519 782 553 γέλωτα
792 538 799 551 ,
824 518 924 545 οὕτωσὶ

138 562 220 588 αὑτοῦ
238 563 350 595 ἑαυτὸν,
370 564 537 598 ἀμνημόνως
553 564 569 599 ἢ
586 564 781 599 ὰταλαφρὸνως
795 563 811 599 ἢ
827 563 925 599 θεηλά-

138 615 192 638 tu);
207 607 257 633 οὐκ
269 605 329 634 οἶδα
344 608 401 639 πῶς
416 608 518 642 λέγειν,
534 609 853 644 άντικαταρρἀσοντος;
870 609 925 635 Καὶ

139 654 206 687 ἡμῖν
224 654 323 684 σκοπὸς
343 654 394 680 οὐκ
409 652 456 689 ἦν,
475 653 512 684 ὡς
528 656 542 680 ὸ
557 653 660 689 Κύριος
676 654 802 688 μάρτυς,
828 654 926 689 ἀνδρὸς

139 698 275 732 όμφυοῦς
289 698 402 732 ἄγνοιαν
414 699 568 731 ὀνειδίζειν,
584 699 600 734 ἢ
615 699 771 733 σαϐρότητα
783 699 870 732 λόγων
880 698 927 725 ἁλ-

139 742 254 776 λοτρὶων
271 743 378 778 ἑτέροις
394 743 584 778 δημοσιεύειν
603 743 660 770 άλλ⁴
677 744 739 770 ἐπεὶ
756 743 787 770 τὸ
802 743 852 778 μὲν
866 743 927 769 κατ’

140 787 222 813 αὑτὸν
245 787 333 821 δόγμα
357 789 517 822 κεκίνηται,
543 788 557 813 6
573 787 602 814 δὲ
623 787 733 822 θερμῶς
751 786 928 821 ἀντιποιησά·

141 839 222 865 μενος
237 832 317 858 τοῦδε
333 831 380 858 τοῦ
393 832 539 867 δόγματος,
557 832 638 864 αὐτὸς
653 831 730 858 οὔπω
744 831 814 866 ἔφθη
827 839 928 858 πανεκ-

972 248 1000 271 et
1016 243 1094 278 quasi
1110 242 1273 270 somniando
1284 241 1349 268 alibi
1366 241 1423 267 suis
1437 239 1464 266 in
1477 237 1558 265 libris
1571 237 1607 264 ita
1617 236 1755 271 loquitur:

976 297 985 314 ι
1007 288 1064 323 Ego
1081 288 1126 315 die
1146 292 1285 322 noctuque
1308 286 1450 313 revolvens
1467 288 1624 312 sanctorum
1645 283 1758 310 Patrum

973 334 1125 365 volumina,
1141 333 1278 360 neminem
1293 332 1382 359 adhuc
1397 331 1521 358 invenire
1534 329 1621 365 potui,
1633 328 1680 364 qui
1691 328 1760 356 duas

974 380 1064 407 inesse
1087 380 1196 408 Christo
1217 383 1331 405 naturas
1350 377 1501 408 aiiirmarit,
1515 379 1545 402 ut
1565 375 1761 410 iudicaverunt

975 424 1086 452 concilii
1108 423 1340 450 Chalcedonensis
1360 426 1462 455 patres,
1485 420 1532 454 qui
1553 424 1580 446 et
1602 419 1630 445 in
1652 418 1761 445 duabus

976 469 1083 496 naturis
1095 476 1158 496 eum
1178 468 1330 495 subsistere
1345 466 1572 501 pronuntiarunt.
1589 475 1598 491 ι
1619 464 1692 495 Πίος,
1706 464 1760 490 nisi

977 514 1108 542 sanctitas
1131 513 1285 548 argumenti
1315 512 1348 539 de
1374 519 1428 546 quo
1455 511 1554 545 agitur,
1578 509 1760 537 reverentiam

977 560 1150 588 auditoribus
1158 560 1303 591 incuteret,
1316 566 1407 585 nonne
1417 558 1500 584 risum
1509 561 1589 591 atque
1599 556 1761 583 cachinnum

978 606 1019 634 eis
1030 605 1190 632 moverent?
1201 605 1320 636 Etenim,
1336 604 1378 631 sui
1393 602 1595 638 quodammodo
1606 601 1718 632 oblitus,
1733 605 1763 628 ut

979 651 1097 684 aiebam,
1113 651 1155 678 vel
1171 651 1272 678 mentis
1294 649 1496 681 imbecillitate,
1516 648 1559 675 vel
1580 648 1618 674 ita
1633 647 1689 674 Deo
1702 655 1764 681 pcr—

979 700 1106 727 mittcnte
1131 702 1196 734 (quo
1218 699 1291 726 enim
1316 698 1402 725 verbo
1430 701 1491 724 utar
1517 695 1633 737 nescio),
1654 694 1765 722 sibimet

980 745 1033 780 ipsi
1051 745 1169 780 turpiter
1187 744 1361 772 contradicit.
1385 744 1471 770 Porro
1488 742 1570 769 nobis
1591 736 1764 776 propositum

979 799 1035 818 non
1055 796 1114 818 erat
1138 791 1237 825 (testor
1262 789 1364 823 Deum)
1382 788 1487 816 homini
1505 787 1612 820 eadem,
1633 794 1687 822 qua
1703 793 1763 816 nos,

981 837 1170 865 imbecillitate
1187 837 1304 872 praedito
1322 836 1491 870 exprobrare
1506 834 1698 870 ignorantiam,
1714 840 1766 860 nec

141 877 245 912 κλησίῳ
263 877 365 912 συνόδῳ
381 878 583 913 κατακριθῆναι
596 897 604 909 ,
633 878 701 904 ἀλλὰ
725 877 827 912 ψήφοις
842 877 926 913 βασι-

982 883 1064 917 ipsius
1075 883 1287 910 inconstantiam
1300 882 1434 909 sermonis
1446 881 1516 916 apud
1528 881 1596 908 alios
1607 880 1764 911 decantare,

140 922 230 952 λικιίς
255 923 301 949 καὶ
326 923 478 959 ἱερατικαῖς
499 923 667 958 ὲκὸληθῆναι
692 923 738 950 τοῦ
757 923 853 956 θρόνου
876 922 927 957 τῆς

147 968 324 1002 Ἀντιοχέων,
342 969 491 1003 ἀναγκαῖον
519 971 698 1005 παραστῆσαι
725 969 774 1004 τὴν
796 969 927 1005 ποιότητα

139 1012 187 1040 τοῦ
205 1014 299 1049 ἀνδρός
310 1022 317 1030 η
344 1015 441 1050 μήπως
461 1017 494 1042 ἐκ
509 1016 558 1051 τῆς
574 1025 656 1042 τινων
672 1016 737 1051 περὶ
750 1015 834 1042 αὑτοῦ
855 1024 929 1051 φρα·

139 1059 305 1094 τριαστικῆς
319 1060 350 1087 τὸ
362 1061 422 1087 ὃλον
436 1062 598 1096 προλήψεων
612 1061 730 1094 ἐνδόξου,
745 1064 805 1093 ταῖς
820 1062 926 1089 ἐκείνου

139 1104 324 1138 διδασκαλίαις
348 1106 538 1139 ἀϐασανίστως
564 1108 590 1134 οἱ
615 1107 782 1143 νηπιώτεροι
804 1107 926 1134 κατασύ-

141 1159 229 1185 ροιντο
239 1159 245 1165 ·
266 1151 324 1178 ἐστι
339 1152 394 1188 γὰρ
409 1153 514 1179 τοιόσδε
537 1153 551 1179 6
567 1153 637 1188 ἀνὴρ
654 1154 701 1180 καὶ
718 1154 747 1180 ὲν
763 1153 855 1185 ἄλλοις
871 1154 927 1186 τοῖς

140 1196 371 1232 ὑποτεταγμένοις
396 1198 478 1225 αὐτοῦ
508 1200 709 1235 συγγράμμασι
736 1200 927 1235 θεωρούμενος

139 1242 187 1268 καὶ
209 1243 368 1278 σύμφωνος,
387 1244 425 1276 ὡς
439 1245 545 1278 εἰπεῖν,
565 1246 616 1281 τὴν
631 1245 812 1281 ἀσυμφωνιαν
827 1245 925 1272 ἑαυτοῦ

140 1289 351 1323 γινωσκόμενος.

978 928 1027 956 sed
1050 929 1185 956 adversus
1208 929 1268 963 ejus
1291 928 1388 963 dogma
1419 927 1552 955 duntaxat
1571 933 1662 953 sermo
1684 924 1766 952 nobis

977 978 1123 1009 susceptus
1142 978 1195 1002 est.
1212 974 1261 1001 Cui
1275 974 1392 1009 dogmati
1406 981 1468 1001 cum
1486 973 1509 1000 is
1524 971 1664 1000 mordicus
1678 970 1766 998 hatre-

979 1025 1033 1051 ret,
1045 1028 1163 1055 cumque
1181 1027 1209 1047 se
1219 1020 1324 1054 judicio
1342 1019 1505 1047 universalis
1516 1018 1628 1046 e‘oncilii
1640 1017 1766 1045 commit-

978 1069 1037 1093 tere
1055 1065 1152 1098 nollet,
1170 1070 1253 1100 atqne
1275 1070 1422 1100 propterea
1444 1064 1584 1100 regalibus
1603 1062 1722 1090 decretis
1737 1066 1766 1090 et

978 1110 1167 1138 ecclesiastica
1185 1112 1324 1139 sententia
1345 1111 1429 1138 fuerit
1452 1110 1487 1138 ab
1509 1111 1573 1138 sede
1596 1109 1766 1137 Antiochena

979 1155 1102 1191 dejectus
1119 1165 1126 1184 :
1143 1165 1257 1184 necesse
1282 1156 1335 1184 fuit
1356 1162 1483 1184 accurate
1507 1156 1664 1184 describere
1688 1155 1766 1189 inge-

979 1201 1055 1228 nium
1075 1207 1159 1237 atque
1180 1202 1300 1229 indolem
1316 1202 1431 1237 hujusce
1446 1202 1509 1233 viri,
1524 1210 1558 1229 ne
1574 1201 1643 1228 forte
1659 1200 1765 1234 simpli-

979 1247 1068 1274 ciores
1078 1247 1205 1274 homines
1216 1247 1276 1282 ejus
1289 1247 1449 1274 celebritate
1474 1251 1501 1274 et
1515 1245 1585 1273 fama
1602 1245 1636 1272 de
1653 1252 1686 1272 eo
1700 1251 1766 1271 con-

979 1297 1057 1328 cepta
1074 1293 1282 1328 deciperentur,
1303 1293 1519 1328 exciperentque
1534 1292 1608 1319 nulla
1624 1290 1766 1326 praemissa

140 1332 351 1369 disquisitione,
379 1336 600 1372 qualemcunque
632 1337 720 1372 ipsius
748 1337 917 1365 doctrinam.
951 1337 1026 1366 Talis
1055 1339 1130 1366 enim
1149 1339 1193 1366 vir
1213 1339 1259 1367 ille
1279 1339 1497 1374 deprehenditur
1531 1343 1559 1366 et
1578 1338 1607 1365 in
1626 1337 1687 1365 aliis
1705 1345 1766 1372 qua:

140 1382 337 1418 subjiciuntur,
362 1386 423 1420 ejus
445 1385 588 1421 operibus,
613 1385 660 1413 ubi
685 1390 825 1417 constans,
842 1390 872 1413 ut
887 1386 924 1413 ita
943 1386 1044 1418 dicam,
1059 1381 1244 1415 inconstantia
1261 1395 1373 1422 semper
1382 1387 1513 1415 occurrit.
1534 1396 1545 1412 ι

142 1441 272 1476 Σεϐήρου
301 1442 336 1469 ἐκ
359 1442 419 1469 τῶν
443 1443 519 1469 κατὰ
539 1443 593 1470 τοῦ
608 1442 817 1478 Γραμματικοῦ
832 1443 927 1478 λόγου

316 1477 430 1511 τρίτου,
452 1479 619 1513 κεφαλαίου
633 1478 656 1517 ρ’
671 1478 690 1513 ἣ
702 1478 748 1513 «τ’.

183 1544 193 1560 ι
204 1534 284 1561 Ἀλλὰ
295 1535 384 1568 λέγεις
399 1536 437 1567 ὡς
451 1536 501 1562 οὒκ
514 1536 635 1570 ἀρνεῖται
648 1536 662 1562 ὁ
674 1535 858 1571 δοκιμώτατος
870 1536 927 1563 Κύ-

143 1580 232 1616 ριλ).ος
251 1581 297 1607 δύο
312 1580 408 1615 φύσεις
424 1580 569 1616 ὀνομάζειν
581 1589 588 1596 ·
616 1581 696 1617 ἑτέρα
710 1582 764 1617 γὰρ
780 1582 796 1616 ἡ
811 1581 858 1608 τοῦ
872 1581 925 1608 Λό-

143 1636 192 1662 γου
203 1647 210 1660 ,
232 1627 280 1653 καὶ
295 1627 378 1662 ἑτέρα
400 1629 416 1662 ἡ
435 1627 485 1661 τῆς
502 1627 627 1662 ἐμψύχου
651 1627 699 1654 καὶ
716 1627 792 1654 ἕννου
810 1627 909 1662 σαρκός
920 1635 926 1641 ·
941 1619 962 1650 C

144 1673 275 1708 σύμφημι
288 1673 376 1707 κάγὼ,
389 1675 436 1700 καὶ
447 1675 485 1705 ὡς
499 1675 523 1701 οῑ
536 1676 565 1701 ὲν
575 1674 729 1709 Χαλκηδόνι
744 1675 928 1706 συνελθόντες,

142 1719 161 1747 ἃ
176 1720 225 1754 μὲν
239 1720 417 1754 συνομολογεῖ
431 1720 477 1746 καὶ
490 1721 636 1755 Νεστόριος
646 1721 713 1756 ἡμῖν
725 1722 758 1748 ὲκ
768 1721 821 1747 τῶν
833 1721 931 1756 Κυρίλ-

143 1766 191 1793 λου
216 1766 313 1800 φωνῶν
337 1766 551 1801 παρατίθενται.
563 1767 678 1803 ’δηλαδὴ
698 1767 730 1794 τὸ
748 1767 844 1801 φύσεις
859 1765 929 1794 εἶναι
945 1762 951 1766 ’

143 1811 192 1838 δύο
202 1831 209 1841 ,
237 1811 284 1838 καὶ
306 1811 453 1847 διαφόρους
474 1811 524 1847 τὴν
538 1812 634 1840 οὐσίαν
650 1812 766 1848 Θεότητά
778 1821 807 1839 τε
822 1813 870 1839 καὶ
881 1813 930 1840 άν-

144 1856 317 1892 θρωπότητα.
331 1865 341 1884 ι

147 1957 203 1985 τοῦ
227 1959 319 1986 αὐτοῦ
347 1958 383 1985 ἐκ
408 1959 468 1986 τῶν
493 1958 568 1986 κατὰ
590 1959 644 1986 τοῦ
666 1959 760 1987 αὐτοῦ
787 1959 930 1988 ἰωιὶννου

180 1994 392 2030 Γραμματιηοῦ
425 1994 476 2022 τοῦ
504 1994 684 2029 Καισαρέως,
701 1995 796 2030 λόγου
814 1995 854 2030 τ’,
880 2003 931 2023 κε’

179 2030 311 2062 φαλαίου
328 2028 370 2061 ιζ’,
383 2038 392 2066 ς

182 2094 193 2110 ι
208 2083 265 2120 Τὴν
277 2084 411 2120 διαφορὰν
424 2084 578 2119 δεξάμενοι,
589 2085 636 2112 δύο
648 2085 698 2117 τὰς
711 2085 806 2120 φύσεις
817 2086 846 2113 ἐν
856 2087 932 2123 αὐτῷ

145 2129 271 2165 νοοῦμεν,
287 2131 338 2166 τὴν
351 2131 401 2166 μὲν
416 2131 538 2166 κτιστὴν,
555 2131 606 2166 τὴν
619 2131 648 2158 δὲ
664 2132 803 2159 ἄκτιστον.
819 2142 829 2159 ι

306 2242 311 2245 -
340 2229 395 2257 Τοῦ
406 2230 510 2263 αὑτοῦ,
528 2231 694 2265 κεφαλαίου
708 2229 742 2258 θ’.

187 2298 196 2314 ι
213 2288 312 2315 Τὸκδύο
326 2288 423 2322 φύσεις
437 2288 541 2322 λέγειν,
560 2289 822 2323 εἴτουν.ὀνομάζειν,
841 2291 932 2318 κοινὸν
949 2298 969 2325 ι)

145 2335 214 2370 ήμῖν
240 2335 287 2360 καὶ
310 2334 451 2369 Νεστορῖῳ
480 2335 562 2369 μέχρι
586 2335 633 2361 τοῦ
654 2335 800 2368 γινώσκειν
813 2335 862 2371 τὴν
875 2335 932 2362 δια-

147 2380 233 2415 φορὰν
247 2380 293 2406 τοῦ
307 2380 376 2406 Θεοῦ
388 2381 475 2414 Λόγου
492 2382 540 2407 καὶ
552 2381 601 2416 τῆς
616 2381 727 2416 σαρκός.
744 2391 753 2407 ι

151 2437 209 2463 Τοῦ
226 2436 320 2474 alveari
333 2436 374 2474 ﬁn
390 2436 445 2474 ςῆς
461 2438 536 2470 πρὸς
550 2438 673 2474 Σόλωνα
686 2438 870 2471 ἐπιστολῆς,
896 2437 934 2474 ἧς

234 2471 253 2504 ἠ
269 2471 358 2505 ἁρχὴ,
369 2480 378 2497 t
390 2470 503 2499 Ἦλθεν
516 2474 559 2505 εἰς
571 2473 648 2507 ἐμὴν
656 2470 856 2507 μετριότητα.)

182 2537 192 2554 ι
213 2528 255 2555 Τὰ
274 2528 303 2561 ὲξ
319 2524 357 2554 ὧν
376 2529 390 2554 ὁ
408 2529 584 2564 Ἐμμανουὴλ
602 2530 768 2564 ὑψεστὴκει,
795 2530 843 2556 καὶ
863 2530 930 2564 μετὰ

143 2575 195 2609 τὴν
211 2576 310 2601 ἕνωσιν
324 2575 355 2600 οὐ
369 2575 529 2609 τέτραπται,
543 2577 680 2610 ὑφέστηκε
693 2577 720 2602 δὲ
737 2578 765 2603 ὲν
778 2579 810 2612 τῇ
824 2577 929 2608 ἐνώσει,

144 2622 192 2646 καὶ
208 2621 237 2645 ἐν
253 2621 301 2655 μιᾷ
314 2621 465 2646 ὑποστάσει
479 2621 665 2656 θεωρούμενα,
679 2623 725 2648 καὶ
736 2622 786 2648 οὐκ
798 2623 826 2647 ἐν
838 2622 932 2655 μονάδι

143 2665 205 2691 κατ’
221 2665 289 2691 ἰδίαν
308 2665 458 2692 ὑτυὸστασιν
469 2686 477 2698 ,
505 2665 621 2693 ἕκαστον
640 2666 795 2699 ἰδιοστάτως
812 2667 933 2702 θεωρού-

146 2720 238 2746 μενον,
258 2720 268 2737 ι

178 2845 218 2879 (ξ)
241 2844 336 2872 Severi
351 2844 471 2880 Epistola
491 2844 523 2872 ad
536 2844 663 2872 Solonem
680 2848 775 2872 contra
791 2843 929 2879 Euchytas

981 1441 1108 1478 Ejusdem
1133 1442 1231 1476 Severi,
1253 1451 1285 1470 ea:
1307 1443 1351 1470 lib.
1373 1443 1415 1470 111
1434 1447 1526 1469 contra
1542 1442 1764 1478 Grammaticum,

1260 1487 1318 1514 cap.
1336 1480 1363 1511 9,
1379 1478 1419 1506 uel
1439 1479 1481 1506 l3.

1018 1544 1028 1560 ι
1049 1535 1151 1562 Verum
1173 1535 1241 1562 duas
1264 1540 1387 1568 naturas,
1408 1536 1510 1571 inquis,
1532 1537 1606 1564 haud
1627 1537 1765 1565 inliciatur

980 1580 1151 1608 clarissimus
1163 1580 1297 1616 Cyrillus;
1313 1581 1538 1616 quandoquidem
1552 1582 1598 1610 ille
1618 1583 1765 1611 confitetur

979 1625 1060 1652 aliam
1081 1633 1143 1652 esse
1169 1629 1295 1652 naturam
1318 1626 1365 1653 Dci
1392 1626 1484 1658 Verbi,
1510 1631 1539 1655 et
1562 1627 1642 1655 aliam
1663 1628 1764 1660 carnis,

980 1671 1070 1698 anima
1086 1675 1114 1699 et
1131 1672 1237 1699 ratione
1256 1672 1388 1707 praedite.
1406 1672 1504 1700 Fateor
1518 1673 1545 1700 id
1562 1673 1651 1708 ipsum
1665 1679 1692 1702 et
1703 1682 1768 1710 ego,

980 1718 1213 1752 quemadmodum
1240 1725 1293 1745 nec
1319 1718 1386 1745 illud
1415 1726 1502 1753 nego,
1532 1719 1641 1747 concilii
1667 1728 1765 1756 nempe

979 1763 1210 1791 Chalcedonensis
1218 1764 1322 1795 Patres.
1332 1764 1386 1791 divi
1398 1764 1491 1800 Cyrilli
1502 1765 1594 1793 verbis
1606 1765 1766 1794 inluni-endo

979 1808 1172 1844 pronuntiasse
1184 1807 1267 1844 (quod
1281 1808 1426 1836 nobiscum
1443 1809 1544 1836 fatetur
1559 1815 1586 1836 et
1597 1809 1764 1844 Nestorius),

981 1855 1049 1882 duas
1062 1855 1090 1882 in
1102 1854 1212 1883 Christo
1227 1859 1352 1886 naturas,
1370 1855 1404 1882 ab
1420 1862 1449 1882 se
1474 1855 1603 1889 invicem,
1620 1856 1766 1884 divinitate

980 1904 1009 1927 et
1024 1899 1206 1932 humanitate,
1224 1900 1304 1935 plane
1317 1900 1449 1929 diversas.
1473 1911 1482 1927 ι

981 1961 1119 1997 Ejusdem,
1132 1970 1164 1990 ea:
1179 1961 1223 1989 lib.
1239 1961 1282 1989 III
1294 1966 1387 1989 contra
1407 1962 1526 1990 eumdem
1543 1963 1586 1990 Io.
1602 1963 1765 1991 Grammati-

1163 2006 1223 2025 cum
1238 1996 1436 2030 Cwaariensem,
1454 2005 1513 2032 cap.
1533 1999 1577 2025 l7.

1019 2094 1029 2111 ‹
1049 2085 1122 2112 Duas
1140 2083 1167 2111 in
1179 2083 1240 2119 ipso
1249 2088 1362 2112 naturas
1376 2084 1567 2120 intelligimus,
1585 2093 1667 2114 unam
1685 2095 1764 2115 crea-

981 2135 1047 2164 tam,
1063 2130 1177 2158 alteram
1190 2130 1350 2162 increatam,
1369 2130 1443 2158 inter
1453 2138 1522 2166 quas
1536 2138 1664 2167 magnum
1678 2131 1765 2160 inter-

981 2184 1042 2205 esse
1053 2175 1203 2204 discrimen
1215 2175 1388 2203 confitemur.
1407 2185 1417 2202 ι

1241 2230 1382 2266 Ejusdem,
1392 2239 1452 2266 cap.
1468 2231 1495 2259 9.

1023 2293 1033 2311 ι
1054 2285 1128 2313 Duas
1141 2285 1176 2312 de
1189 2284 1299 2312 Christo
1314 2290 1427 2313 naturas
1441 2287 1604 2321 praedicare,
1617 2295 1764 2317 commune

982 2331 1062 2359 nobis
1077 2335 1119 2358 est
1132 2339 1195 2358 cum
1208 2330 1350 2364 Nestorio;
1371 2332 1603 2366 quemadmodum
1619 2339 1647 2361 et
1661 2334 1762 2362 discri-

981 2385 1044 2404 men
1055 2377 1129 2404 inter
1141 2381 1286 2411 utramque
1298 2377 1431 2404 conﬁteri.
1449 2387 1459 2404 ι

980 2433 1117 2472 Ejusdem,
1141 2441 1172 2460 ea:
1185 2432 1366 2472 _epistofa_ad
1383 2434 1512 2472 Solonem
1537 2437 1612 2472 cujus
1633 2438 1739 2465 initium
1753 2447 1763 2467 :

1053 2478 1062 2494 ι
1083 2468 1201 2496 Pervenit
1212 2468 1246 2495 ad
1260 2469 1464 2497 moderationem
1477 2468 1595 2499 nostrain
1610 2473 1659 2507 (4).
1681 2483 1690 2499 ι

1020 2535 1028 2550 ‹
1043 2525 1081 2552 Ea
1093 2533 1127 2553 ex
1138 2525 1239 2560 quibus
1253 2525 1413 2554 Emmanuel
1430 2528 1556 2556 subsistit
1569 2534 1631 2564 post
1646 2531 1762 2565 conjun«

976 2572 1107 2604 ctionem,
1123 2573 1189 2607 quin
1202 2580 1285 2599 unum
1305 2573 1331 2600 in
1348 2574 1421 2601 aliud
1430 2580 1616 2607 convertatur,
1632 2576 1762 2604 substite-

977 2623 1042 2645 runt
1062 2622 1089 2645 et
1113 2618 1139 2644 in
1164 2618 1222 2653 ipsa
1245 2619 1364 2646 naturali
1389 2621 1594 2655 conjunctione,
1615 2630 1675 2656 quae
1694 2630 1760 2650 sane

979 2664 1144 2691 considerari
1168 2664 1271 2693 debent
1295 2666 1321 2693 in
1348 2675 1400 2694 una
1424 2668 1575 2703 eademque
1603 2669 1758 2704 Izypostasi,

978 2717 1067 2743 neque
1081 2717 1129 2744 per
1137 2717 1165 2738 se
1177 2711 1393 2746 unumquodque
1404 2713 1554 2741 subsistere
1566 2714 1699 2749 peculiari
1710 2722 1760 2743 sua

978 2754 1152 2783 subsistentia
1167 2756 1270 2783 fretum
1285 2757 1457 2792 intelligitur.
1473 2768 1481 2784 ι

1019 2846 1131 2870 oratura
1141 2844 1276 2878 Fabricio,
1296 2844 1364 2873 Bibl.
1379 2846 1462 2875 Cret.
1477 2851 1542 2875 tom.
1557 2847 1601 2882 IX,
1617 2856 1642 2884 p.
1660 2848 1718 2877 διε
