1963 3077
204 145 270 177 18ίῖ

846 147 1001 178 LEONTII
1021 147 1224 178 BYZANTINI

1759 149 1826 181 1848

201 203 342 238 Ejusdem.
361 211 394 230 ex
413 203 457 230 lib.
479 203 506 230 11
525 211 584 238 cap.
607 204 633 236 Ἰ,
651 203 750 231 Contra
766 203 986 232 Grantmuticum.

1054 204 1097 230 "of:
1107 204 1201 231 αὑτοῦ
1212 204 1246 231 ἐκ
1257 190 1317 231 uim
1326 204 1402 239 πρὸς
1412 205 1466 232 τὸν
1474 206 1698 249 Τραμματικὸν,
1708 208 1774 242 λόγ.
1782 209 1824 240 β’,

241 289 248 305 ι
273 279 446 307 Manentibus
463 281 578 315 integris
592 285 620 307 et
631 281 782 308 immutatis
796 282 830 309 iis
840 289 872 309 ex
886 282 988 317 quibus

202 325 360 360 conjunctio
373 326 444 353 facta
456 330 507 358 est,
530 335 591 362 qnze
605 327 717 362 quidem
740 328 767 355 in
787 328 987 363 compositione

202 371 367 404 subsistunt,
383 379 438 399 non
461 376 551 400 tatnen
574 373 602 400 in
624 374 780 402 unitatibus
797 375 909 410 propria
922 374 988 402 sub-

201 417 326 445 sistentia
339 419 472 452 praeditis.
496 429 505 444 ι

236 463 277 490 En
296 463 404 498 cogitur
421 464 500 491 fateri
524 466 657 501 integrum
675 467 826 494 secundum
847 467 989 502 quantita-

202 513 267 542 tem,
286 514 314 536 et
333 510 499 537 immutabile
526 512 679 539 secundum
699 513 853 540 naturalem
872 513 990 548 qualita~

202 559 268 582 tem.
286 555 319 583 Et
338 561 401 588 post
420 557 545 591 quaedam
564 557 637 585 alia:
656 567 665 584 ι
683 558 721 586 Ea
741 567 775 586 ex
795 559 897 594 quibus
911 559 991 586 Citri-

201 606 261 629 stus
276 603 461 637 componitur,
473 597 511 630 'in
527 604 729 639 compositione
750 605 810 640 ipsa
829 609 990 632 manserunt

202 647 309 682 integra
324 653 352 676 et
368 648 501 683 perfecta.
522 658 532 674 ι

202 701 292 729 Seueri
319 711 350 729 ea:
375 703 494 738 ejusdem
514 705 625 739 epistola
643 705 672 732 11
693 705 728 732 ad
752 704 873 740 Sergium
892 705 990 733 Gram-

501 741 625 767 maticum
642 741 690 775 (5).

241 791 250 808 ι
273 783 357 811 Valde
377 784 464 811 miror
484 789 510 812 te
527 786 877 820 compositionenrvocare
899 785 991 813 carnis

205 830 433 863 assumptionem,
452 830 498 865 qui
516 830 581 857 alibi
597 831 730 866 prmdicas
746 832 828 858 unam
840 831 868 858 in
881 831 990 860 Christo

204 874 363 906 essentiam,
381 880 409 902 et
426 875 598 910 qualitatem.
620 876 752 911 Nunquid
773 885 807 904 ex
828 876 990 904 confusione
1005 871 1028 900 Β

205 921 288 956 cmpit
304 922 474 957 conjunctio,
490 927 517 950 et
537 923 565 950 in
578 923 727 950 essentiam
744 931 827 950 uuam
846 931 923 951 versa
941 923 990 950 de-

205 967 251 993 siit
278 967 369 996 omnis
394 968 580 1003 compositio?
595 973 624 995 ut
642 978 650 994 ι
667 973 761 996 sancta
777 969 912 1001 Trinitas,
938 970 988 1001 ais,

204 1019 314 1042 maneat
338 1015 471 1048 Trinitas,
492 1024 561 1043 neve
587 1024 818 1050 supervacaneam
844 1024 990 1051 personam

204 1063 338 1086 assumat.
351 1069 359 1084 ι
373 1059 407 1086 Et
422 1068 548 1087 rursum:
562 1059 613 1086 (Et
627 1063 717 1094 putas,
732 1059 779 1092 ait,
792 1059 845 1087 hoe.
855 1060 888 1087 ad
899 1067 992 1087 essen-

205 1104 271 1132 tiam
295 1113 376 1132 unam
400 1105 524 1142 redigere
538 1110 651 1133 naturas
668 1105 746 1137 duas,
763 1106 895 1140 qualitate
914 1111 992 1133 natu-

205 1151 267 1183 rali,
294 1150 439 1178 divinitate
461 1151 568 1179 scilicet
588 1156 617 1179 et
643 1151 826 1183 humanitate,
849 1151 930 1187 plane
947 1152 992 1178 di-

204 1205 307 1229 versas,
324 1205 357 1225 ex
375 1198 477 1232 quibus
492 1198 606 1233 integrls
626 1203 708 1232 atque
724 1197 863 1225 distinctis
879 1206 993 1225 manen-

204 1243 280 1272 tibus
288 1243 358 1271 citra
366 1243 557 1272 confusionem
571 1251 681 1272 omnem
692 1244 818 1271 subsistit
830 1243 966 1272 Christus.
979 1254 988 1270 ι

204 1300 331 1336 Ejusdem
358 1301 492 1334 hwretici,
521 1309 554 1328 ea:
582 1301 691 1336 epistola
722 1300 765 1328 111
804 1301 839 1328 ad
872 1300 991 1328 eumdem

537 1336 669 1372 Sergium.

243 1390 252 1406 ι
276 1381 352 1408 Scito
369 1389 426 1408 rem
453 1389 507 1408 non
527 1381 564 1408 ita
584 1389 613 1408 se
633 1381 746 1413 habere,
778 1389 839 1408 cum
858 1388 909 1416 ego
934 1380 993 1415 pla-

206 1435 269 1454 num
287 1426 413 1459 fecerim,
428 1427 697 1462 auctoritatibusque
713 1427 784 1454 bene
800 1427 893 1454 multis
903 1430 994 1454 osten-

205 1463 292 1500 derim
309 1473 362 1500 dici
377 1481 433 1500 non
455 1478 586 1508 oportere
605 1473 812 1501 Emmanuelem
833 1480 894 1505 esse
911 1472 995 1499 unius

206 1522 234 1546 et
253 1519 379 1553 ejusdem
394 1519 532 1551 essentise,
553 1523 581 1546 et
601 1519 752 1554 qualitatis.
770 1522 853 1554 atque
868 1519 994 1554 proprie-

207 1564 297 1591 tatis.»
314 1563 347 1590 Et
357 1572 466 1591 rursus:
482 1564 659 1592 «Nemosana
675 1569 767 1592 mente
783 1564 913 1599 praeditus
921 1564 996 1591 dicet

208 1614 334 1637 naturam
353 1610 401 1638 Dei
415 1611 509 1643 Verbi,
531 1611 711 1646 ejusdemque
727 1618 837 1638 carnem
858 1611 949 1637 anima
968 1615 996 1637 et

209 1656 315 1683 ratione
330 1656 483 1690 praeditam,
496 1656 523 1683 in
541 1664 594 1684 una
608 1656 784 1684 subsistentia
800 1655 852 1691 ipsi
882 1656 997 1690 conjun-

207 1706 280 1728 ctam
297 1709 358 1729 esse
374 1701 458 1729 unius
473 1701 610 1731 essentim.
626 1706 654 1728 et
667 1701 790 1737 ejusdem
807 1701 960 1736 qualitatis.
984 1709 993 1725 ι

346 1758 483 1794 Ejusdem,
503 1766 534 1785 ex
550 1757 660 1793 epistola
675 1758 709 1784 ad
728 1757 859 1784 eumdem.

248 1826 258 1842 ι
281 1816 303 1844 Δ
322 1815 426 1844 Christi
450 1815 571 1843 fidelium
593 1815 792 1843 communitate
813 1814 997 1850 segregandos

209 1862 367 1898 indicamus
381 1869 439 1893 eos,
458 1861 505 1897 qui
521 1865 583 1897 post
603 1865 771 1896 assumptam
789 1868 900 1888 carnem
916 1860 997 1887 Chri-

212 1913 286 1935 stum
300 1907 428 1935 dividunt
439 1907 466 1934 in
474 1912 587 1935 naturas
595 1907 663 1934 duas
675 1915 681 1938 ;
698 1906 772 1941 quod
785 1914 851 1934 sane
864 1906 998 1942 supplicio

211 1955 309 1990 dignos
319 1961 367 1982 eos
381 1961 536 1985 censemus,
548 1961 601 1980 non
614 1953 687 1988 quod
705 1953 800 1988 plures
814 1957 937 1985 naturas,
953 1957 1000 1980 aut

213 2000 409 2035 proprietates,
422 2003 469 2026 aut
482 1998 660 2034 operationes
671 1998 775 2031 dicant,
786 1998 834 2025 sed
853 1998 916 2033 quia
931 1997 1001 2025 duas

212 2054 273 2075 esse
288 2046 445 2081 praedicant.
465 2055 474 2072 ›

250 2094 285 2121 At
297 2094 321 2121 si
338 2098 461 2124 naturas.
471 2100 555 2120 unam
569 2098 660 2124 nemo,
672 2098 706 2118 ne
720 2091 875 2118 litterarum
889 2090 1001 2125 quidem

215 2147 314 2174 expers
325 2138 443 2171 dixerit;
454 2145 503 2165 eos
513 2145 580 2165 vero
588 2137 636 2172 qui
647 2136 715 2164 duas
725 2140 863 2170 asserunt,
873 2143 888 2163 a
899 2135 1001 2163 Christi

218 2185 341 2212 ﬁdelium
363 2184 496 2212 societate
520 2182 705 2218 segregandos
728 2181 838 2217 judieas
861 2191 867 2208 :
891 2181 1003 2209 fatearis

217 2235 328 2265 oportet
343 2239 390 2259 eas
402 2238 463 2258 esse
485 2229 528 2257 vel
545 2233 612 2262 tres,
625 2229 667 2256 vel
687 2232 818 2263 quatuor,
835 2228 878 2255 vel
896 2227 1004 2259 decem,
1018 2220 1045 2250 1)

220 2279 263 2306 vel
279 2282 399 2306 centum.

219 2335 340 2368 Severus,
357 2343 388 2362 ex
400 2335 443 2362 lib.
459 2338 551 2361 contra
569 2333 648 2361 Joan.
661 2333 869 2362 Grammaticum
881 2332 1009 2361 Cwsarew

509 2370 656 2405 episcopum
668 2369 716 2404 (6).
971 2379 975 2382 ~

262 2459 271 2474 ι
293 2449 435 2482 Quamvis,
456 2449 504 2481 ait,
522 2455 584 2475 cum
607 2447 652 2474 alii
675 2447 806 2475 Ecclesiae
825 2447 933 2478 Patres,
948 2451 1006 2473 tum

221 2495 304 2522 etiam
315 2494 434 2530 Cyrillns
447 2494 515 2529 ipse,
531 2494 660 2525 dixerint,
669 2493 808 2521 Christum
823 2497 884 2527 post
897 2497 1010 2519 natura-

221 2541 275 2570 lem
297 2541 521 2576 conjunctionem
545 2540 573 2566 in
596 2539 704 2566 duabus
731 2538 870 2566 distinctis
901 2538 1010 2565 naturis

223 2588 377 2615 subsistere
393 2596 401 2621 ;
425 2594 487 2616 cum
508 2585 712 2622 posterioribus
728 2590 821 2613 tamen
839 2585 1011 2620 temporibus

224 2634 340 2661 verbum
361 2633 415 2661 hoc
427 2633 570 2668 explosum
590 2632 689 2664 fuerit,
703 2631 936 2667 quemadmodum
955 2631 1012 2658 dis-

225 2681 387 2709 tinctionem
416 2680 607 2708 asserentibus
633 2684 662 2707 et
683 2679 751 2706 illud
770 2678 863 2706 dicere
882 2678 1010 2711 vetitum,

225 2725 367 2755 Christum
385 2726 504 2753 humana
526 2732 609 2752 carne
623 2731 744 2759 passum,
761 2723 834 2758 quod
858 2723 892 2750 ab
914 2722 1012 2750 ortho-

262 2815 300 2849 (ὅ)
328 2815 444 2850 Scripsit
473 2815 592 2850 Severus
616 2812 648 2839 ad
678 2812 803 2850 Sergium
830 2811 925 2838 saltem
953 2815 1010 2838 tres

227 2847 366 2885 epistolas.
392 2847 426 2877 'ut
447 2857 479 2876 ex
499 2848 594 2875 codice
612 2853 706 2885 nostro
721 2847 817 2885 liquet,
838 2854 1008 2885 e_x_‘_quarum

228 2881 281 2913 una
310 2889 397 2913 exstat
418 2885 600 2920 fragmentum
629 2882 656 2909 in
682 2882 756 2909 Actis
782 2882 892 2910 concilii
919 2881 1008 2908 Later.

1371 248 1436 275 κεφ.
1455 248 1474 267 a
1483 261 1490 268 .

1078 294 1086 310 ι
1110 284 1166 311 Καὶ
1189 284 1245 311 τῶν
1269 283 1299 317 ὲξ
1319 282 1357 312 ὧν
1380 286 1397 320 ὴ
1413 285 1511 317 ἒνωσις
1531 285 1667 320 μενόντων
1683 286 1826 321 ἀμειώτων

1039 329 1087 356 καὶ
1112 329 1316 362 ἁναλλοιώτων,
1342 331 1371 356 ὲν
1393 330 1517 356 συνθέσει
1535 331 1564 357 δὲ
1585 331 1760 364 ὑφεστώτων,
1778 333 1826 358 καὶ

1040 376 1090 402 οὐκ
1105 376 1134 402 ὲν
1148 375 1259 410 μονάσιν
1275 375 1497 407 ιδωσυστάτως.»
1518 376 1585 402 Ἰδοὺ
1601 377 1632 403 τό
1645 386 1675 404 τε
1690 377 1826 412 ἁμείωτον

1041 420 1110 446 κατὰ
1126 420 1222 452 ποσὸν,
1241 420 1289 446 καὶ
1305 419 1484 446 ἀναλλοίωτον
1499 420 1571 446 κατὰ
1584 421 1661 447 ποιὸν
1673 421 1762 455 λέγειν
1776 430 1827 455 φυ-

1041 465 1117 492 σικὸν
1142 465 1312 493 συνωθεῖται.
1345 466 1398 492 Καὶ
1420 465 1496 500 μετά
1519 474 1606 492 τινα·
1638 475 1648 492 ‹
1671 467 1725 493 Καὶ
1740 467 1777 498 ὡς
1792 466 1827 492 τὰ

1041 511 1070 543 ἐξ
1092 507 1130 537 ὧν
1153 507 1193 542 εἷς
1213 510 1227 536 ὁ
1249 510 1366 544 Χριστὸς
1387 511 1417 537 ὲν
1436 512 1470 546 τῇ
1491 511 1626 545 συνθέσει,
1645 511 1764 544 τελείως
1779 510 1828 538 καὶ

1040 556 1187 591 ἀμειώτως
1201 556 1364 591 ὑφέστηκεν.
1379 565 1389 582 ι
1437 547 1441 551 ’

1044 707 1100 735 Τοῦ
1122 707 1216 734 αὑτοῦ
1238 706 1370 741 Σεϐήρου
1398 707 1432 734 ἐκ
1453 707 1508 741 τῆς
1530 706 1606 741 πρὸς
1627 706 1751 741 Σέργιον
1774 707 1829 734 τὸν

1155 742 1367 776 Γραμματικὸν
1381 741 1523 776 δευτέρας
1536 742 1712 774 ἐπιστολῆς.

1081 796 1090 812 ε
1111 786 1168 812 Kal.
1192 778 1433 821 καταπέπληγμαῖ
1451 786 1527 819 λίαν,
1555 786 1614 818 πῶς
1636 787 1683 812 καὶ
1703 785 1827 813 σύνθεσιν

1041 831 1188 866 ὀνομάζεις
1195 831 1254 866 θτὴν
1270 831 1409 866 σάρκωσιν
1420 839 1427 846 ·
1456 831 1531 858 ἐστιν
1545 832 1612 858 ὃπου
1630 832 1675 858 καὶ
1691 831 1772 857 πάλιν
1784 831 1829 857 λέ-

1042 886 1119 911 γεις,
1146 878 1211 912 μιᾶς
1234 877 1425 913 γεγενημένης
1448 877 1578 909 καθάπαξ
1597 877 1692 908 οὐσίας
1714 877 1730 912 ἢ
1751 876 1828 903 ποιό-

1042 931 1122 956 τητος
1133 930 1139 937 ·
1164 922 1218 957 ἄρα
1233 923 1288 957 γὰρ
1303 922 1392 958 ἦρχθη
1407 922 1456 957 μὲν
1471 923 1487 957 ή
1502 923 1598 953 ἓνωσις
1615 923 1646 949 ἐκ
1660 922 1827 957 συγχύσεως,

1043 969 1090 996 καὶ
1115 969 1254 996 πέπαυται
1275 969 1304 996 δὲ
1330 970 1346 1003 ἡ
1370 969 1511 1001 σύνθεσις,
1537 968 1584 995 καὶ
1601 970 1641 1000 εἰς
1658 968 1722 1003 μίαν
1735 968 1830 994 οὐσίαν

1044 1013 1246 1050 μετεχώρησεν,
1266 1015 1320 1047 ἵνα,
1331 1015 1369 1046 ὡς
1381 1014 1482 1049 λέγεις,
1497 1016 1513 1050 ἡ
1529 1015 1594 1048 ἁγία
1605 1013 1690 1050 Τριὰς
1704 1013 1827 1057 φυλαχθῇ

1043 1059 1128 1093 Τριὰς
1140 1079 1148 1091 ,
1175 1060 1223 1087 καὶ
1241 1060 1279 1095 μὴ
1296 1061 1424 1094 περιττὸν
1439 1060 1587 1095 πρόσωπον
1603 1059 1796 1095 παραδέξεται.
1818 1069 1827 1085 ο

1042 1106 1099 1133 Καὶ
1118 1106 1227 1134 πάλιν·
1239 1116 1248 1132 ι
1262 1107 1317 1132 Καὶ
1325 1105 1368 1141 είη
1384 1104 1463 1132 τοῦτο
1479 1106 1547 1140 πρὸς
1561 1105 1626 1140 μίαν
1637 1105 1730 1132 οὐσίαν
1741 1105 1830 1139 ἄγειν,

1043 1153 1077 1180 τὰ
1093 1154 1126 1188 τῇ
1142 1153 1244 1188 φυσικῇ
1260 1152 1384 1187 ποιότητι
1399 1151 1575 1186 διαφέροντα,
1593 1151 1708 1186 θεότητα
1723 1151 1770 1178 καὶ
1783 1151 1832 1177 ἀν-

1043 1199 1225 1235 θρωπότητα,
1244 1198 1274 1232 ἐξ
1287 1195 1325 1226 ὧν
1341 1198 1502 1234 ἀσυγχὺτως
1520 1198 1568 1225 καὶ
1584 1197 1728 1233 ἀμειώτως
1742 1197 1832 1232 ὑπάρ-

1043 1254 1085 1281 χει
1098 1246 1225 1281 Χριστός.
1241 1255 1250 1271 ι

1046 1303 1102 1331 Τοῦ
1116 1303 1210 1331 αὑτοῦ
1223 1303 1372 1338 αἱρετικοῦ
1387 1303 1421 1330 ἐκ
1433 1303 1489 1336 τῆς
1502 1302 1646 1338 πρὸςςτὸν
1658 1300 1752 1329 αὐτὸν
1762 1301 1834 1335 Σέρο

1252 1347 1319 1374 γιον
1334 1339 1436 1372 τρίτης
1448 1337 1623 1370 ἐπιστολῆς.

1083 1394 1092 1411 ι
1106 1385 1175 1412 Ἴσοι
1193 1384 1240 1411 οὖν
1267 1383 1305 1420 μὴ
1325 1383 1411 1414 οὕτως
1431 1383 1503 1418 ἔχειν
1519 1382 1549 1409 τὺ
1562 1382 1671 1417 ἀληθὲς,
1686 1382 1733 1409 καὶ
1749 1390 1833 1417 προσ-

1044 1428 1239 1464 αποφήσαντός
1270 1436 1320 1463 μου
1359 1428 1407 1454 καὶ
1438 1427 1482 1454 διὰ
1514 1427 1647 1453 πλειόνων
1675 1426 1834 1462 μαρτυριῶν

1044 1474 1253 1506 ἀποδείξαντος,
1284 1474 1322 1505 ὡς
1348 1473 1379 1500 οὐ
1401 1473 1454 1508 χρὴ
1478 1472 1569 1506 λέγειν
1593 1472 1638 1499 τὸν
1659 1471 1836 1507 Ἐμμανουήλ

1048 1521 1113 1555 μιᾶς
1126 1519 1221 1550 οὐσίας
1236 1527 1266 1546 τε
1289 1519 1336 1545 καὶ
1354 1518 1500 1553 ποιότητος
1515 1517 1563 1544 καὶ
1578 1517 1637 1548 ὲνδς
1653 1516 1807 1551 ἰδιώματος.
1822 1525 1832 1542 ι

1048 1566 1103 1594 Kal
1120 1565 1230 1592 πάλιν·
1265 1573 1274 1590 ι
1297 1565 1354 1590 Οὐκ
1371 1563 1403 1591 ἄν
1417 1572 1460 1595 τις
1476 1562 1538 1590 νοῦν
1553 1562 1623 1597 ἔχων
1638 1562 1710 1588 εῐποι
1726 1562 1774 1596 τὴν
1789 1561 1836 1588 τοῦ

1049 1613 1116 1639 Θεοῦ
1140 1612 1247 1646 Λόγου.
1276 1610 1324 1637 καὶ
1347 1610 1396 1645 τὴν
1417 1609 1538 1645 ἔμψυχον
1563 1608 1610 1635 καὶ
1629 1608 1720 1635 ἔννουν
1735 1608 1836 1643 σάρκα,

1049 1658 1098 1692 τὴν
1122 1656 1270 1684 ἐνωθεῖσαν
1295 1655 1371 1691 αὐτῷ
1394 1655 1455 1682 καθ’
1479 1655 1646 1687 ὑπόστασιν,
1674 1653 1838 1688 γεγενῆσθαι

1052 1704 1115 1738 μιᾶς
1130 1702 1226 1734 οὐσίας
1241 1702 1288 1729 καὶ
1303 1701 1459 1737 ποιότητος.
1472 1710 1481 1727 ι

1081 1758 1136 1785 Τοῦ
1148 1757 1240 1785 αὐτοῦ
1255 1757 1290 1784 ἐκ
1303 1756 1359 1791 τῆς
1373 1756 1448 1791 πρὸς
1461 1756 1515 1782 τὸν
1526 1756 1621 1783 αὑτὸν
1633 1754 1811 1788 ἐπιστολῆς.

1090 1823 1099 1840 ‹
1121 1812 1381 1849 Ἀναθεματῑζοντες
1401 1812 1493 1839 τοίνυν
1516 1812 1580 1844 τοὺς
1600 1811 1774 1847 διαιροῦντας
1794 1810 1840 1837 τὸν

1051 1862 1099 1888 ἕνα
1113 1861 1232 1897 Χριστὸν
1251 1860 1322 1896 μετὰ
1335 1861 1384 1895 τὴν
1398 1860 1496 1886 ἕνωσιν
1510 1861 1544 1895 τῇ
1558 1859 1635 1886 δυάδι
1650 1859 1705 1886 τῶν
1721 1858 1840 1892 φύσεων,

1052 1908 1084 1934 οὐ
1099 1907 1133 1934 δι’
1145 1907 1211 1934 αὐτὸ
1226 1907 1255 1933 τὺ
1271 1906 1361 1940 λέγειν
1374 1905 1470 1941 φύσεις
1485 1906 1501 1941 ἦ
1521 1905 1655 1940 ἰδιότητας
1670 1905 1686 1940 ἢ
1701 1903 1842 1939 ἐνεργείας

1053 1951 1360 1987 ὑπαναϐεματισθὲντες
1379 1951 1460 1978 τοῦτό
1477 1959 1566 1986 φαμεν
1577 1971 1585 1984 ,
1612 1950 1680 1977 ἀλλὰ
1698 1949 1743 1976 διὰ
1755 1950 1785 1975 τὸ
1796 1948 1843 1974 λέ-

1053 2008 1113 2034 γειν
1125 1999 1181 2026 δύο.
1189 2008 1198 2025 ι
1209 1998 1279 2025 Ἀλλ’
1291 1999 1315 2024 ει
1324 1998 1397 2032 μίαν
1408 1995 1479 2024 εἶναι
1492 1996 1541 2029 τὰς
1554 1997 1662 2031 φύσεις
1674 1995 1727 2022 οὐδ’
1737 1994 1844 2030 ἀγράμ-

1056 2046 1141 2082 ματός
1164 2054 1208 2076 τις
1224 2044 1301 2080 ὲρεῖ,
1327 2044 1374 2070 δύο
1387 2043 1415 2070 δὲ
1441 2043 1506 2074 τοὺς
1527 2042 1656 2077 λέγοντας
1675 2041 1759 2072 αὑτὰς
1775 2038 1843 2066 εἶναι

1055 2093 1277 2131 ἁναθεματίζεις,
1294 2092 1311 2128 ἢ
1326 2092 1402 2127 τρεῖς
1418 2091 1435 2126 ἢ
1451 2091 1590 2126 τέσσαρας
1605 2089 1621 2125 ἢ
1635 2089 1700 2116 δέκα
1715 2089 1731 2123 ἢ
1746 2088 1844 2115 ἑκατὸν

1056 2141 1127 2169 εἶναι
1150 2139 1236 2171 αὐτὰς
1261 2138 1292 2171 ἐξ
1312 2139 1435 2172 ἀνάγκης
1449 2137 1644 2172 ὁμολογήσεις·
1673 2135 1774 2171 πλῆθος
1789 2134 1845 2170 γὰρ

1057 2188 1134 2215 οὐδὲν
1148 2186 1348 2222 ἀναρίθμητον,
1364 2185 1388 2210 ει
1403 2183 1441 2219 μὴ
1455 2183 1486 2209 τὸ
1499 2183 1622 2218 ἄπειρον.

1061 2332 1116 2360 Τοῦ
1136 2329 1230 2358 αὑτοῦ
1249 2328 1382 2362 Σεϐήρου
1408 2327 1441 2354 ἐκ
1463 2325 1529 2362 τῆςΔ
1544 2324 1628 2362 κατα,
1638 2322 1692 2350 τοῦ
1707 2323 1849 2362 Γραμμα-

1092 2357 1177 2393 {moti
1191 2357 1334 2393 Ἰωάννοῦ
1352 2362 1406 2389 τοῦ
1420 2357 1591 2389 ἐπισκόπου
1604 2357 1783 2392 Καισαρείας
1797 2357 1847 2390 ,ϐί-

1094 2403 1179 2429 ὅλου.

1098 2457 1107 2473 ι
1127 2447 1159 2473 Εἰ
1174 2446 1221 2473 καὶ
1234 2445 1265 2472 τδ
1277 2444 1370 2478 λέγειν
1385 2444 1414 2469 ὲν
1426 2441 1473 2468 δύο
1486 2440 1600 2476 φύσεσιν
1615 2436 1780 2474 ἀδιαιρέτοις
1794 2437 1846 2471 ὑφ-

1061 2492 1168 2520 ιστάναι
1191 2491 1237 2518 τον
1258 2489 1375 2525 Χριστὸν
1402 2487 1471 2523 μετὰ
1495 2486 1545 2521 τὴν
1562 2485 1661 2512 ἕνωσιν
1682 2483 1775 2518 εἷρητό
1791 2490 1847 2509 τισι

1060 2539 1114 2565 τῶν
1131 2537 1217 2564 πάλαι
1231 2535 1399 2562 διδασκάλων
1415 2534 1464 2569 τῆς
1483 2532 1659 2567 Ἐκκλησίας,
1677 2530 1694 2565 ἢ
1710 2529 1757 2556 καὶ
1773 2529 1848 2563 αὐτῷ

1061 2584 1199 2620 Κυρίλλῳ,
1219 2581 1288 2618 μετὰ
1301 2581 1388 2608 ταῦτα
1401 2580 1429 2606 δὲ
1443 2579 1619 2615 ἀπηγόρευτο
1629 2586 1636 2593 ·
1656 2575 1784 2610 καθάπερ
1801 2576 1850 2601 καὶ

1060 2630 1091 2656 τὸ
1113 2629 1205 2663 λέγειν
1229 2630 1263 2664 τῇ
1286 2627 1367 2662 φύσει
1391 2627 1441 2662 τῆς
1459 2625 1672 2661 ἁνθρωπότητος
1692 2622 1790 2649 παθεῖν
1804 2621 1851 2647 τὸν

1061 2676 1180 2711 Χριστὸν
1194 2675 1285 2706 καλῶς
1302 2674 1357 2700 ὑπὸ
1371 2673 1425 2699 τῶν
1441 2671 1591 2707 ὸρθοδόξων
1606 2669 1752 2704 λεγόμενον
1764 2689 1772 2698 ,
1796 2667 1851 2693 ἁπ-

1063 2722 1198 2758 ηγόρευσε
1213 2721 1315 2755 λέγειν,
1327 2720 1383 2751 τοῖς
1394 2718 1502 2746 νοσοῦσι
1516 2717 1565 2752 τὴν
1577 2716 1709 2750 διαίρεσιν
1723 2712 1851 2741 ἀνθιστά-

1061 2809 1224 2878 anl6)6i‘?ota
1246 2843 1379 2878 Joannem
1397 2841 1476 2878 illum
1488 2838 1703 2877 Grammatieum
1719 2834 1751 2862 ad
1770 2841 1852 2868 quem

1063 2875 1181 2908 Severus
1204 2879 1325 2914 scripsit,
1348 2877 1434 2905 fuisse
1457 2875 1587 2903 (ἰκέλη-θέε
1609 2875 1780 2907 episcopum.
