1963 3077
176 120 242 153 1819

773 123 923 155 CONTRA
942 125 1098 156 MONOPH
1103 126 1242 156 YSITAS.

1739 130 1808 163 1850

177 187 274 214 μενος·
302 178 364 206 οὐδὲ
388 179 460 206 οὕτω
485 179 541 211 τοϊς
565 179 593 206 ἐν
615 179 768 216 Χαλκηδόνι
788 182 962 209 συνελθοῦσιν

1017 183 1091 211 doxis
1103 190 1182 212 antea
1196 188 1269 212 recte
1282 185 1409 220 usurpari
1424 192 1609 215 consueverat
1621 197 1627 214 :
1639 189 1732 216 nullus
1743 198 1794 225 pro

176 226 323 260 ἀπολογίας
337 234 379 257 τις
394 225 557 252 ὑπελείπετο
569 226 680 262 τρόπος,
691 227 868 262 ὁρισαμένοις
878 228 907 255 ἐν
919 228 966 254 δύο

177 271 288 307 φύσεσιν
303 271 468 308 ἀδιαιρέτοις
481 270 667 307 γνωρίζεσθαι
680 272 726 300 τὸν
737 274 866 309 Χριστόν.
881 283 891 300 ι

265 416 320 444 Τοῦ
333 417 426 445 αὑτοῦ
442 418 476 444 ἐν
491 416 530 451 τῷ
547 418 591 445 ὅτι
605 418 724 452 ἀπαθὴς
739 420 755 446 ό
767 419 872 454 Λόγος.

214 471 225 488 ι
241 463 294 489 Καὶ
307 464 340 498 τῇ
353 463 514 499 διδασκαλίᾳ
527 463 582 491 τῶν
595 464 674 499 ἱερῶν
685 465 862 500 Γραμμάτων
873 465 964 492 πειοός

179 516 266 543 μενοι,
295 509 484 544 κηρυττόντων
507 509 589 537 αὑτὸν
611 509 778 536 πεπονθέναι
800 511 898 546 σαρκὶ,
920 511 966 538 καὶ

178 555 272 587 σαφῶς
296 555 398 586 ειδότες
424 555 462 586 ὡς
483 555 514 581 τὸ
531 555 618 586 πάθος
641 555 671 582 οὒ
688 556 761 591 πέρα
777 556 825 582 τοῦ
840 557 965 592 παθητοῦ

176 600 335 635 διαϐήσεται
358 600 501 636 σώματος·
531 601 685 637 προσψαύει
702 602 757 638 γὰρ
774 602 902 637 οὐδαμῶς
918 603 965 631 τοῦ

176 646 300 678 ἀπαθοῦς
314 647 363 682 τῆς
380 646 517 682 θεότητος.
529 656 538 673 ι

178 703 317 737 Τιμοθέου
339 703 393 730 τοῦ
405 704 553 738 Αιλούρου
570 704 623 731 τοῦ
638 705 787 738 αἱρετικοῦ
801 705 855 732 τοῦ
868 707 966 733 Μονο-

210 739 340 775 φυσίτοιξ
350 758 357 768 .
375 739 408 765 ἐκ
417 739 481 775 τῆς
496 739 570 773 πρὸς
582 739 636 766 τὸν
654 740 852 775 Ἀλεξανδρέα
865 741 966 768 Καλῶ-

211 781 308 807 νυμον
322 773 494 806 διαλέξεως.

213 829 222 846 ι
243 820 379 855 Κύριλλός
394 821 468 847 ἐστιν
485 822 499 847 ὁ
513 821 562 856 τῆς
580 821 779 858 Ἀλεξανδρέων
793 823 944 856 ἐπίσκοπος
955 833 963 841 ·

1016 234 1110 264 pterea
1123 229 1295 257 defensionis
1313 230 1393 258 locus
1412 231 1580 266 relinquitur
1597 234 1709 261 concilii
1727 235 1802 263 Chal-

1016 274 1182 303 cedonensis
1214 276 1365 309 Patribus,
1395 278 1442 312 qui
1471 277 1612 306 Christum
1646 280 1673 307 in
1698 281 1809 311 duabus

1015 319 1122 346 naturis
1143 319 1178 346 ab
1196 327 1225 346 se
1247 319 1366 348 invicem
1385 321 1529 350 distinctis
1543 324 1697 354 subsistere
1714 326 1806 355 decla-

1017 368 1124 391 rarunt.
1148 373 1158 390 Ι

1016 419 1142 464 Ejusdem
1152 429 1186 464 rex
1202 422 1320 449 aratione
1335 424 1572 459 quodimpassibile
1585 427 1618 454 sit
1633 427 1742 455 Verbum
1758 430 1807 464 (7).

1054 471 1063 488 ι
1077 462 1183 495 Verbis,
1199 463 1298 498 inquit,
1314 465 1480 494 inlmrentes
1497 475 1637 495 sacrarum
1652 462 1810 505 Scriptura-

1016 515 1087 540 rum,
1104 517 1165 543 quze
1181 517 1265 538 carne
1285 510 1424 540 Christum
1439 521 1548 548 passum
1564 522 1623 542 esse
1645 517 1806 550 praedicant,

1016 558 1044 582 ct
1063 555 1148 590 probe
1170 557 1290 584 scientes
1309 559 1465 592 passionem
1487 565 1563 587 extra
1591 563 1720 596 passibile
1743 571 1807 591 cor-

1016 609 1068 636 pus
1082 601 1154 628 haud
1168 602 1276 637 egredi,
1295 611 1356 631 cum
1372 604 1452 632 dolor
1468 606 1603 641 attingere
1620 613 1738 642 nequeat
1756 609 1808 636 im-

1017 648 1174 682 passibilcm
1198 649 1420 678 divinitatem....
1435 661 1444 677 ›

1015 705 1247 744 Timothei/inlini
1261 707 1297 741 (8)
1308 708 1433 744 rhmretict'
1450 707 1641 743 Mannphysihc
1656 710 1706 744 (9),
1720 719 1752 738 ex
1768 711 1809 739 (ίί-
1845 702 1849 705 ⁷

1115 742 1264 776 epulatione
1277 743 1312 768 ad
1321 742 1505 770 Alexandrum
1521 742 1706 780 Cul’onymtim.

1055 827 1064 843 ι
1076 818 1203 853 Cyrillus,
1213 818 1383 846 Alexandria:
1395 819 1549 855 episcopus,
1563 820 1671 848 sibimet
1682 821 1732 856 ipsi
1745 828 1810 847 con-

175 863 253 897 οὗτος
269 866 324 901 γὰρ
348 867 485 902 διαφόρως
504 868 536 894 τὸ
553 868 634 902 σοφὸν
650 869 699 904 τῆς
713 869 869 905 ὀρθοδοξίας
883 872 962 907 διαρ-

1017 864 1142 897 tradieit;
1170 865 1272 900 quippe
1297 865 1345 900 qui
1375 866 1470 893 multis
1497 866 1523 892 in
1553 866 1621 893 locis
1648 870 1730 894 recta:
1746 866 1810 893 ﬁdci

177 911 286 946 θρώσας
297 912 439 947 κήρυγμα,
459 913 628 948 παλίμϐολος
641 916 748 948 φανεὶς,
762 917 892 943 τάναντία
903 917 965 951 δογ-

177 957 296 992 ματίσας
311 958 468 993 ἐλέγχεται·
485 959 548 985 ἐπεὶ
565 959 630 994 μίαν
644 960 724 994 φύσιν
738 962 784 988 τοῦ
796 962 864 990 Θεοῦ
877 963 964 997 Λόγου

176 1003 392 1038 σεσαρκωμένην
426 1005 480 1040 χρὴ
509 1005 600 1039 λέγειν
633 1007 820 1042 ὑποθέμενος,
852 1009 964 1036 ἀναλύει

174 1049 206 1076 τὸ
221 1049 268 1075 ὑπ’
281 1050 366 1076 αὑτοῦ
381 1050 580 1084 δογματισϐἐν,
606 1053 652 1079 καὶ
667 1053 714 1079 δύο
727 1054 823 1088 φύσεις
839 1056 886 1081 ἐπὶ
898 1056 965 1091 Χρι-
993 1080 999 1085 .

176 1095 242 1122 σ’τοῦ
259 1095 419 1130 πρεσϐεύων
435 1097 577 1124 ἁλίσκεται
591 1105 598 1112 '
630 1099 678 1125 καὶ
694 1099 708 1126 ὅ
722 1108 753 1134 γε
770 1102 852 1135 σαρκὶ
866 1102 965 1128 παθεῖν

175 1141 221 1167 τδν
245 1141 311 1167 Θεὸν
336 1142 548 1177 ἀποφηνάμενος
572 1144 669 1178 Λόγον,
702 1146 856 1172 τούναντίον
881 1149 965 1182 φησὶν

175 1186 265 1213 οὐδενὶ
286 1187 381 1223 τρόπῳ
405 1188 435 1215 τὺ
458 1189 529 1224 ὑπὲρ
551 1190 629 1224 ἡμῶν
653 1191 836 1224 ἀναδέξασθαι
858 1193 962 1224 πάθος·

175 1232 235 1258 ἀλλ’
250 1233 371 1264 ἐναντίος
386 1235 440 1265 τοῖς
455 1235 566 1266 οἰκείοις
579 1235 670 1269 λόγοις
685 1237 841 1271 γενόμενος,
856 1238 905 1273 τὴν
917 1238 964 1265 νῦν

175 1279 329 1313 κρατοῦσαν
345 1279 375 1306 ἐν
389 1281 448 1311 ταῖς
463 1280 636 1316 Ἑκκλησίαις
651 1281 861 1310 δυσδιάλλακτον
875 1284 966 1319 μάχην

176 1324 337 1359 ἐνέσπειρε,
365 1326 414 1352 καὶ
436 1325 532 1361 ὥσπερ
547 1327 608 1353 τινὰ
628 1327 715 1361 φλόγα
738 1328 907 1364 λαϐροτάτην
921 1329 965 1361 ἐξ-

176 1370 259 1404 άψας,
277 1371 323 1397 τὸν
337 1371 389 1406 τῆς
404 1372 509 1406 υῑγιοῦς
524 1373 642 1406 πίστεως
659 1373 739 1408 λόγον
751 1375 902 1411 ἐνέπρησεν
912 1384 919 1391 ·
940 1376 965 1403 εί

177 1415 324 1451 μὴνοεὸϐεν
340 1417 436 1451 φανεὶς
452 1417 466 1444 ὸ
481 1420 653 1454 πατριάρχης
666 1420 797 1454 Σεϐἦρος,
811 1423 866 1452 τοῖς
882 1422 965 1456 ἱεροῖς

174 1461 257 1488 αὐτοῦ
284 1463 497 1498 συγγράμμασιν
523 1463 618 1491 ἰάσατο
637 1466 769 1500 Κυρίλλου
794 1466 824 1493 τὸ
847 1467 964 1494 ἄστατον

175 1508 222 1533 καὶ
236 1507 404 1541 παλίμϐολον
415 1529 423 1540 ,
438 1509 564 1545 καθάπερ
579 1519 621 1541 τις
633 1511 790 1547 φιλοπάτωρ
803 1513 862 1545 υἱὸς
874 1513 964 1549 λώϐην

174 1553 222 1580 τοῦ
236 1553 370 1588 φύσαντος
384 1555 493 1588 οἰκείοις
509 1556 659 1592 ἐσθήμασιν
673 1557 824 1593 ἀμφιάσας,
845 1568 855 1584 ι

217 1683 296 1711 Ἀλλὰ
310 1683 336 1711 τί
351 1685 419 1719 πρὸς
434 1685 520 1712 ταῦτα
533 1685 620 1713 πάντα
637 1687 703 1721 φασὶ
717 1687 797 1714 πάλιν
810 1688 876 1723 ἡμῖν
889 1689 913 1714 οἱ
925 1688 964 1720 ὡς

175 1729 287 1761 ὰσπῖδες
300 1731 334 1756 τὰ
356 1727 413 1757 ὦτα
432 1731 542 1766 βύοντες
554 1753 562 1765 ,
577 1732 624 1759 καὶ
637 1734 686 1766 τῆς
699 1733 753 1759 τῶν
770 1734 902 1768 Πατέρων
916 1742 963 1760 σο-

176 1775 230 1810 φῆς
245 1777 353 1812 ἐπῳδῆς
381 1777 431 1804 οὐκ
456 1778 662 1811 εἰσακούοντεςς
677 1778 766 1805 τοιάδε
783 1779 838 1814 γὰρ
854 1780 964 1811 πάντως

175 1822 240 1856 ἡμῖν
256 1823 424 1856 ἀντιλέξουσι
444 1823 491 1850 καὶ
506 1823 574 1859 πρὸς
593 1824 658 1850 τάδε
670 1832 677 1839 ³
694 1824 726 1849 Τί
741 1824 810 1858 δῆτα
830 1824 964 1859 μελιττῶν

175 1867 254 1902 δίκην
271 1869 337 1894 πᾶσι
351 1870 408 1899 τοῖς
419 1870 567 1904 Πατρικοῖς
582 1869 797 1904 συγγράμμασιν
810 1870 963 1904 ἐφιπτάμε-

174 1921 226 1946 νοι,
242 1913 272 1940 τὸ
292 1913 341 1948 μὲν
367 1915 428 1940 καθ’
442 1915 540 1949 ἡδονὴν
554 1915 618 1948 ὑμῖν
636 1914 806 1948 ἀνθολογεῖτε
821 1915 875 1941 τῶν
895 1915 962 1950 χρή-

175 1967 254 1990 σεων,
270 1959 315 1985 καὶ
329 1954 523 1994 ἕτεριϐομϐεῖτε
537 1961 610 1995 ἡμᾶς
625 1959 732 1991 τούτοις
749 1960 913 1995 ἐνδελεχῶςς
927 1960 962 1987 τὰ

173 2004 202 2031 δὲ
217 2005 333 2039 πολέμια
344 2006 400 2037 τοῖς
414 2005 557 2040 ὑμετέροις
573 2006 746 2041 φρονήμασιν
760 2005 959 2040 ὑπερίπτασθε,

175 2052 240 2086 σιγῇ
254 2051 356 2078 τούτων
380 2052 608 2086 ἀποπηδήσαντες
623 2061 631 2086 ;
645 2052 700 2078 Καὶ
716 2052 783 2087 πρὸς
798 2051 878 2078 τοῦτο
894 2052 961 2086 γοῦν

174 2096 301 2132 ἐροῦμεν,
318 2098 356 2129 ὡς
372 2097 456 2130 ὅντως
468 2099 515 2125 καὶ
532 2098 565 2125 τὰ
579 2098 710 2126 δοκοῦντα
721 2099 787 2133 ὑμῖν
803 2100 960 2133 συμφωνεῖν

174 2141 297 2177 Πατρικὰ
313 2143 423 2178 ῥήματα
435 2144 491 2175 τοῖς
512 2143 656 2178 ὗμετέροις
667 2143 796 2178 δόγμασι,
811 2144 912 2178 μᾶλλον
927 2144 962 2171 τὰ

977 1532 998 1562 C

1017 910 1106 945 capita
1135 911 1321 944 recensendo,
1349 911 1562 939 inconstantiam
1597 920 1653 946 pra:
1678 920 1708 939 se
1738 912 1808 946 fert,

1016 960 1099 991 atque
1119 956 1172 984 sibi
1197 956 1316 984 invicem
1332 958 1469 984 contraria
1484 958 1611 992 dogmata
1631 958 1739 985 tradere
1756 958 1808 985 de-

1016 1003 1210 1037 prehenditur.
1241 1004 1309 1030 Nam
1342 1012 1405 1031 cum
1431 1004 1454 1032 is
1487 1008 1615 1031 naturam
1643 1012 1726 1031 unam
1760 1005 1809 1032 Dei

1017 1048 1099 1076 Verbi
1123 1048 1292 1076 inearnatam
1315 1049 1369 1077 diei
1389 1053 1517 1084 oportere
1541 1051 1692 1083 statuisset,
1707 1051 1808 1078 evertit

1016 1099 1110 1129 postea
1128 1103 1207 1122 suum
1228 1095 1281 1122 hoc
1306 1095 1416 1131 dogma,
1432 1095 1500 1123 duas
1520 1095 1554 1123 de
1569 1096 1679 1124 Christo
1695 1101 1810 1124 naturas

1016 1141 1200 1175 przedicando.
1219 1141 1293 1168 Idem
1310 1149 1372 1168 eum
1393 1146 1473 1169 antea
1488 1142 1603 1169 dixisset
1621 1143 1669 1169 Dei
1685 1143 1807 1169 Verbum

1017 1193 1098 1214 carne
1117 1194 1238 1221 passum,
1268 1187 1332 1214 alibi
1357 1192 1451 1222 postea
1469 1187 1523 1214 sibi
1548 1188 1751 1220 contradicens,
1766 1196 1810 1215 as-

1017 1231 1084 1259 serit
1101 1231 1191 1266 ipsum
1213 1239 1262 1266 pro
1289 1231 1369 1259 nobis
1393 1233 1448 1266 pati
1474 1232 1551 1259 nttllo
1570 1237 1649 1266 pacto
1673 1233 1808 1267 potuisse.

1016 1277 1104 1312 Atque
1132 1278 1170 1305 ita
1202 1278 1314 1305 sibimet
1341 1278 1391 1312 ipsi
1418 1279 1586 1311 corilrarius,
1620 1278 1810 1305 disseminaxit

1016 1324 1220 1351 atrocissimum
1244 1323 1310 1350 illud
1327 1323 1429 1350 bellum
1449 1324 1522 1358 quod
1536 1332 1609 1351 nunc
1631 1324 1657 1350 in
1677 1323 1810 1351 Ecclesiis

1016 1375 1155 1405 grassatur
1172 1374 1200 1397 et
1223 1371 1268 1397 vix
1286 1378 1317 1397 ac
1345 1377 1378 1398 ne
1394 1370 1438 1397 vix
1452 1369 1564 1404 quidem
1593 1370 1683 1397 sedari
1700 1373 1807 1404 potest;

1016 1415 1214 1450 Suscitavitque
1232 1417 1382 1443 maximum
1406 1415 1575 1449 incendium,
1601 1424 1655 1450 quo
1682 1419 1756 1444 recta
1776 1415 1808 1442 li-

1016 1461 1065 1489 des
1115 1463 1230 1497 ejusque
1259 1462 1385 1497 dogmata
1413 1462 1469 1497 jam
1498 1461 1722 1497 conﬂagrassent,
1754 1462 1808 1490 nisi

1016 1507 1173 1542 patriarcha
1197 1507 1316 1534 Severus
1335 1515 1349 1534 a
1361 1507 1417 1534 Deo
1435 1507 1535 1534 missus
1552 1511 1739 1541 opportunum
1753 1507 1807 1543 Cy-

1017 1554 1069 1580 rilli
1098 1553 1197 1580 morbo
1215 1553 1367 1580 remedium
1378 1553 1525 1584 attulisset,
1537 1553 1614 1588 quasi
1628 1553 1701 1580 ﬁlius
1717 1562 1810 1581 aman-

1015 1598 1139 1625 tissimus
1155 1597 1243 1632 patris
1265 1597 1366 1624 vulnus
1386 1598 1443 1625 suis
1457 1597 1514 1632 ipse
1534 1597 1657 1625 vestibus
1680 1598 1809 1633 operiens

1015 1647 1176 1677 tegensque.
1193 1651 1202 1668 ›

1049 1687 1120 1720 Quid
1145 1687 1179 1714 ad
1203 1687 1260 1714 hmc
1275 1691 1412 1721 reponent
1430 1687 1459 1719 ii,
1481 1688 1527 1722 qui
1544 1695 1607 1714 suas
1622 1695 1714 1718 aures,
1729 1687 1810 1722 quasi

1014 1732 1123 1768 aspides
1147 1732 1288 1765 obturant,
1316 1733 1511 1768 ncgliguntque
1535 1733 1737 1768 sapientissima
1756 1734 1808 1760 Pa-

1014 1783 1087 1806 trum
1110 1779 1240 1806 oracula?
1266 1779 1341 1806 Talia
1368 1779 1491 1813 profecto
1519 1779 1537 1806 ii
1569 1779 1775 1814 respondebunt
1801 1789 1807 1806 :

1014 1824 1117 1859 thuid
1131 1832 1213 1859 apum
1236 1825 1323 1851 instar
1338 1824 1484 1851 volitantes
1499 1832 1581 1859 supra
1590 1831 1744 1852 sanctorum
1757 1825 1809 1852 Pa~

1014 1873 1087 1897 trum
1099 1870 1212 1904 scripta,
1223 1870 1301 1904 quasi
1313 1869 1394 1897 ﬂores
1412 1878 1444 1897 ex
1454 1870 1498 1897 his
1507 1870 1656 1905 decerpitis
1677 1871 1810 1898 duntaxat

1013 1916 1087 1950 quod
1105 1915 1184 1942 vobis
1209 1916 1296 1947 lubet,
1329 1915 1413 1950 idque
1438 1916 1511 1943 circa
1540 1924 1590 1944 nos
1610 1917 1812 1952 obstrepemlo,-

1013 1965 1148 1996 perpetuo
1176 1961 1328 1988 decantatis
1344 1981 1352 1993 ,
1379 1969 1411 1988 ea
1446 1962 1574 1989 consulto
1599 1967 1807 1996 prmtereuntes,

1012 2013 1074 2040 quat
1092 2009 1191 2033 vestra).
1203 2001 1348 2032 sententia:
1364 2006 1481 2034 maxime
1492 2007 1693 2034 adversantur?
1711 2007 1809 2035 Facilis

1012 2055 1054 2078 est
1069 2050 1103 2078 ad
1121 2051 1180 2078 haec
1206 2056 1234 2078 et
1249 2051 1377 2085 expedita
1389 2053 1550 2086 responsio;
1571 2060 1633 2094 nam
1651 2061 1682 2079 ea
1697 2061 1808 2087 quoque
1851 2051 1855 2058 ’

1012 2096 1123 2124 Patrum
1140 2097 1223 2128 dicta,
1241 2105 1302 2131 quae
1311 2101 1410 2123 vestrae
1420 2097 1553 2124 doctrina:
1570 2098 1688 2125 maxime
1705 2098 1807 2125 suﬁ‘ra-

1011 2142 1069 2178 gari
1085 2142 1226 2173 videntur,
1238 2143 1326 2177 magis
1337 2142 1477 2178 magisque
1492 2143 1619 2178 dogmata
1638 2148 1731 2170 nostra
1743 2151 1807 2170 con-

174 2190 297 2225 ὴμέτερα
316 2191 481 2223 συνιστάνει,
496 2190 609 2221 δεόντως
625 2190 807 2225 ἐξεταζόμενα
821 2190 893 2218 κατὰ
909 2191 958 2226 τὴν

1017 2188 1133 2220 lirmant,
1149 2188 1171 2216 si
1185 2196 1217 2216 ea
1226 2195 1292 2215 sana
1303 2192 1406 2220 tuente,
1423 2193 1453 2215 ut
1463 2188 1542 2214 initio
1557 2188 1624 2220 dixi,
1635 2193 1806 2223 spectentur.

174 2235 286 2268 ἔννοιαν,
303 2236 395 2268 καθὼς
418 2237 449 2268 ἐξ
471 2237 557 2272 ἀρχῆς
573 2236 703 2271 ἐλέγομεν
715 2246 722 2252 ·
738 2237 768 2263 οὐ
790 2237 845 2270 γὰρ
868 2236 900 2270 δή
919 2245 962 2267 τις

173 2282 226 2308 τῶν
252 2282 388 2317 ἐκκρίτων
412 2283 541 2317 Πατέρων
561 2282 727 2317 ἀσύμφωνος
744 2281 833 2316 ἐαυτῷ
855 2280 960 2316 ἐστινῆ

173 2329 231 2359 τοῖς
246 2328 388 2363 ὁμοτίμοις
400 2327 475 2363 αὐτῷ
487 2327 557 2355 κατὰ
567 2328 616 2363 τὴν
637 2328 743 2354 ἔννοιαν
763 2328 813 2362 τῆς
829 2327 959 2358 πίστεως,

174 2375 198 2400 εἰ
209 2375 256 2401 καὶ
270 2375 303 2401 δι’
319 2375 420 2410 ἐτέρων
434 2375 533 2406 λέξεων
547 2375 592 2408 καὶ
606 2374 693 2409 λόγων
707 2374 868 2412 φερόμενος,
885 2374 962 2399 ἐναν-

173 2421 230 2453 τίος
256 2422 320 2456 ὑμῖν
336 2422 411 2448 δοκεῖ
424 2419 506 2453 εἶναι,
520 2422 570 2453 τὰς
583 2421 681 2454 λέξεις,
699 2421 747 2447 καὶ
770 2420 800 2446 οὐ
817 2419 867 2450 τὰς
879 2419 962 2446 δυνᾶσ
976 2452 981 2457 ,

209 2499 246 2534 (7)
267 2499 331 2527 Hzec
347 2507 399 2527 ms.
416 2505 585 2528 memoratur
607 2508 621 2528 a
647 2500 774 2529 Fabricio
790 2501 858 2529 Bibl.
876 2502 960 2530 erc.

173 2541 239 2562 tom.
258 2535 304 2568 lx,
327 2543 355 2570 p.
373 2535 436 2567 545,
463 2535 534 2570 apud
562 2536 596 2563 cl.
623 2535 713 2563 virum
742 2537 902 2565 Michaelem
924 2538 962 2564 Le

171 2571 270 2603 Quien.

207 2606 244 2642 (8)
263 2605 329 2642 Fuit
349 2604 576 2642 bie_Tiontheus
594 2606 746 2634 monachus
764 2606 919 2642 Egyptins,
935 2607 962 2634 in

170 2641 357 2668 ecclesiastica
381 2640 496 2667 historia
517 2642 732 2673 celeberrimus;
750 2640 884 2676 quii'e’nm
910 2642 964 2669 Eu-

171 2676 363 2710 tychianorum
387 2675 531 2711 erroribus
544 2677 667 2711 impense
683 2676 796 2708 faveret,
813 2677 961 2704 damnatus

171 2711 398 2747 proscriptnsque
428 2710 480 2747 fuit
507 2711 533 2738 in
557 2710 674 2739 concilio
698 2712 817 2746 quodam
833 2712 960 2747 [Egyptio

171 2745 216 2771 cui
243 2746 352 2779 prminit
376 2746 528 2773 Protcrius.
545 2747 672 2774 Fortasse
695 2745 959 2774 denominatds’fuit

170 2780 292 2817 Attlurus
307 2781 354 2817 ἀπ’
367 2780 460 2813 αὐλοῦ,
471 2789 562 2817 canna
576 2782 694 2817 quadam
706 2789 802 2814 vacua,
815 2790 868 2816 qua
882 2790 957 2813 usus,

169 2815 203 2841 ad
223 2816 420 2843 monachorum
437 2816 549 2844 cellulas
562 2815 693 2844 accedere
707 2821 788 2844 noctu
809 2815 959 2844 consueve-

171 2855 224 2884 rat,
244 2859 272 2878 sc
289 2852 416 2886 angelum
433 2858 447 2877 (ι
465 2851 520 2880 Deo
539 2853 652 2880 missum
677 2852 840 2888 proﬁtendo,
856 2861 957 2888 (‘OatlllC

1010 2234 1096 2261 Nemo
1113 2233 1187 2260 enim
1209 2233 1365 2268 sapientum
1386 2233 1498 2260 Patrum
1517 2233 1544 2260 in
1565 2234 1599 2261 iis
1615 2242 1676 2269 qua:
1697 2234 1729 2260 ad
1758 2242 1806 2261 ve-

1011 2285 1097 2308 stram
1124 2279 1187 2307 ﬁdei
1214 2280 1335 2314 regulam
1352 2283 1490 2314 spectant,
1505 2280 1616 2307 sibimet
1629 2280 1692 2315 ipsi,
1708 2280 1749 2307 vel
1765 2281 1807 2307 sui

1011 2326 1150 2354 similibus
1170 2325 1353 2359 adversatur;
1370 2326 1479 2353 etiamsi
1493 2326 1529 2353 ob
1545 2326 1729 2361 quorumdam
1745 2334 1808 2353 \‘er-

1011 2373 1113 2401 borum
1138 2372 1241 2407 quibus
1262 2371 1345 2399 Pater
1369 2372 1467 2404 utitur,
1485 2373 1645 2400 varietatem
1669 2373 1721 2406 sibi
1738 2381 1806 2400 con-

1013 2419 1150 2446 tradicere
1174 2417 1255 2446 vobis
1282 2417 1423 2450 videatur,
1451 2418 1498 2453 qui
1527 2418 1600 2446 nuda
1631 2419 1725 2451 verba,
1751 2426 1807 2446 non

1015 2500 1161 2532 hortando,
1180 2504 1210 2528 ut
1232 2500 1407 2528 Timotheum
1430 2500 1470 2534 (se
1488 2499 1626 2534 videlicet)
1643 2499 1720 2533 sequi
1736 2499 1806 2526 mal-

1015 2537 1083 2569 lent,
1099 2544 1191 2570 ,quam
1212 2536 1378 2563 Proterium.
1397 2535 1513 2568 Quidam
1542 2534 1667 2570 Elui-um
1683 2542 1746 2570 eum
1764 2535 1806 2562 di-

1016 2576 1091 2599 ctum
1119 2569 1262 2599 autumant
1291 2571 1326 2598 ab
1350 2571 1486 2604 αἴλουρος,
1502 2569 1574 2604 quod
1599 2569 1692 2597 Crazce
1724 2569 1804 2596 felem

1016 2606 1162 2644 signiﬁcat.
1178 2606 1228 2633 llic
1243 2614 1329 2644 porro
1343 2606 1452 2640 scripsit
1467 2605 1804 2644 dissertationenrquani-

1016 2639 1090 2673 dam,
1117 2642 1197 2675 cujus
1215 2639 1348 2668 memoria
1365 2639 1417 2668 una
1437 2648 1498 2667 Clllll
1515 2647 1596 2674 opere
1613 2639 1671 2672 ipso
1687 2639 1742 2673 jam
1757 2639 1805 2667 diu

1012 2675 1163 2714 intercidit.
1190 2676 1238 2714 Ex
1253 2676 1459 2714 hac_Leon_tins
1473 2676 1578 2714 profert
1603 2682 1804 2714 qtne_sequun-

1011 2715 1066 2742 tur,
1091 2711 1192 2745 quibus
1213 2711 1284 2738 idem
1308 2711 1442 2738 Leontius
1466 2709 1576 2736 abunde
1595 2709 1738 2736 satisfacit.

1047 2746 1084 2780 (9)
1100 2744 1162 2773 Hoc
1175 2748 1286 2773 nomine
1304 2746 1525 2780 appellabantur,
1545 2748 1574 2770 ut
1590 2752 1674 2780 supra
1690 2744 1802 2771 monui~

1009 2789 1080 2813 mus,
1093 2781 1266 2816 Eutychiani,
1289 2779 1434 2815 propterea
1447 2780 1511 2815 quia
1530 2787 1613 2807 unam
1628 2779 1763 2808 duntaxat
1774 2779 1804 2808 in

1008 2816 1118 2844 Christo
1137 2815 1261 2843 naturam
1280 2815 1472 2843 admittebant.
