1963 3077
171 136 235 169 1851

806 135 962 165 LEONTII
982 136 1186 167 BYZANTINI

1733 137 1797 169 1852

165 193 314 220 verborum
341 199 451 219 sensum
475 190 674 219 attendendum
688 191 800 225 putatis.
818 191 872 218 Vos
887 199 953 226 prze-

1013 201 1074 226 μεις
1088 192 1142 219 τῶν
1156 192 1244 226 λόγων
1257 193 1433 228 συμϐιϐάζειν
1444 193 1592 221 ἐθέλουσιν.
1602 193 1671 221 Ἀλλ’
1685 194 1795 226 εἰκότως

164 244 239 266 terea
269 239 337 265 lutet
367 241 560 272 argumentum
585 236 620 263 ab
644 237 726 263 simili
749 237 874 267 ductum.
902 245 953 264 nec

163 284 319 318 intelligitis
345 291 392 310 vos
416 282 443 309 id
472 283 561 316 ipsum
590 282 684 309 latere.
716 281 951 315 Quemadmodum

163 330 237 356 enim
253 330 304 356 sub
317 328 414 355 iisdem
427 328 518 354 verbis
529 327 599 354 male
612 328 748 362 perceptis
762 327 847 355 latere
864 333 954 363 potest

164 375 328 410 significatio
346 374 425 408 plane
440 373 564 405 diversa;
584 373 620 400 ita
635 373 686 400 sub
702 374 817 401 vocibus
836 375 953 402 diversis

164 426 238 448 recte
250 422 367 455 sumptis
377 420 511 447 contineri
531 424 620 455 potest
636 420 707 447 idem
718 421 831 447 omnino
844 429 951 448 sensus.

164 467 281 495 Prodeat
303 467 387 501 igitur
405 466 432 493 in
457 466 593 498 medium,
621 467 644 493 si
671 466 734 501 quis
748 471 860 493 sanctus
874 467 954 493 Pater

163 512 243 539 vobis
269 517 312 539 est
331 518 375 546 (ex
400 520 496 539 eorum
511 520 638 544 numero,
656 520 726 547 quos
743 518 773 539 ut
785 513 954 540 orthodoxos

163 566 262 586 omnes
290 564 443 594 agnoscunt
464 562 492 586 et
517 558 623 593 colunt)
647 559 694 593 qui
724 563 822 586 vestrae
842 564 954 586 senten—

164 605 208 632 tite
235 605 328 632 favere
355 605 498 638 videatur;
521 609 550 632 et
575 605 597 632 si
623 605 696 639 quod
719 605 869 640 genuinum
893 606 954 640 ejus

164 651 308 678 oraculum
324 659 356 678 ex
372 656 481 678 vetusto
501 651 594 686 aliquo
613 651 709 679 codice
723 652 887 686 depromere
903 659 953 687 po-

164 697 253 731 testis,
280 697 347 724 illud
375 697 481 725 alicrte.

199 786 266 814 Nam
282 787 355 822 qttod
381 787 479 814 attinet
499 787 532 814 ad
555 787 732 815 auctoritates
753 795 768 814 a
785 788 863 815 vobis
886 788 954 816 alla-

166 836 217 864 tas,
244 840 306 859 cum
327 841 398 867 srcpe
425 833 588 860 adulterina:
605 841 637 860 ac
653 834 751 868 spuria:
773 833 954 868 deprehensa:

164 878 277 910 fuerint,
301 887 348 906 eas
375 879 492 913 amplius
520 883 550 906 ut
571 879 690 913 integras
716 884 798 914 atque
820 881 954 915 genuinas

165 923 311 951 admittere
332 932 386 950 non
406 932 560 958 possumus.
587 924 742 951 Asserimus
766 929 856 951 tamen
879 929 907 951 et
925 925 952 952 in

165 969 209 995 his
233 969 299 1003 ipsis
316 970 529 996 auctoritatibus
543 969 645 1004 quibus
659 970 735 996 abuti
753 970 857 1002 soletis,
873 978 952 998 men-

164 1014 267 1041 tionem
295 1022 366 1049 na‘pe
393 1014 451 1053 fieri
473 1023 534 1041 cum
561 1019 665 1041 natune
687 1021 714 1041 et
738 1015 875 1046 essentne,
895 1020 953 1042 tum

165 1060 348 1088 subsistentia:
372 1064 399 1088 et
424 1068 559 1095 persoum.
573 1061 632 1087 Non
653 1061 726 1087 enim
743 1061 855 1096 proprio
870 1068 953 1088 sensu

164 1113 275 1140 semper
298 1111 455 1134 sumuntur.
481 1106 548 1134 Nam
572 1114 633 1133 cum
657 1115 771 1141 magnus
787 1107 954 1134 Athanasius

163 1156 192 1179 et
207 1152 322 1180 Proclus
345 1161 478 1187 personas
501 1157 527 1180 et
545 1153 703 1188 hypostases
720 1153 746 1180 itt
760 1153 870 1180 Christo
885 1161 952 1180 con-

162 1198 272 1233 junctas
300 1204 429 1226 asserunt
447 1199 520 1233 (ll);
548 1203 605 1226 tum
640 1199 737 1226 beatus
762 1199 880 1234 Cyrillus
896 1199 954 1227 hinc

164 1244 266 1271 habet:
279 1246 369 1280 siquis
379 1247 532 1280 hypostnses
543 1246 694 1280 distinguit.
708 1246 792 1272 Porro
806 1246 828 1272 si
843 1246 953 1280 propria

162 1289 365 1324 signiﬁcatione
376 1298 458 1316 voces
469 1290 535 1317 istas
546 1295 693 1324 usurpatas
705 1290 899 1325 intelligamus.
907 1298 954 1317 eas

161 1335 223 1370 jure
243 1343 274 1362 ac
295 1336 396 1362 merito
421 1336 500 1362 nobis
526 1336 618 1362 statim
642 1336 792 1362 obtrudan
811 1341 839 1362 et
858 1336 955 1362 Nesto-

165 1380 246 1412 riani,
269 1381 314 1415 qui
332 1389 463 1416 personas
479 1382 504 1408 in
521 1381 631 1408 Christo
646 1381 775 1416 conjungi
798 1386 952 1409 autumant.

164 1426 310 1459 Quomodo
336 1432 428 1454 autem
452 1427 505 1454 hoc
522 1435 603 1455 sensu
624 1427 698 1461 loqui
719 1427 808 1461 potuit
824 1427 952 1462 Cyrillus,

164 1472 212 1506 qui
239 1473 265 1498 4ο
287 1473 383 1499 anath.
408 1473 466 1499 ait:
484 1483 492 1498 ι
509 1472 536 1500 Si
553 1473 617 1507 quis
630 1473 739 1499 duabus
755 1473 890 1506 personis,
912 1473 953 1499 vel

165 1517 355 1545 subsistentiis
366 1518 577 1549 tribuitvocem,
594 1528 602 1543 ι
618 1522 646 1545 et
660 1526 721 1552 qua),
734 1518 903 1552 sequuntur?
922 1519 956 1545 Et
969 1536 990 1563 Ο

165 1564 245 1598 epist.
277 1565 310 1591 ad
337 1565 531 1598 imperatorem
553 1564 740 1591 Theodosium
762 1571 813 1590 nec
839 1571 894 1590 non
921 1564 954 1591 ad

164 1609 241 1637 Joan.
265 1609 393 1637 Antioch.
411 1619 418 1636 τ
437 1610 602 1640 tNovimns,
615 1609 714 1643 inquit,
734 1610 905 1644 evangelicas
927 1614 956 1637 et

166 1655 329 1689 apostolicus
342 1656 376 1682 de
393 1655 502 1682 Christo
512 1663 592 1682 voces
604 1655 742 1681 interdum
756 1662 770 1681 a
791 1656 892 1682 sanctis
904 1655 955 1682 Pa-

167 1700 256 1727 trihus
272 1701 332 1734 capi
349 1700 504 1734 promiscue
518 1704 646 1734 tanquam
658 1699 691 1726 de
701 1707 753 1725 ttna
766 1707 896 1733 persona;
912 1699 955 1726 in-

167 1745 685 1780 tcrdntndividi,etprredicariquaside
697 1746 802 1772 naturis
810 1745 926 1773 duabus.
943 1755 952 1772 ι

201 1791 328 1817 Profecto
350 1791 372 1817 si
399 1795 511 1817 sanctus
532 1790 612 1817 Pater
624 1798 731 1824 semper
745 1795 772 1817 et
789 1791 891 1825 ubiqtte
904 1799 956 1818 na-

168 1842 256 1863 turam
280 1840 308 1863 et
331 1837 499 1871 hypostasim
527 1836 584 1871 (ubi
607 1836 641 1863 tle
659 1837 770 1863 Christo
787 1844 877 1864 sermo
902 1837 953 1869 est)

167 1880 239 1907 idem
265 1888 325 1907 esse
346 1885 434 1915 putat,
460 1879 597 1908 fateamur
618 1885 729 1915 oportet
754 1886 850 1908 omnes
871 1882 954 1909 hosce

149 1926 276 1953 'divinos
290 1926 384 1953 Patres
410 1927 516 1961 percuti
544 1927 723 1953 anathemate
753 1926 809 1958 illo,
833 1934 889 1961 quo
913 1927 955 1954 fe-

168 1972 281 1999 riuntur
306 1972 323 1999 ii
350 1973 397 2007 qui
429 1973 463 2000 de
491 1972 598 2000 duabus
625 1973 702 2007 quasi
736 1972 846 2000 naturis
873 1980 955 2000 voces

168 2018 300 2053 quasdam
317 2018 476 2053 pranlicant.
497 2018 536 2046 Ne
561 2020 654 2052 itaque
670 2017 815 2052 proferatis
831 2018 954 2052 quaedam

167 2065 260 2092 minus
285 2065 395 2099 proprie
423 2064 494 2092 dicta
526 2064 660 2092 adversus
695 2071 740 2095 ea.
759 2072 820 2099 quae
845 2066 955 2100 proprie

168 2111 313 2144 dicuntur;
338 2110 386 2138 scd
411 2118 444 2138 ex
471 2110 658 2141 eonvcnicnti,
681 2118 813 2143 consono,
835 2115 862 2138 et
877 2119 954 2138 com-

166 2156 286 2183 muniori
310 2164 436 2184 sermone
461 2156 631 2192 conjicienda
656 2155 736 2183 nobis
761 2161 803 2183 est
822 2156 955 2192 vobisque

167 2202 248 2230 simul
269 2202 370 2229 veritas
392 2209 486 2229 eorum
505 2202 628 2228 omnium
649 2210 710 2236 quae
730 2202 918 2236 proferuntur.

204 2247 238 2275 At
248 2247 401 2279 Nestorius,
414 2247 553 2281 inquiunt,
571 2247 674 2274 abusus
686 2251 728 2274 cst
739 2248 873 2275 vocabulo
885 2249 956 2276 dua—

168 2302 230 2321 rum
242 2294 268 2320 in
278 2293 389 2321 Christo
402 2298 572 2324 naturarum,
584 2301 638 2327 qua
652 2301 718 2320 voce
732 2301 781 2320 vos
792 2301 902 2328 quoque
916 2295 956 2323 uti

168 2339 364 2368 soletis.-Ad
385 2340 442 2367 lucc
461 2340 671 2374 respondemus,
691 2348 754 2367 etim
772 2348 851 2367 usum
873 2341 956 2368 etiam

167 2394 229 2414 esse
247 2386 374 2420 pluribus
387 2385 450 2412 aliis
466 2393 607 2412 sacrarum
623 2385 828 2420 Scripturarum
845 2387 954 2419 verbis;

167 2431 266 2467 ecquid
295 2432 458 2466 propterea?
483 2432 608 2466 nunquid
635 2432 670 2458 ab
696 2432 738 2458 his
771 2432 854 2459 etiam
877 2433 956 2461 nobis

167 2479 381 2507 abstinendum?
395 2479 460 2513 qttid
472 2478 583 2506 ‘ZAriani
599 2486 709 2513 quoqttc
724 2479 846 2506 omnium
863 2479 956 2513 primi,

167 2529 196 2552 et
218 2524 431 2559 Apollinaristtc.
458 2528 485 2551 et
511 2524 556 2551 alii
580 2524 701 2550 haeretici
728 2529 853 2550 naturam
875 2532 958 2552 ouant

169 2571 217 2598 Dei
236 2570 318 2598 Verbi
336 2571 506 2596 incantatam
530 2573 730 2601 asseruerunt;
748 2568 874 2603 nunquid
892 2576 957 2602 pro—

168 2621 263 2652 ptcrca
288 2616 315 2642 id
343 2616 431 2650 ipsum
447 2623 497 2642 nos
522 2622 644 2642 asserere
657 2622 711 2640 non
727 2614 894 2648 possumus?
909 2614 958 2640 Mi-

206 2680 260 2717 (ιο)
281 2681 363 2708 Liber
374 2682 495 2717 χρήσεων
506 2680 704 2717 .‘llonophysitat
713 2687 757 2706 um
769 2684 855 2706 exstat
865 2687 959 2714 reapse

170 2715 356 2743 in‘V’aticano
374 2715 503 2750 ‘qnndam
527 2715 633 2748 codice,
657 2715 691 2742 dc
716 2722 771 2749 quo
790 2723 840 2750 ego
864 2721 958 2750 postea

171 2751 317 2778 locuturus
338 2759 409 2777 sum.

211 2785 266 2818 (ll)
285 2785 432 2812 Occasione
448 2787 529 2821 hujus
541 2786 615 2812 vocis
628 2785 778 2821 maximum
794 2785 894 2812 bellum
911 2793 957 2812 or-

174 2824 233 2844 tum
261 2824 303 2845 est
327 2821 455 2847 Ecclesia:
478 2822 578 2848 saeculo
606 2828 631 2847 IV
653 2820 809 2847 Orientales
835 2821 906 2847 inter
931 2825 958 2846 ct

172 2853 379 2881 Occidentales:
392 2864 453 2882 nam
467 2857 483 2883 ii
498 2864 577 2882 uuam
591 2857 617 2882 in
630 2855 765 2882 'l'rluitatc
780 2854 958 2889 hypostasim,

1007 237 1054 262 καὶ
1069 237 1147 263 τοῦτο
1168 238 1240 272 ὑμᾶς
1258 237 1386 264 λανθάνει
1403 238 1433 264 τό
1450 247 1481 272 γε
1499 239 1590 273 ὅμοιον
1611 241 1794 274 προηγνοηκάο

1006 290 1058 313 τας
1075 290 1081 297 ·
1100 282 1195 319 ὥσπερ
1209 284 1264 320 γὰρ
1277 284 1335 311 ἐστι
1357 284 1402 311 διὰ
1416 284 1470 311 τῶν
1484 285 1574 312 αὐτῶν
1587 286 1685 319 φωνῶν
1703 287 1795 322 διάφο-

1008 337 1053 362 ρον
1065 329 1171 356 ἔννοιαν
1184 330 1364 364 σημαίνεσθαι
1378 331 1489 358 ἐπὶτῶν
1500 331 1681 366 δυσεμφάτων
1694 332 1794 366 λόγων,

1005 375 1077 401 οὑτω
1103 375 1151 401 καὶ
1180 376 1213 402 ὲκ
1243 376 1381 412 διαφόρων
1404 377 1492 411 λόγων
1509 378 1558 412 τὴν
1577 378 1663 413 αὐτὴν
1686 379 1794 405 ἔννοιαν

1006 419 1181 453 συνάγεσθαι,
1199 421 1245 446 ἐπὶ
1260 421 1313 447 τῶν
1331 421 1509 457 πολυφράδων
1525 423 1681 457 νοημάτων.
1699 422 1730 449 Εἰ
1747 421 1795 452 οὖν

1004 474 1065 491 τινα
1079 465 1154 499 ἔχετε
1163 465 1217 492 τῶν
1230 466 1448 503 ὡμολογημένων
1460 469 1506 494 καὶ
1517 469 1647 501 γνωστῶν
1662 469 1792 503 Πατέρων

1005 511 1153 546 ὀρθοδόξων
1164 531 1172 542 ,
1189 512 1236 538 καὶ
1260 512 1305 539 διὰ
1322 513 1436 548 τεύχους
1450 513 1566 540 παλαιοῦ
1586 514 1631 540 καὶ
1649 513 1795 541 ἀννοθεὺτου

1004 556 1188 584 ἐπιδεικνύναι
1203 566 1229 584 τι
1244 560 1300 590 τοῖς
1326 559 1472 595 ὑμετέροις
1494 559 1611 595 συνᾷδον
1640 560 1770 595 εἰρηκότα
1784 580 1792 592 ,

1005 604 1196 638 προσαγάγετε
1211 613 1220 621 -
1247 605 1297 636 τὰς
1321 606 1375 640 γὰρ
1405 605 1604 641 κρυψωνὺρους
1627 606 1672 632 καὶ
1697 606 1794 640 φαλσο-

1004 649 1128 684 γράφους
1142 650 1219 684 ὑμῶν
1234 651 1345 686 χρήσεις
1360 651 1414 686 (10)
1435 651 1509 683 ἅπαξ
1528 652 1575 678 καὶ
1591 652 1631 683 δὶς
1655 651 1793 687 φωραθεί-

1006 702 1056 725 σας
1082 695 1111 721 ἐν
1141 695 1264 732 ἀκεραίῳ
1293 695 1426 731 ἁπλότητι
1452 696 1546 723 λοιπὸν
1573 698 1604 723 οὐ
1639 697 1791 732 παραδεχό-

1006 740 1089 775 μεθα.

1040 786 1377 822 Προδιαμαρτυρόμεῦαδὲ
1386 787 1461 822 ὅμως
1471 788 1510 814 ὅτι
1518 787 1547 813 ὲν
1556 789 1723 823 καταχρήσει
1734 788 1792 815 ἔστι

1005 832 1139 864 πολλάκις
1163 834 1369 869 μεταγενόμενα
1391 835 1482 869 εὑρεῖν
1505 833 1551 860 καὶ
1566 834 1600 860 τὰ
1622 835 1670 869 τῆς
1686 834 1792 869 φύσεως

1005 879 1153 912 καὶοὺσίας
1163 880 1210 907 καὶ
1222 880 1398 912 ὑποστάσεως
1408 880 1456 906 καὶ
1465 879 1610 915 προσώπου
1621 881 1740 915 ὀνόματα
1747 880 1793 906 ἐπὶ

1003 926 1054 960 τῆς
1071 926 1227 960 οἰκονομίας
1237 935 1244 942 ·
1257 927 1288 952 οὑ
1304 927 1358 961 γὰρ
1373 926 1477 961 κυρίως
1491 926 1535 953 ἀεὶ
1546 928 1652 953 κεῖται.
1675 926 1792 952 Ἀοανά-

1005 971 1062 1003 σιός
1075 980 1104 998 τε
1119 972 1174 1006 γὰρ
1191 973 1205 998 ὁ
1234 973 1329 1006 μέγας,
1347 973 1393 999 καὶ
1407 972 1561 1008 προσώπων
1576 971 1673 998 ἕνωσιν
1685 972 1730 998 ἐπὶ
1743 970 1791 999 τοῦ

1004 1016 1121 1050 Χριστοῦ
1146 1016 1344 1052 διισχυρίζεται
1357 1037 1364 1048 ,
1383 1017 1430 1043 καὶ
1452 1018 1574 1052 Πρόκλος
1588 1018 1764 1044 ὑποστάσεων
1781 1024 1789 1031 ”

1004 1061 1139 1095 Κύριλλός
1147 1070 1175 1088 τε
1187 1063 1200 1088 ὁ
1213 1063 1357 1096 μακάριος,
1374 1062 1410 1088 Εἴ
1420 1070 1466 1094 τις
1478 1062 1585 1096 διαιρεῖ
1594 1063 1647 1094 τὰς
1658 1060 1792 1089 ὑποστά-

1004 1113 1081 1138 σεις,
1096 1107 1209 1141 ἔφησεν.
1229 1107 1291 1133 Ἐὰν
1304 1105 1350 1134 οὖν
1359 1107 1396 1138 ὡς
1408 1107 1581 1141 κυριολεξίας
1591 1107 1656 1134 ὄντα
1667 1107 1712 1134 καὶ
1727 1107 1790 1133 τάδε

1004 1151 1139 1182 νοοῦνται,
1162 1151 1216 1178 ἰδοὺ
1227 1152 1275 1178 καὶ
1292 1153 1315 1178 οἱ
1332 1151 1510 1186 Νεστοριανοὶ
1522 1152 1612 1182 καλῶς
1627 1152 1693 1186 ἡμῖν
1704 1151 1791 1177 ταῦτα.

1004 1197 1050 1223 ἀεὶ
1064 1197 1271 1232 προὸἀλλονται,
1288 1197 1462 1224 ὑποστάσεων
1480 1198 1527 1224 καὶ
1548 1197 1701 1232 προσώπων
1725 1197 1792 1224 ἕνω-

1006 1250 1048 1268 σιν
1062 1241 1272 1276 δογματίζοντες
1287 1243 1315 1268 ἐν
1330 1244 1362 1277 τῇ
1383 1242 1540 1278 οἰκονομίᾳ*
1558 1243 1616 1274 πῶς
1629 1243 1658 1269 δὲ
1678 1243 1712 1270 ἂν
1729 1243 1790 1271 τόδε

1005 1287 1090 1318 οὕτως
1108 1288 1172 1322 ἔφη,
1187 1288 1201 1314 ὁ
1223 1289 1252 1313 ὲν
1267 1288 1388 1323 τετάρτῳ
1404 1288 1618 1323 ἀναθεματισμῷ
1632 1287 1717 1314 εἰπὼν
1733 1289 1790 1315 Πα-

1005 1333 1057 1367 τὴρ
1081 1333 1230 1368 Κύρι).λος,
1250 1343 1259 1359 ι
1278 1333 1311 1360 Εἴ
1339 1341 1380 1364 τις
1408 1332 1566 1368 προσώποις
1593 1334 1672 1359 δυσὶν
1707 1333 1791 1368 ἠγουν

1006 1379 1172 1405 ὑποστάσεσι
1185 1379 1307 1412 διανέμει
1317 1380 1421 1412 φωνὰς,
1435 1388 1444 1404 ι
1459 1379 1549 1406 καὶτὰ
1565 1379 1645 1413 ὲξῆς;
1665 1379 1708 1405 Ἐν
1717 1380 1744 1406 δὲ
1757 1380 1790 1415 τῇ

1007 1425 1074 1461 πρὸς
1104 1425 1216 1459 βασιλέα
1242 1425 1382 1451 Θεοδόσιον
1408 1425 1548 1459 ἐπιστολῇ.
1565 1425 1632 1451 ἀλλὰ
1650 1425 1696 1451 καὶ
1722 1425 1791 1460 πρὸς

1013 1471 1139 1505 Ἰωάννην
1157 1471 1202 1496 τὸν
1223 1471 1389 1504 Ἀντιοχείας
1402 1470 1482 1504 φησι·
1500 1478 1509 1495 ι
1530 1470 1586 1499 Τὰς
1609 1470 1790 1503 εὐαγγελικέις

1008 1517 1055 1543 καὶ
1068 1516 1250 1548 ἀποστολικὰς
1267 1516 1388 1551 περὶτοῦ
1402 1516 1505 1550 Κυρίου
1526 1517 1618 1550 φωνὰς
1638 1515 1716 1550 ῐσμεν
1728 1516 1791 1547 τοὺς

1010 1562 1158 1597 Οεηγόρους
1186 1561 1296 1596 ἄνδρας,
1318 1562 1367 1592 τὰς
1392 1561 1442 1596 μὲν
1462 1560 1680 1591 κοινοποιοῦντας
1697 1559 1734 1591 ὼς
1749 1559 1790 1593 ἐφ’

1007 1607 1065 1638 ἐνὸς
1095 1607 1262 1642 προσώπου,
1286 1607 1335 1638 τὰς
1359 1606 1388 1632 δὲ
1416 1605 1588 1642 διαιροῦντας
1612 1605 1650 1637 ὠς
1675 1605 1722 1632 ἐπὶ
1744 1604 1791 1631 δύο

1007 1653 1127 1688 φύσεων.
1145 1661 1155 1679 ι

1043 1784 1073 1810 El
1086 1783 1141 1818 γὰρ
1155 1782 1281 1817 πανταχῆ
1299 1782 1344 1808 ἐπὶ
1361 1783 1410 1817 τῆς
1427 1781 1583 1816 οἰκονομίας
1601 1780 1791 1815 ἀποκληρωτι-

1007 1830 1062 1861 κῶς
1088 1829 1169 1864 φύσιν
1185 1830 1232 1855 καὶ
1246 1829 1395 1855 ὑπόστασιν
1411 1829 1510 1854 ταυτὸν
1527 1826 1596 1854 οἶδεν
1615 1829 1629 1854 ὸ
1646 1826 1750 1860 Πατὴρ,
1766 1826 1791 1852 οἱ

1005 1876 1173 1912 διαιροῦντες
1180 1875 1216 1906 ὡς
1229 1875 1275 1901 ἐπὶ
1287 1875 1333 1900 δύο
1343 1874 1449 1908 φύσεων
1459 1875 1508 1905 τὰς
1521 1874 1622 1908 φωνὰς,
1637 1875 1676 1907 τῷ
1691 1872 1791 1907 ἀναθή-

1008 1931 1073 1957 ματι
1084 1921 1122 1956 τῷ
1136 1920 1247 1947 ἐπὶτῶν
1263 1920 1310 1946 δύο
1324 1920 1489 1946 ὑποστάσεσι
1504 1918 1684 1952 διανεμόντων
1699 1916 1791 1951 φωνὶις

1007 1968 1126 2002 κειμένῳ
1149 1965 1404 2001 καθυποὸἐὸληνται
1427 1965 1526 1996 πάντες
1542 1964 1566 1990 οί
1582 1963 1720 1998 θεηγόροι.
1744 1962 1790 1998 Μὴ

1007 2013 1054 2041 οὖν
1074 2013 1109 2040 τὰ
1134 2014 1172 2049 μὴ
1191 2012 1294 2047 κυρίως
1331 2011 1402 2038 κατὰ.
1424 2010 1479 2037 τῶν
1510 2011 1612 2044 κυρίως
1638 2009 1791 2044 εἰρημένων

1007 2060 1182 2096 προφέροιτε,
1197 2057 1253 2084 ἀλλ’
1263 2059 1294 2084 ἐκ
1305 2057 1351 2084 τοῦ
1361 2057 1510 2092 πρέποντος
1522 2056 1601 2090 λόγου
1617 2055 1664 2081 καὶ
1678 2053 1791 2090 συμφώ-

1007 2115 1052 2134 νου
1063 2107 1109 2132 καὶ
1121 2104 1274 2140 κοινοτέρου
1283 2104 1330 2130 καὶ
1339 2104 1420 2130 πᾶσιν
1431 2103 1654 2138 ὡμολογημένον,
1670 2102 1719 2136 τῆς
1729 2101 1792 2135 ἁλη-

1007 2151 1082 2183 οείας
1102 2150 1264 2186 στοχαστέον
1278 2151 1346 2185 ἡμῖν
1361 2157 1392 2176 τε
1412 2149 1458 2176 καὶ
1472 2149 1536 2183 ὑμῖν
1563 2147 1634 2174 κατὰ
1648 2148 1738 2174 πάντα
1756 2146 1791 2174 τὰ

1008 2197 1199 2232 παραγόμενα.
1417 2223 1423 2233 ι

1043 2243 1155 2278 Πρῶτον
1186 2241 1235 2277 μὲν
1251 2240 1298 2268 οὖν
1315 2240 1404 2267 εἰπεῖν
1417 2248 1424 2255 ·
1452 2239 1613 2271 Νεστὸριος,
1630 2238 1711 2272 φασὶ,
1728 2245 1791 2263 κατ-

1005 2291 1141 2325 εχρήσατο
1155 2290 1188 2324 τῇ
1207 2289 1260 2315 τῶν
1280 2287 1327 2314 δύο
1342 2286 1450 2321 φύσεων
1473 2287 1548 2321 φωνῇ
1566 2285 1611 2311 ἐπὶ
1627 2283 1754 2318 Χριστοῦ,

1006 2338 1053 2363 καὶ
1071 2334 1325 2370 ὑμεῖ;.-Λὲγομεν
1336 2333 1381 2360 οὖν
1395 2333 1435 2358 ὅτι
1451 2332 1497 2357 καὶ
1513 2331 1663 2366 Γραφικαῖς
1689 2331 1790 2364 φωναῖς

1006 2382 1116 2413 πολλαῖς
1135 2382 1269 2416 ἐχρήσατο
1282 2388 1288 2395 ·
1309 2379 1377 2414 μηδὲ
1395 2375 1476 2404 αὗται
1493 2375 1539 2403 οὖν
1563 2376 1791 2410 ὀνομαζέσοωσαν

1005 2429 1082 2463 ἡμῖν,
1100 2428 1123 2453 εἰ
1140 2427 1269 2462 συνορᾶτε
1285 2433 1291 2439 ·
1314 2424 1380 2451 ἀλλὰ
1400 2424 1448 2449 καὶ
1462 2424 1495 2458 τῇ
1517 2423 1567 2459 μιᾷ
1584 2422 1662 2457 φύσει
1678 2421 1724 2448 τοῦ
1741 2421 1792 2448 Λύ-

1007 2483 1055 2508 γου
1086 2472 1282 2508 σεσαρκωμένῃ
1300 2471 1324 2496 al
1343 2470 1477 2505 ’Λρειανοὶ
1502 2469 1604 2504 πρῶτοι
1620 2468 1666 2494 και)¹
1684 2467 1792 2494 ’Λπολι-

1007 2519 1095 2554 νὰριοι
1117 2519 1164 2545 καὶ
1179 2519 1266 2552 ἕτεροι
1292 2515 1425 2551 αἱρετικοὶ
1440 2514 1632 2549 προσχρῶνται
1644 2522 1650 2528 ·
1669 2513 1793 2548 σιγητέον

1008 2564 1054 2593 οὖν
1070 2567 1116 2591 καὶ
1130 2564 1205 2599 τήνδε
1221 2563 1264 2589 διὰ
1274 2562 1387 2594 τούσδες
1404 2561 1479 2596 οὺχὲ·
1497 2560 1553 2587 ἀλλ’
1568 2559 1703 2595 ἐπιφράξει
1722 2559 1793 2584 πᾶσα

1009 2611 1109 2646 ἀνομία
1123 2611 1154 2636 τὺ
1170 2610 1256 2644 στόμα
1273 2609 1357 2643 αὐτῆς
1369 2627 1376 2639 ,
1393 2608 1473 2642 ἡμεῖς
1490 2607 1519 2633 δὲ
1537 2604 1793 2642 παρῤησιασώμεθα

1008 2679 1036 2705 bi
1061 2683 1117 2705 tres
1139 2677 1308 2704 astruebant.
1334 2675 1385 2708 Qui
1407 2675 1472 2701 licet
1487 2674 1659 2710 specietcnus
1675 2672 1728 2699 sibi
1751 2671 1793 2698 in-

1008 2714 1095 2740 vicem
1118 2712 1255 2739 adversari
1270 2711 1392 2747 masitne
1407 2710 1577 2747 viderentur.
1592 2717 1620 2735 re
1633 2709 1690 2747 ipsa
1704 2713 1794 2746 tamen

1007 2756 1104 2776 omnes
1124 2747 1347 2782 consentiebant.
1371 2745 1438 2782 Nam
1458 2745 1497 2771 ilii
1525 2745 1692 2782 hypostasitn
1719 2745 1794 2782 acci-

1008 2784 1119 2818 piebant
1143 2791 1192 2817 pro
1216 2781 1384 2818 substantia,
1407 2780 1523 2818 hi_ver_o
1537 2787 1587 2813 pro
1603 2778 1792 2818 subsistentia;

1009 2809 1067 2846 ilaﬁc
1085 2818 1119 2845 de
1139 2809 1168 2845 re
1184 2817 1255 2844 vide.
1272 2817 1293 2843 si
1311 2816 1409 2849 piaret,
1431 2809 1560 2842 Basiliuin
1574 2813 1654 2848 epist.
1677 2811 1738 2843 282,
1759 2809 1794 2837 ad

1010 2853 1158 2886 Mclctium,
1175 2857 1202 2880 et
1223 2852 1302 2887 epist.
1322 2850 1383 2877 5w.
