1963 3077
148 142 208 174 13.33

731 144 880 175 CONTRA
899 144 1202 175 MONOPHYSITAS.

1700 144 1768 176 1854

144 200 176 230 ὡς
191 198 230 224 δεῖ
248 197 364 231 λαλῆσαι
389 197 460 224 κατὰ
481 197 526 224 τὸν
550 197 683 233 θεοθαρσῆ
700 199 809 233 κήρυκα
822 207 829 214 ·
844 200 858 225 ό
871 200 924 234 γὰρ

978 199 1051 226 nime
1065 199 1197 234 profecto.
1219 198 1273 227 Sed
1285 198 1394 226 claudat
1412 205 1442 226 os
1463 205 1543 226 suum
1556 199 1687 234 impietas
1698 207 1769 234 ;nos

145 246 186 280 τῆς
213 243 342 277 ἀληθείας
359 243 438 276 λόγος
455 245 484 270 ὲν
510 243 549 279 τῷ
573 243 793 278 θριαμδεὺεσθαι
809 263 816 276 ,
830 245 880 270 οὑκ
897 245 927 270 ἐν

145 289 179 325 τῷ
207 288 466 324 περικαλύπτεσθαι,
481 289 545 324 νικᾷ
568 289 597 315 τὸ
609 289 722 323 ψεῦδος·
741 289 789 316 καὶ
805 289 926 322 δοξάζειν

146 336 220 366 αὐτὸς
232 334 286 361 οἶδε
298 335 362 365 τοὺς
374 334 522 366 λαλοῦντας
538 335 629 367 αὑτὸν,
639 335 688 361 οὐκ
704 335 737 361 ὲκ
750 335 804 361 τῶν
815 334 927 361 λαλούν-

145 389 195 407 των
223 381 304 412 αὐτὸς
333 380 553 413 δοξάζεταγκαὶ
582 381 646 416 περὶ
674 381 723 415 μὲν
749 381 826 407 τοῦδε
850 381 924 408 τάδε.

145 426 241 454 Λοιπὸν
254 427 282 452 δὲ
297 426 395 460 ἴδωμεν
413 423 457 452 οἷά
471 428 528 453 ὲστι
542 427 587 453 καὶ
603 427 620 454 ἂ
639 435 720 461 φασιν
740 427 816 453 αὐτοὶ
833 427 926 460 σαφῶς

146 472 206 506 μίαν
218 472 298 506 φύσιν
314 472 360 498 τοῦ
381 463 484 508 Κυρίου
507 472 608 506 λέγειν,
629 473 678 499 καὶ
696 472 744 503 τὰς
761 471 807 498 δύο
819 473 925 506 ἀπαγο-

145 517 232 552 ρεύειν
248 517 343 552 φύσεις
358 518 511 551 παντελῶς,
530 518 658 554 Πατρικὰ
670 518 803 553 δόγματα.

144 660 198 687 Τοῦ
213 661 300 696 ἁγίου
325 661 479 723 Κιριλλιέυ
496 661 530 688 ἐκ
546 661 601 722 τῇς
615 662 691 696 πρὸς
705 662 881 689 Σούκενσογ
896 663 926 689 B'

465 704 561 723 πιστο.
579 706 623 723 nc.

465 704 623 730 πιστο.ιιις.

178 750 187 767 t
206 741 242 767 Τὸ
255 741 346 776 λέγειν
360 741 407 769 δύο
429 742 524 776 φύσεις
547 742 696 777 ὑφεστάναι
714 743 785 777 μετὰ
796 742 846 777 τὴν
857 741 925 769 ἕνω-

142 795 183 814 σιν
202 787 375 822 ἁδιαιρέτως,
391 787 526 822 μάχεσθαί
557 789 614 814 ἐστι
633 789 689 819 τοῖς
707 788 772 822 μίαν
797 786 866 814 εἶναι
879 787 925 814 λέ-

141 841 217 866 γουσι
237 833 286 868 τὴν
299 833 346 859 τοῦ
362 833 450 866 Λόγου
464 833 546 868 φύσιν
568 834 791 869 σεσαρκωμένην.
810 843 820 859 ›
843 833 925 860 Ἀλλὰ

980 250 1076 273 contra
1096 246 1185 273 libere
1208 245 1364 280 loquamur,
1388 249 1416 272 ut
1441 245 1515 279 loqui
1539 245 1618 272 decet
1634 245 1782 273 divinitus'

980 291 1100 318 amatum
1118 297 1282 325 praeconem.
1301 290 1368 317 Nam
1383 289 1506 316 veritatis
1522 289 1636 316 verbum
1652 297 1701 324 per
1715 290 1768 316 hoc

980 337 1068 364 vincit
1090 336 1280 368 mendacium,
1304 335 1377 370 quod
1406 335 1582 370 prtedicetur,
1608 343 1664 362 non
1693 335 1767 370 quod

979 383 1150 415 occultetur;
1169 382 1297 416 idemque
1320 381 1438 408 honorat
1466 389 1514 408 eos
1545 381 1591 416 qui
1617 381 1768 415 praedicant

980 428 1081 462 ipsum,
1097 435 1153 454 non
1169 435 1183 453 a
1198 426 1414 461 pnedicantihus
1431 426 1593 453 honoratur.
1611 426 1673 453 Haec
1688 427 1765 454 satis.

979 474 1125 509 Reliquum
1143 478 1194 504 est,
1213 477 1243 499 ut
1257 473 1400 500 videamus
1413 476 1568 499 sanctorum
1583 473 1693 499 Patrum
1707 480 1766 500 ora-

979 520 1040 546 cula
1059 527 1120 554 qua:
1134 518 1290 549 manifeste,
1308 522 1337 545 ut
1355 517 1406 552 ipsi
1423 518 1510 548 aiunt.
1523 517 1633 544 Christo
1651 518 1765 545 Domino

980 564 1106 591 tribuunt
1119 567 1246 590 natumut
1261 570 1353 596 unam,
1369 566 1398 589 at
1412 562 1480 589 duas
1498 563 1588 590 eidem
1604 563 1766 591 tribuendas

979 610 1093 638 omnino
1113 613 1218 636 vetant.

1059 662 1150 690 Sancti
1164 661 1299 698 Cyrilliex
1311 661 1421 697 epistola
1431 661 1460 688 II
1472 661 1507 688 ad
1526 660 1682 688 Succnsum.

1017 748 1025 764 ι
1046 739 1137 766 Fateri
1158 738 1213 766 duo
1235 739 1387 766 subsistere
1407 743 1468 773 post
1483 739 1636 767 naturalem
1649 740 1766 775 conjun-

979 785 1110 815 ctieuem,
1127 784 1187 812 sine
1211 785 1265 811 ulla
1288 785 1477 817 distinctione,
1499 785 1527 812 id
1553 790 1647 819 aperte
1664 790 1767 821 pugnat

979 838 1042 857 cum
1056 830 1090 857 iis
1101 830 1148 864 qui
1165 829 1246 858 Verbi
1263 835 1390 857 naturam
1413 839 1496 857 unam
1516 832 1685 859 incarnatam
1701 841 1766 867 pro-

142 877 207 912 πρὸς
223 878 422 913 Νεστοριανοὺς
433 878 514 905 τοῦτο
524 878 621 912 λέγων,
631 879 757 914 ἐπιφέρει
772 879 842 913 μετά
856 879 924 914 βρα-

978 876 1101 904 ﬁtentur.
1115 877 1217 904 Verum
1231 877 1384 910 enimvero,
1397 878 1577 905 stolidissima
1589 879 1687 912 capita,
1703 886 1767 905 san-

140 923 186 958 χέα
198 943 206 955 ,
221 919 243 948 ὦ
259 921 342 950 οὗτοι·
362 924 392 949 τὸ
409 924 462 958 γὰρ
477 923 651 960 ἀδιαιρέζως
669 925 837 959 προστεθὲν,
853 925 927 951 δοκεῖ

141 967 189 1001 μὲν
207 966 273 1002 παρ’
287 968 353 1002 ἡμῖν
374 967 457 1002 ὀρθῆς
476 965 546 994 εἶναι
560 967 639 1002 δόξης
655 967 832 1002 σημαντικὸν,
850 969 926 994 αὐτοὶ

138 1011 165 1038 δὲ
179 1012 228 1046 οὐχ
241 1011 327 1043 οὓτως
341 1012 440 1038 νοοῦσι·
457 1012 487 1038 τὸ
497 1013 552 1047 γὰρ
566 1013 736 1046 ἀδιαίρετον
751 1013 816 1049 παρ’
832 1015 926 1044 αὐτοῖς

139 1056 207 1082 κατὰ
224 1057 272 1087 τὰς
287 1057 435 1091 Νεστορξου
445 1057 626 1091 καινοφωνξας
639 1057 700 1083 καθ’
712 1057 806 1093 ἕτερον
819 1057 927 1092 λαμῆἁ-

138 1111 213 1130 νεται
229 1103 345 1137 τρόπον·
363 1103 429 1137 φησὶ
444 1102 497 1137 γὰρ
514 1103 555 1129 ὅτι
572 1104 605 1138 τῇ
622 1104 755 1138 ἰσοτιμίᾳ,
770 1105 803 1138 τῇ
830 1113 926 1130 ταυτο-

139 1148 244 1184 6ουλῐᾳ,
260 1150 293 1184 τῇ
321 1148 451 1183 αὐθεντῐᾳ
465 1149 618 1184 ἀδιαίρετός
631 1150 689 1175 ἐστι
702 1149 748 1175 τοῦ
766 1149 853 1183 Λόγου
867 1151 880 1176 ὁ
897 1151 926 1176 ὲν

139 1191 160 1228 ᾧ
174 1195 333 1230 κατῴκησεν
350 1195 492 1230 ἄνθρωπος
504 1203 511 1210 ·
527 1195 597 1222 ὥστε
610 1196 658 1231 οὐχ
675 1196 767 1227 ἁπλῶς
778 1198 826 1228 τὰς
839 1196 931 1234 λέξεις

139 1241 264 1274 λέγουσιν
279 1250 286 1256 ·
307 1242 374 1268 ἀλλὰ
400 1241 471 1276 μετά
497 1250 569 1273 τινος
593 1242 773 1278 κακουργίας.
795 1243 863 1270 Ἰδοὺ
879 1243 926 1270 οὗν

141 1289 265 1314 σκοπεῖτε
276 1288 454 1322 εὐγνωμόνως
471 1288 512 1314 ὃτι
525 1289 572 1323 τὴν
587 1289 636 1323 μὲν
653 1290 745 1324 φωνὴν
760 1287 830 1316 οἶδεν
842 1290 926 1324 ὀρθῆς

139 1333 229 1369 δόξης,
243 1335 273 1361 τὸ
301 1334 329 1360 δὲ
359 1334 521 1368 κακούργως
545 1335 606 1369 ἕχον
624 1335 711 1370 νόημα
730 1335 924 1368 ἀποϐάλλεται,

139 1381 208 1416 ὅπερ
225 1381 254 1413 ἐξ
278 1381 365 1416 ἀρχῆς
382 1381 428 1407 καὶ
441 1381 493 1411 ἕως
507 1380 599 1412 τέλους
619 1383 706 1408 ποιεῖν
724 1382 771 1408 καὶ
790 1382 863 1417 ὑμᾶς
879 1382 926 1408 καὶ

139 1425 218 1458 ὑμεῖς
244 1426 436 1460 δυτωποῦμεν.
462 1427 556 1452 Ἔστιν
574 1424 621 1453 οὖν
639 1427 689 1462 τὴν
711 1427 795 1463 αὐτὴν
820 1427 927 1458 ἀσεϐῶς

139 1472 227 1498 εἰπεῖν
243 1480 303 1498 τινα
322 1473 413 1506 φωνήν
426 1480 432 1487 ·
446 1472 513 1498 ἀλλὰ
530 1473 577 1499 καὶ
593 1473 642 1507 τὴν
657 1473 753 1508 ἑτέραν
770 1473 861 1508 φωνὴν
877 1473 926 1508 τὴν

139 1516 272 1550 λέγουσαν
287 1518 350 1552 μίαν
366 1517 446 1552 φύσιν
461 1518 508 1544 τοῦ
532 1518 600 1544 Θεοῦ
627 1519 716 1552 Λόγου
732 1519 925 1553 σεσαρκωμέ-

978 927 1039 950 ctus
1050 923 1131 950 Pater
1145 928 1207 957 post
1223 923 1347 957 quaedam
1366 923 1418 950 alia
1433 924 1557 951 subdidit
1573 925 1631 951 htec
1653 924 1686 951 ad
1702 920 1767 958 pro-

977 969 1112 1004 ﬂigandos
1125 969 1351 996 Nestoriauorum
1361 978 1480 997 errores.
1494 971 1602 998 Etenim
1617 979 1667 998 vox
1681 972 1768 998 ἀδιαι-

978 1016 1074 1051 ρέτως,
1100 1015 1156 1042 sine
1179 1015 1356 1047 distinctione,
1378 1016 1487 1043 videtur
1507 1017 1578 1051 apud
1597 1024 1640 1044 me
1660 1022 1765 1044 rectum

977 1062 1074 1096 dogma
1089 1061 1256 1096 signiﬁcare,
1272 1070 1327 1088 non
1343 1061 1408 1089 item
1422 1062 1494 1096 apud
1514 1063 1575 1090 illos
1592 1063 1639 1097 qui
1653 1068 1766 1090 contra-

977 1108 1049 1134 rium
1062 1108 1193 1134 sentiunt.
1203 1108 1270 1134 Nam
1281 1108 1352 1142 apud
1366 1109 1438 1142 ipsos
1452 1109 1508 1136 lure
1523 1117 1575 1136 vox
1586 1109 1767 1137 iudistinttum

977 1154 1130 1180 secundum
1153 1154 1273 1181 Nestorii
1298 1154 1553 1188 interpretationem
1579 1154 1659 1190 longe
1687 1155 1767 1182 aliter

977 1207 1058 1234 quam
1069 1199 1140 1234 apud
1154 1207 1203 1226 nos
1217 1199 1368 1234 accipitur;
1382 1199 1419 1226 ait
1430 1201 1502 1227 enim
1515 1200 1655 1228 hominem
1672 1201 1698 1227 in
1711 1208 1766 1235 quo

977 1245 1098 1272 Verbum
1116 1246 1259 1277 habitavit,
1276 1246 1311 1272 ab
1326 1253 1359 1272 eo
1382 1246 1495 1273 minime
1510 1246 1654 1281 distingui,
1673 1247 1764 1282 digni-

977 1295 1032 1318 tate
1050 1291 1167 1323 scilicet,
1186 1284 1328 1318 voluntate
1341 1296 1423 1326 atque
1438 1296 1584 1326 potestate.
1600 1293 1692 1326 Quare
1704 1293 1766 1320 lau-

977 1336 1040 1363 data
1061 1336 1154 1372 Cyrilli
1178 1336 1261 1364 verba
1279 1337 1454 1371 accipiuntur
1469 1337 1503 1364 ab
1526 1338 1560 1365 iis
1584 1346 1637 1365 non
1654 1339 1766 1373 propria

977 1383 1188 1418 signiﬁcatione,
1207 1383 1255 1410 sed
1273 1384 1377 1410 malitia
1391 1384 1508 1418 quadam
1525 1385 1552 1411 in
1572 1393 1686 1419 pravum
1701 1393 1767 1412 scn-

977 1436 1038 1456 sum
1063 1429 1274 1463 detorquentur.
1308 1429 1406 1456 Videte
1438 1437 1503 1464 ergo
1532 1430 1765 1464 quemadmodum

978 1480 1090 1502 SﬂllClllS
1109 1475 1187 1501 Pater
1201 1482 1232 1501 ea
1245 1482 1313 1501 λῖοοῦ
1329 1479 1404 1502 recte
1421 1480 1525 1508 lllﬂllll',
1544 1484 1657 1511 pravum
1670 1481 1766 1503 contra

977 1527 1088 1546 sensum
1101 1519 1214 1546 omnino
1237 1520 1354 1555 rejiciat,
1368 1524 1436 1547 utet
1453 1521 1532 1547 vobis
1549 1521 1640 1548 facere
1652 1530 1666 1548 a
1687 1522 1766 1556 priu-

139 1571 207 1596 νην,
226 1564 282 1589 ἐστι
298 1564 368 1590 κατὰ
383 1565 502 1599 Ἀρειον,
515 1564 552 1595 ὡς
570 1566 600 1591 οὐ
614 1565 703 1599 πάντη
722 1566 859 1600 ἀτρέπτου
874 1565 924 1599 φύ-

977 1565 1049 1600 cipio
1077 1573 1164 1600 usque
1180 1565 1212 1592 ad
1244 1565 1324 1593 ﬁnem
1349 1570 1494 1601 optamus,
1519 1567 1764 1602 obsecramusque.

139 1618 208 1637 σεως
219 1610 294 1641 ὄντος
305 1610 351 1636 τοῦ
363 1610 428 1636 Υἰοῦ
442 1611 522 1636 νοεῖν·
538 1611 586 1637 καὶ
597 1611 667 1638 κατὰ
676 1611 872 1646 Ἀπολινάριον,
885 1611 923 1642 ὡς

138 1655 221 1682 αὑτοῦ
247 1656 294 1682 τοῦ
318 1656 405 1690 Λόγου
431 1657 490 1682 ἀντὶ
510 1656 557 1682 νοῦ
574 1656 693 1691 ψυχικοῦ
713 1657 875 1691 γενομένου,
891 1658 924 1692 τῇ

139 1701 335 1737 ὲμψυχωθείσῃ
358 1701 450 1737 ἀλόγῳ
479 1702 562 1737 σαρκὶ
576 1701 751 1734 λογίζεσθαι·
781 1702 828 1728 καὶ
855 1700 946 1728 κατὰ’

137 1747 274 1782 Εὐτυλέα,
283 1748 320 1779 ὡς
329 1748 410 1774 αὕτοῦ
423 1749 470 1774 τοῦ
477 1749 563 1782 Λόγου
576 1749 616 1779 εὶς
627 1748 715 1782 σάρκα
726 1747 926 1783 μεταποιηθέν-

136 1802 183 1825 τος
194 1794 364 1829 ἐκδέχεσθαι.
380 1794 443 1821 Ἐὰν
454 1792 500 1826 οὖν
514 1795 551 1829 μὴ
561 1794 595 1820 τὰ
602 1795 725 1829 νοήματα
736 1794 929 1828 ἁνακρίνωμεν

135 1841 190 1867 τῶν
209 1840 425 1876 ὁμολογούντων,
443 1841 491 1867 καὶ
501 1841 606 1876 ταύτην
624 1840 756 1875 κάκείνην
769 1841 820 1867 οὐκ
838 1840 927 1871 ἄλλως

138 1887 310 1922 προσιέμεθα
337 1888 388 1922 τὴν
405 1888 498 1922 φωνήν
510 1896 518 1903 ο
533 1887 612 1914 τοῦτο
625 1886 680 1922 γὰρ
695 1888 708 1913 ὁ
724 1886 821 1922 Πατήρ
847 1895 926 1922 φησι,

136 1934 178 1960 ὅτι
192 1933 230 1965 ὡς
243 1933 466 1969 κακουργοῦντας
479 1934 542 1968 περὶ
557 1933 605 1969 τὴν
620 1933 725 1960 ἔννοιαν
740 1933 789 1968 τῆς
804 1932 927 1964 ἑνώσεως

135 1979 190 2006 τῶν
209 1979 327 2014 φύσεων,
351 1979 388 2015 μὴ
404 1979 587 2015 ἀποδέχεσθαι
605 1980 669 2011 τοὺς
685 1980 840 2014 αἱρετικοὺς
862 1979 901 2005 δεῖ
915 1987 922 1994 σ

135 2027 183 2053 καὶ
197 2026 291 2061 εὒηχοι
307 2025 362 2052 εἶεν
373 2026 401 2052 αἱ
415 2026 512 2060 φωναί·
525 2026 555 2052 οὺ
572 2026 626 2061 γὰρ
637 2026 685 2060 τὴν
698 2025 760 2052 καθ’
773 2025 924 2052 ὑπόστασιν

134 2071 244 2106 λέγουσι
258 2071 313 2098 τῶν
333 2071 450 2106 φύσεων,
465 2071 532 2098 ἀλλὰ
547 2072 617 2098 κατὰ
638 2072 731 2106 σχέσιν
745 2071 901 2106 ἀδιαίρετον
914 2076 922 2085 ⁸

133 2121 164 2146 ὲν
183 2119 292 2150 πολλαῖς
307 2118 361 2153 γὰρ
380 2117 589 2153 χρηστολογίαις
610 2115 665 2143 οἶδε
682 2117 733 2152 τὴν
748 2116 857 2151 ἀπάτην
876 2117 925 2143 καὶ

133 2166 148 2192 ὁ
162 2164 326 2195 ’Λπόστολος
341 2163 487 2199 γινομένην
499 2170 507 2177 ⁸
523 2163 563 2189 ὅτι
593 2162 621 2188 δὲ
646 2162 725 2188 τοῦτο
750 2161 838 2193 οὕτως
857 2162 923 2192 νοεῖ,

974 1611 1126 1639 Possumus
1139 1619 1204 1646 ergo
1231 1620 1293 1638 cum
1315 1620 1410 1639 vocem
1435 1613 1508 1639 illam
1524 1613 1608 1647 impio
1626 1621 1708 1640 sensu
1727 1614 1768 1641 ef-

974 1656 1058 1688 ferre,
1074 1661 1129 1683 tum
1148 1661 1175 1684 et
1191 1656 1261 1683 hanc
1277 1657 1358 1683 aliam
1377 1657 1603 1692 subsequentem,
1619 1667 1701 1685 unam
1717 1659 1766 1686 Dei

967 1702 1057 1738 'Verbi
1076 1707 1203 1729 naturam
1220 1703 1390 1728 incarnutam
1414 1703 1591 1737 interpretari
1609 1711 1672 1730 eum
1688 1704 1764 1736 Ario,

976 1748 1053 1783 quasi
1077 1748 1162 1774 Filius
1187 1748 1368 1775 immutabilis
1386 1753 1491 1776 natura:
1506 1757 1562 1775 non
1582 1749 1634 1781 sit;
1652 1753 1679 1777 et
1703 1757 1765 1776 eum

977 1794 1135 1829 Apollinare
1146 1794 1224 1829 quasi
1236 1795 1357 1822 Verbum
1374 1795 1401 1821 in
1419 1795 1537 1822 animata
1551 1803 1634 1823 carne
1650 1795 1765 1822 rationis

977 1843 1100 1874 experte,
1119 1839 1178 1866 vice
1196 1839 1297 1866 utentis
1314 1839 1464 1874 fungatur;
1479 1844 1507 1867 et
1523 1847 1584 1868 cum
1601 1840 1764 1876 Eutychete,

975 1886 1054 1921 quasi
1066 1885 1190 1913 Verbum
1204 1885 1292 1920 ipsum
1315 1885 1342 1912 in
1357 1893 1469 1913 carnem
1490 1886 1574 1914 fuerit
1589 1894 1765 1913 conversum.

973 1933 1031 1960 Nisi
1049 1940 1115 1968 ergo
1124 1931 1313 1967 proﬁtentium
1323 1937 1444 1960 tuentem
1458 1937 1486 1960 et
1504 1933 1625 1960 animum
1639 1938 1767 1960 accurate

973 1978 1215 2013 perpendcrimus.
1243 1982 1384 2012 nunquam
1411 1982 1486 2005 recte
1506 1986 1601 2005 vocem
1630 1978 1701 2005 hanc
1723 1978 1767 2006 vel

972 2023 1045 2049 illam
1063 2022 1323 2057 interpretabimur.
1340 2023 1384 2049 Ait
1401 2024 1474 2050 enim
1488 2028 1601 2050 sanctus
1615 2025 1696 2051 Pater
1711 2031 1768 2050 non

972 2066 1124 2096 audiendos
1141 2069 1297 2101 bzereticos,
1315 2073 1412 2103 utpote
1427 2069 1460 2096 de
1472 2074 1634 2096 naturarum
1649 2070 1767 2104 conjun-

972 2114 1063 2141 ctione
1090 2114 1160 2141 male
1188 2114 1352 2146 sentientes,
1387 2114 1496 2141 etiamsi
1526 2123 1608 2142 voces
1635 2115 1668 2141 ab
1700 2115 1767 2150 ipsis

974 2164 1113 2195 usurpate
1130 2160 1201 2187 bene
1225 2168 1324 2187 sonare
1340 2160 1500 2187 videantur.
1525 2161 1586 2188 Non
1602 2160 1676 2187 enim
1691 2169 1768 2188 assc-

134 2211 182 2237 καὶ
199 2211 228 2237 ἐν
241 2212 273 2245 τῇ
291 2210 354 2244 ἑξῆς
368 2210 400 2244 ἢν
419 2209 574 2244 παρᾶγουσι
592 2208 690 2243 χρήσει
707 2207 792 2241 σαφὲς
815 2207 903 2233 ἔσται.

977 2210 1040 2233 runt
1055 2206 1072 2233 ii
1082 2206 1222 2233 Christum
1236 2206 1411 2233 individuum
1418 2198 1573 2233 secundum
1586 2207 1767 2242 hypostasim,

133 2255 183 2283 sed
209 2255 362 2283 secundum
381 2254 517 2282 habitum.
542 2253 573 2280 ln
608 2253 702 2280 multis
724 2252 798 2280 enim
824 2250 941 2279 vocibus
979 2258 1039 2286 qua:
1067 2251 1146 2278 bona:
1171 2251 1311 2284 videntur,
1336 2251 1447 2278 latitare
1475 2251 1568 2278 dolum
1590 2260 1621 2279 ac
1644 2252 1768 2280 fraudem

134 2304 206 2331 clare
221 2304 360 2338 perspexit
374 2303 457 2330 etiam
482 2302 642 2337 Apostolus.
665 2301 743 2335 Quod
758 2305 850 2328 autem
868 2299 987 2336 Cyrillus
998 2299 1035 2328 ita
1053 2299 1166 2333 sentiat,
1186 2299 1259 2326 clare
1290 2299 1390 2334 liquet,
1405 2305 1433 2326 et
1460 2307 1494 2327 ex
1525 2300 1651 2335 sequenti
1681 2300 1770 2335 ipsius

134 2351 259 2381 oraculo,
280 2350 352 2384 quod
368 2350 386 2376 ii
406 2349 554 2376 decantare
568 2349 686 2376 maxime
702 2348 802 2376 solent.
819 2357 829 2373 ι
1644 2384 1648 2387 Ι

138 2405 194 2432 Τοῦ
206 2405 299 2432 αὑτοῦ
311 2406 344 2432 ἐκ
358 2404 417 2432 τῶν
432 2407 476 2438 εις
489 2405 564 2438 πρὸς
585 2405 738 2440 Ἑϐραίους
752 2425 759 2437 ,
775 2403 919 2439 δευτέρου

977 2402 1096 2435 Eiusdem
1128 2410 1159 2429 ατ
1186 2405 1256 2428 tomo
1281 2401 1312 2440 1λ1
1339 2401 1442 2440 Contra.
1474 2403 1502 2428 in
1535 2400 1624 2437 Epist.
1655 2403 1691 2429 ad
1716 2402 1771 2429 Ile-

476 2441 580 2475 τόμου.

172 2501 183 2518 ι
205 2492 426 2524 ’Δποδιιστάντες
449 2493 504 2528 γὰρ
533 2493 656 2528 ἀλλήλων
681 2492 729 2524 τὰς
749 2492 796 2518 δύο
809 2491 918 2527 φύσεις,

133 2537 182 2563 καὶ
209 2538 262 2563 ἀνα
283 2538 365 2572 μέρος
393 2539 458 2573 ἡμῖν
483 2539 617 2573 ἑκατέραν
644 2538 771 2572 ἀσυναφῆ
801 2537 920 2570 ϐατέραν

131 2582 314 2615 δεικνύοντες,
331 2584 360 2609 ὲν
391 2583 481 2617 μόνοις
510 2583 667 2618 προσώποις
695 2583 762 2617 φασὶ
790 2582 917 2616 γενέσθαι

132 2629 183 2664 τὴν
201 2628 310 2660 ἕνωσιν,
327 2629 375 2656 καὶ
389 2629 426 2661 ὡς
443 2629 470 2656 ἐν
483 2638 516 2663 γε
529 2629 594 2665 ψιλῇ
613 2629 763 2656 συναινέσει
785 2629 832 2654 καὶ
849 2637 917 2654 ταυ-

131 2674 259 2710 τοὸουλιᾳ
275 2675 322 2701 καὶ
349 2675 509 2709 θελημάτων
534 2677 631 2710 ῥοπαῖς
649 2684 655 2691 ’
676 2675 736 2701 κατ’
754 2675 844 2701 ἐκεῖνό
865 2682 916 2700 που

130 2720 203 2755 τάχα
224 2721 255 2747 τὸ
272 2721 301 2746 ὲν
325 2722 384 2752 ταῖς
400 2720 518 2754 Πράξεσι
534 2720 587 2747 τῶν
603 2720 688 2754 ἁγίων
700 2720 857 2746 ἀποστόλων
871 2728 916 2753 γε-

130 2767 303 2802 γραμμένον,
322 2767 376 2794 Τοῦ
393 2766 427 2794 δὲ
452 2766 588 2802 πλήθους
606 2767 665 2794 τῶν
689 2766 920 2794 πιστευσάντων

1289 2437 1372 2464 brwos
1385 2438 1452 2473 (l2).

1010 2499 1019 2515 ι
1050 2490 1246 2522 Secernentes,
1264 2489 1312 2521 ait,
1336 2497 1351 2516 a
1374 2497 1404 2516 se
1426 2489 1545 2516 invicem
1575 2489 1644 2516 duas
1665 2489 1771 2517 Christi

973 2538 1138 2565 naturas,et
1152 2542 1235 2561 unam
1260 2534 1294 2561 ab
1322 2534 1376 2561 alia
1392 2533 1553 2561 distinctam
1577 2534 1769 2567 ostendenteg,

976 2580 1003 2606 id
1023 2588 1107 2607 unum
1136 2580 1293 2614 signiﬁcare
1313 2581 1421 2611 volunt,
1440 2588 1573 2615 personas
1595 2581 1725 2608 videlicet
1742 2581 1769 2608 iu

972 2628 1082 2656 Christo
1106 2626 1191 2654 fuisse
1208 2627 1371 2662 eonjunctas
1397 2626 1500 2657 animo,
1517 2631 1545 2653 ct
1570 2634 1718 2660 consensu,
1742 2631 1770 2654 et

972 2675 1147 2701 voluntatum
1165 2673 1280 2704 atl‘eetu,
1302 2681 1357 2699 non
1372 2680 1453 2700 secus
1475 2681 1508 2700 ac
1526 2673 1542 2699 ii
1571 2673 1604 2699 de
1627 2673 1730 2708 quibus
1740 2673 1769 2700 iu

972 2720 1031 2746 Act.
1050 2719 1098 2745 SS.
1123 2718 1311 2753 apostolorum
1330 2719 1464 2752 scriptum
1480 2719 1596 2753 legimus
1618 2728 1624 2745 :
1645 2719 1769 2746 Multitu-

977 2765 1047 2791 dt'm's
1067 2768 1156 2791 autem
1182 2763 1345 2790 credentium
1377 2771 1460 2790 unum
1486 2772 1531 2790 cur
1550 2768 1608 2790 erat
1629 2768 1653 2790 et
1676 2765 1769 2791 anima

168 2856 223 2892 (i2)
245 2856 304 2884 Hoc
324 2855 495 2884 luculentum
519 2855 611 2890 Cyrilli
639 2856 826 2884 testimonium
841 2863 914 2882 nunc
934 2855 1054 2890 primum
1070 2854 1158 2882 lucem
1176 2853 1275 2889 aspicit
1292 2852 1513 2888 prmcedcutibus
1531 2852 1727 2889 adjiciendum.
