1963 3077
205 135 214 166 1
220 135 273 167 855

201 236 269 263 teris
283 237 413 266 omnibus
426 241 558 274 peculiari
575 242 744 271 subsistendi
763 245 869 274 ratione
884 247 985 275 distin~

200 286 343 316 gueretur,
366 290 484 318 cumque
498 285 532 312 de
546 286 601 314 illis
613 292 707 322 utpote
722 290 864 318 voluntate
886 300 917 319 ac
933 293 986 321 lide

199 327 253 355 sibi
273 328 389 356 invicem
407 332 572 365 conjunctis,
596 333 705 362 dicatur
729 344 815 364 unum
836 338 921 366 fuisse
938 348 986 367 cor

199 377 227 400 et
251 373 370 400 animam
387 383 468 402 unam
484 385 491 402 :
509 378 634 412 nunquid
647 385 793 414 propterea
818 383 870 410 hoc
887 385 984 412 eodem

199 418 280 445 modo
297 423 325 445 et
352 419 380 446 in
395 419 505 448 Christo
532 430 663 456 personas
685 424 769 454 fuisse
794 428 847 455 sibi
866 429 983 457 invicem

198 462 356 495 conjunctas
368 466 533 492 autumant?
550 467 589 494 En
607 474 702 503 aperte
716 476 829 500 sanctus
841 474 924 501 Pater
941 476 984 502 in-

197 505 258 531 nuit
285 507 365 540 quale
385 508 431 539 sit,
446 510 520 543 qnod
538 510 595 546 ipse
621 505 712 547 rejicit
736 515 851 544 istorum
873 518 981 554 dogma,

195 551 242 584 qui
255 551 288 578 de
302 552 410 580 duabus
423 554 527 583 Christi
540 559 647 586 naturis
664 562 886 596 conjunctionem
908 565 981 592 indi-

195 596 306 624 viduam
320 600 496 632 prolitentur.
507 612 516 628 ι
531 603 566 630 Et
577 605 657 638 paulo
668 611 745 640 post:
762 617 771 634 ‹
787 609 912 637 Profecto
927 619 981 638 non

195 644 352 679 asserimus,
372 647 420 680 ait,
449 648 569 676 humano
588 658 703 685 corpore
718 653 909 683 circumscribi
932 657 980 684 Dei

193 689 275 717 Verbi
294 696 421 721 naturam
435 703 441 726 ;
457 694 588 723 divinitas
607 697 681 724 enim
699 704 775 727 caret
789 698 952 735 quantitate.
967 714 976 730 ι

193 734 404 782 Deindcsubdit:
417 749 425 764 ί
434 739 660 777 Comperietquis
668 744 695 770 in
706 734 817 780 Christo
825 747 979 782 perfectum

193 775 365 809 individhum
376 784 537 818 humanum,
556 789 717 823 perfectum,
732 791 853 826 inquam,
873 795 978 823 ratione

192 824 284 853 habita
293 832 398 856 natura:
408 837 479 858 suae:
492 832 643 865 perfectum
653 834 719 861 item
726 824 911 871 comperietin
918 840 977 874 ipso

191 871 308 900 Verbum
320 881 335 900 a
346 875 401 901 Deo
413 882 592 911 conceptum;
608 879 738 908 fatebitur
750 886 838 910 tamen
848 871 935 912 unum
944 894 978 913 ex
990 874 1014 903 Β

191 921 306 952 utraque
320 923 418 948 natura
433 930 544 950 manare
559 923 714 958 Christum,
730 932 847 956 etunum
865 930 975 965 Filium,

189 970 243 989 non
257 965 451 1000 conjunctione
457 976 637 1003 personarum
654 971 794 1001 Christum
806 975 895 1010 ipsum
902 985 977 1012 com-

188 1009 307 1041 positum
320 1011 487 1048 intelligens,
501 1016 548 1042 sed
561 1016 651 1050 potius
657 1023 721 1045 natu
727 1028 770 1046 ras
777 1009 881 1055 ipsasin
891 1031 974 1051 unum

187 1059 288 1081 arcano
297 1057 416 1090 quodam
439 1063 467 1086 ct
476 1059 607 1088 ineffabili
622 1063 703 1090 modo
714 1071 881 1100 compactas,
892 1076 974 1103 quem

190 1099 300 1126 modum
314 1103 391 1129 novit
408 1104 466 1138 ipse
482 1106 566 1133 Deus.
582 1107 689 1136 Nullam
709 1116 840 1144 praeterea
855 1114 974 1143 dicimus

186 1144 217 1171 in
231 1147 336 1175 naturis
351 1150 499 1185 contigiSSe
513 1153 714 1187 confusionem.
733 1161 762 1183 ut
775 1165 864 1193 neque
880 1160 972 1189 divina

187 1198 268 1219 versa
282 1193 366 1221 fuerit
380 1195 406 1222 in
421 1196 578 1231 humanam,
592 1208 643 1227 nec
658 1201 777 1230 humana
792 1204 818 1231 in
832 1206 970 1242 divinam;

185 1236 233 1263 sed
261 1243 377 1274 utraque
396 1243 489 1276 potius
504 1243 531 1270 in
557 1252 607 1273 suo
623 1252 694 1275 statu
720 1256 857 1285 manente,
872 1236 971 1283 factam

186 1281 271 1310 fuisse
291 1285 512 1320 conjunctionem
528 1290 707 1320 arbitramur.
727 1304 735 1319 ι
753 1295 787 1322 Et
800 1298 881 1332 paulo
894 1305 970 1335 post:

187 1336 197 1353 ‹
214 1327 241 1355 Si
263 1330 324 1363 quis
345 1339 411 1366 ergo
436 1333 540 1361 diceret
561 1337 633 1364 solas
657 1339 684 1365 in
705 1327 815 1369 Christo
839 1327 971 1378 personas

184 1374 322 1410 conjungi,
338 1381 366 1404 et
378 1378 490 1407 naturas
507 1381 542 1408 ab
564 1390 593 1410 se
610 1384 728 1412 invicem
742 1389 854 1417 omnino
870 1391 970 1420 distin-

183 1420 243 1454 gui,
269 1422 394 1456 profecto
411 1425 446 1451 ab
463 1432 538 1454 recto
561 1431 669 1458 tramite
688 1432 839 1462 aberraret.
867 1446 876 1462 ι
903 1439 970 1471 Quis

184 1464 281 1492 horum
300 1475 411 1496 sensum
428 1479 481 1498 non
498 1472 642 1509 intelligit?
660 1476 762 1512 Ecquis
773 1485 897 1509 sanctum
916 1483 968 1510 Pa-

839 145 995 176 LEONTII
1016 146 1218 180 BYZANTINI

201 200 255 218 una
271 193 302 219 ¹⁸.
317 192 385 220 Cum
399 194 473 222 enim
489 196 676 232 unusquisque
691 198 865 228 credentium
886 211 900 230 a
926 210 984 231 θεε-
998 207 1022 233 Α

1759 159 1824 194 I856

1035 202 1074 238 ἦν
1088 205 1108 239 ἠ
1125 206 1232 240 καρδία
1262 207 1311 235 καὶ
1332 209 1355 245 ἠ,
1366 210 1451 246 ψυχὴ
1464 212 1529 246 μία.
1555 213 1685 243 Ἐκάστον
1701 217 1755 254 γὰρ
1770 219 1818 246 τῶι

1037 253 1260 280 πεπιστευκότων
1276 256 1346 283 κατά
1368 265 1400 291 γε
1420 259 1465 285 τὸν
1483 259 1535 294 τῆς
1558 261 1625 294 ιδίας
1648 263 1822 298 ὑποστάσεως

1037 298 1115 333 λόγον
1141 300 1372 337 διεσχοινισμένου
1402 305 1457 332 τῶν
1485 306 1582 340 ἄλλων,
1596 309 1658 336 ὅσον
1686 308 1754 346 ἧκεν
1783 312 1822 344 εἰς

1035 345 1230 372 ταυτοὸουλίαν
1256 348 1304 374 καὶ
1323 349 1373 384 τὴν
1397 350 1512 386 ἑνότητα
1535 354 1584 388 τῆς
1606 345 1733 388 πίστεως,
1748 356 1822 392 ψυχὴ

1036 389 1144 417 πάντων
1157 389 1227 418 εἶναι
1241 393 1291 427 μία
1301 394 1410 428 λέγεται
1424 397 1472 422 καὶ
1488 398 1588 431 καρδία
1603 407 1610 414 ·
1626 397 1679 435 ἆρα
1689 399 1736 427 οὖν
1750 389 1821 429 κατὰ

1033 435 1127 463 τοῦτον
1158 439 1205 465 καὶ
1221 439 1298 466 αὐτοὶ
1314 440 1360 466 τὸν
1378 443 1490 476 τρόπον,
1513 443 1567 480 τῶν
1591 445 1744 479 προσώπων
1769 448 1821 483 τὴν

1033 480 1129 508 ἕνωσιν
1143 482 1283 517 ὁμολογεῖν
1299 485 1452 519 ἐγνώκασιν
1466 496 1473 519 ;
1490 497 1499 513 ι
1517 488 1581 515 Ἰδοὺ
1597 489 1724 525 διασαφεῖ
1742 480 1821 528 ἐκδη-

1033 525 1087 557 λως
1109 527 1135 553 τι
1148 528 1222 554 ἐστιν
1236 529 1250 554 ὃ
1266 529 1406 564 μέμφεται
1428 532 1528 568 δόγμα’
1547 534 1602 561 τῶν
1616 535 1644 561 δὲ
1660 537 1708 562 καὶ
1723 525 1820 564 ἕνωσιν

1032 570 1186 607 ἀδιαίρετον
1199 574 1332 608 λεγόντων
1347 578 1392 604 ἐπὶ
1407 578 1454 604 δύο
1466 578 1582 612 φύσεων.
1594 581 1646 607 Kal
1658 583 1733 615 μετὰ
1744 584 1820 618 ,ϐρα-

1032 617 1097 650 χέα·
1117 628 1126 644 ‹
1147 620 1202 646 Καὶ
1215 620 1320 648 οὐδέπω
1334 623 1424 658 φαμὲν
1439 625 1467 650 ἐν
1479 624 1517 659 τῷ
1532 619 1697 662 ἀνθρωπίνῳ
1712 617 1818 664 σώματι

1030 662 1080 697 τὴν
1101 664 1149 690 τοῦ
1166 665 1233 692 Θεοῦ
1248 667 1335 700 Λόγου
1358 671 1578 706 περιτετράφθαι
1600 672 1697 706 φύσιν⁵
1716 662 1818 702 ἀποσον

1030 708 1085 743 γὰρ
1102 709 1132 736 τὸ
1151 710 1238 739 Θεῖον.
1258 721 1267 737 ›
1282 711 1353 740 Εἶτα
1374 714 1489 749 ἐπάγει·
1517 725 1526 742 ι
1545 717 1607 743 Ὅτι
1624 718 1721 753 ὄψεταί
1732 728 1773 751 τις
1788 722 1817 747 ὲν

1029 755 1140 790 Χριστῷ
1169 756 1200 783 τὸ
1222 758 1394 793 ἀνθρώπινον
1412 761 1525 793 τελείως
1544 762 1617 798 ἔχον,
1633 764 1704 791 κατά
1719 773 1751 799 γε
1770 766 1816 794 τὸν

1029 800 1079 834 τῆς
1106 802 1174 834 ἰδίας
1194 803 1303 837 φύσεως
1318 804 1397 838 λόγον
1409 814 1416 820 ·
1436 806 1538 841 ὁμοίως
1556 817 1586 834 τε
1600 809 1705 837 τέλειον
1723 811 1769 837 τὸν
1783 813 1816 839 ὲκ

1029 845 1096 872 Θεοῦ
1113 847 1201 881 φύντα
1220 849 1305 883 Λόγον
1322 859 1329 866 ·
1345 851 1415 886 πλὴν
1437 851 1484 877 ἕνα
1501 853 1546 879 τὸν
1560 853 1589 885 ἐξ
1604 855 1705 889 ἀμφοῖν
1719 855 1815 890 ὁμολο-

1028 893 1107 928 γήσει
1119 894 1237 929 Χριστὸν
1252 896 1300 922 καὶ
1314 895 1390 928 Υῐὸν,
1407 897 1437 923 οὐ
1453 898 1608 933 προσώπων
1622 900 1717 926 ὲνώσει
1734 901 1815 935 μόνον

1028 939 1163 970 συντιθεὶς
1179 940 1227 975 τὴν
1240 942 1406 976 οἰκονομίαν,
1423 943 1559 976 συλλέγων
1574 945 1600 970 δὲ
1614 946 1714 979 μᾶλλον
1732 947 1772 977 εἰς
1785 946 1814 973 ἓν

1026 983 1075 1015 τὰς
1089 984 1185 1018 φύσεις
1199 986 1361 1022 ἀπορρήτως
1375 996 1406 1022 γε
1424 989 1470 1015 καὶ
1482 989 1552 1023 ὑπὲρ
1567 989 1645 1022 λόγον
1659 1011 1666 1022 ,
1680 990 1717 1021 ὡς
1733 991 1814 1023 αὐτὸς

1025 1029 1097 1064 ἔγνω
1112 1031 1126 1056 ό
1140 1030 1207 1063 Θεός
1220 1040 1226 1047 ·
1246 1032 1294 1058 καὶ
1319 1033 1432 1060 οὐδέπου
1457 1035 1546 1069 φαμὲν
1567 1035 1699 1069 ἀνάχυσιν
1718 1035 1813 1071 ὥσπερ

1024 1075 1084 1102 τινὰ
1098 1077 1238 1111 συμϐῆναι
1253 1079 1318 1113 περὶ
1330 1079 1380 1110 τὰς
1400 1079 1496 1112 φύσεις
1508 1100 1515 1111 ,
1530 1080 1567 1112 ὡς
1582 1082 1751 1115 μεταστῆναι
1764 1082 1813 1116 τὴν

1023 1121 1070 1148 τοῦ
1080 1123 1165 1156 Λόγου
1178 1123 1258 1158 φύσιν
1269 1125 1308 1155 εἰς
1318 1124 1366 1159 τὴν
1376 1124 1422 1151 τοῦ
1433 1125 1576 1160 ἀνθρώπου
1588 1126 1678 1160 τυχόν·
1686 1127 1741 1153 ἀλλ’
1753 1127 1812 1154 οὐδὲ

1023 1165 1056 1193 αὖ
1063 1168 1112 1202 τὴν
1122 1169 1293 1205 ἀνθρωπίνην
1301 1171 1340 1201 εἰς
1348 1170 1396 1205 τὴν
1404 1171 1450 1197 τοῦ
1458 1171 1706 1206 Λόγου,νοουμένης
1712 1173 1739 1199 δὲ
1750 1173 1813 1208 μᾶλ-

1022 1212 1068 1239 λον
1084 1214 1130 1240 καὶ
1149 1214 1325 1249 ὑπαρχούσης
1336 1215 1470 1251 ἑκατέρας
1480 1217 1508 1243 ἐν
1519 1217 1557 1252 τῷ
1565 1217 1615 1251 τῆς
1626 1217 1693 1249 ιδίας
1705 1218 1812 1250 φύσεως

1022 1259 1087 1294 ὅρῳ,
1101 1259 1258 1295 πεπρᾶχθαι
1267 1262 1357 1296 φαμὲν
1365 1261 1413 1296 τὴν
1425 1262 1532 1290 ἕνωσιν.
1546 1272 1555 1288 ι
1566 1263 1619 1290 Καὶ
1638 1265 1700 1298 μετ’
1711 1264 1810 1299 ὀλίγα·

1025 1315 1034 1332 ι
1049 1306 1082 1332 El'
1090 1315 1131 1338 τις
1147 1305 1193 1333 οὖν
1212 1307 1265 1342 ἄρα
1284 1307 1358 1342 λέγει
1372 1308 1460 1343 μόνων
1480 1310 1634 1344 προσώπων
1645 1311 1694 1346 τὴν
1702 1311 1810 1343 ἕνωσιν,

1021 1352 1180 1383 ἀποδιιστὰς
1195 1353 1349 1387 ὁλοτρόπως
1362 1354 1486 1389 ἀλλήλων
1502 1355 1551 1386 τὰς
1568 1355 1674 1390 φύσεις,
1690 1356 1743 1389 ἔξω
1759 1357 1810 1391 τῆς

1021 1398 1130 1429 εὐθείας
1147 1398 1261 1433 φέρεται
1272 1399 1377 1435 τρίϐου.
1399 1410 1408 1426 ι
1426 1401 1536 1428 τούτων
1550 1402 1592 1433 τίς
1615 1403 1743 1437 ἀγνοήσει
1758 1403 1810 1438 τὴν

1020 1444 1135 1476 ἔννοιαν,
1150 1445 1197 1470 καὶ
1215 1445 1280 1479 μίαν
1295 1445 1376 1479 φύσιν
1387 1447 1481 1480 λέγειν
1503 1448 1625 1482 οἰήσεται
1641 1448 1685 1474 τὸν
1701 1448 1810 1484 ματέρα

1020 1490 1067 1516 ἐπὶ
1081 1490 1200 1525 Χριστοῦ
1218 1499 1225 1524 ;
1241 1492 1302 1527 οὐχὶ
1318 1493 1345 1519 δὲ
1362 1493 1390 1520 ἓν
1405 1494 1552 1528 πρόσωπον
1571 1494 1672 1529 μᾶλλον
1685 1515 1692 1526 ,
1704 1495 1810 1529 ἡνωμέ-

185 1517 256 1539 trum
269 1521 350 1541 unam
361 1515 388 1542 in
401 1516 510 1545 Christo
523 1525 649 1548 naturam
660 1531 784 1554 asserere
795 1527 868 1556 dicat
879 1529 890 1555 ?
901 1531 967 1565 quin

185 1559 274 1575 nnthm
293 1560 325 1575 ..ιχ
340 1568 371 1575 λι.
393 1564 533 1575 ...μαι-μυ.
561 1565 586 1575 λγ
644 1569 649 1574 .
677 1569 687 1575 η

1082 1515 1101 1516 η
1127 1515 1147 1516 η
1160 1515 1198 1517 νη
1219 1515 1225 1524 ,
1244 1515 1269 1518 --
1296 1515 1302 1518 .
1319 1515 1345 1519 η
1362 1515 1388 1520 -,
1408 1515 1550 1528 ..,_.-w..,.
1571 1515 1670 1529 rm...“
1685 1515 1692 1526 ,
1707 1515 1797 1529 Ἴσι-ιν.-

1026 1543 1073 1561 βων
1091 1515 1172 1562 αἰτοῦ
1186 1537 1240 1563 τῶν
1251 1515 1360 1571 φιῖσεων
1375 1538 1424 1572 οὐχ
1445 1539 1538 1571 ἁπλῶς
1553 1539 1727 1575 ἀδιαιρέτως,
1740 1540 1810 1567 ἀλλὰ

184 1559 276 1592 potius
292 1560 326 1587 ab
339 1568 373 1588 eo
393 1564 536 1592 manifeste
557 1565 650 1595 doceri
674 1569 794 1599 fateatur
810 1559 922 1604 naturas
939 1577 966 1604 in

1021 1580 1081 1607 καθ’
1102 1581 1252 1608 ὑπόστασιν
1264 1583 1347 1609 αὑτοῦ
1361 1584 1445 1618 αὑτήν
1458 1592 1465 1616 ;

185 1613 267 1633 "nam
285 1615 430 1642 Personam
446 1611 592 1646 coaluisse,
624 1623 680 1643 non
704 1619 864 1649 omnimoda
897 1625 1009 1659 quidem
1029 1628 1244 1664 conjunctione,
1272 1629 1320 1657 sed
1345 1637 1378 1657 ea
1403 1630 1545 1663 duntaxat,
1571 1638 1632 1665 qua:
1657 1630 1811 1659 secundum-

185 1653 355 1665 -..I\..:...,.__.‘,
457 1658 474 1665 .-
516 1659 522 1665 ο

183 1653 388 1683 subsistentiam
401 1658 547 1694 contingit.

319 1712 413 1748 Cyrilli
427 1723 458 1741 ex
472 1716 583 1750 epistola
604 1719 639 1746 ad
648 1719 803 1751 Sncensum.

220 1767 229 1783 ι
247 1757 281 1785 Ut
298 1759 353 1786 duo
367 1768 422 1787 non
440 1762 558 1796 amplius
577 1764 632 1791 duo
649 1766 715 1799 sint,
733 1769 782 1796 sed
799 1778 848 1805 per
862 1777 972 1801 utrum~

181 1812 235 1838 quc
250 1805 410 1839 perficiatur
426 1807 526 1835 animal
543 1818 639 1838 unum.
659 1822 668 1838 ›

216 1850 301 1876 Porro
316 1851 337 1878 si
354 1857 464 1880 sanctus
480 1853 559 1882 Pater
575 1856 691 1886 innuerc
702 1861 836 1891 voluisset
857 1870 971 1895 naturas

181 1902 236 1921 non
254 1896 372 1930 amplius
385 1905 445 1925 esse
462 1905 587 1934 naturas,
598 1902 691 1932 dicere
701 1905 844 1936 debuisset
858 1918 865 1936 :
880 1920 889 1935 ι
902 1910 968 1944 Quae

180 1940 286 1974 pridem
300 1941 360 1970 dua:
376 1949 466 1976 erant,
481 1954 554 1974 nunc
571 1949 690 1983 amplius
703 1950 764 1978 duae
777 1961 831 1980 non
844 1960 908 1982 sunt
927 1965 933 1983 :
955 1966 965 1983 ι

180 1986 233 2019 vel,
255 1995 264 2012 ‹
285 1988 358 2022 quod
375 1997 448 2017 nunc
463 1999 547 2019 unum
565 1998 617 2026 est,
635 2003 688 2022 non
700 1998 818 2032 amplius
832 2000 887 2028 duo
904 1997 968 2030 sunt

179 2036 210 2059 ut
226 2037 316 2060 antea.
338 2044 346 2060 ι
373 2035 451 2068 Quod
469 2037 491 2064 si
519 2046 580 2073 qua:
599 2045 680 2068 antea
697 2042 752 2070 duo
776 2050 864 2079 erant,
883 2048 967 2075 etiam

180 2086 252 2106 nunc
268 2079 322 2106 duo
337 2085 418 2115 sunt;
447 2082 470 2109 si
486 2091 535 2118 per
549 2090 706 2122 utrumque,
732 2097 787 2117 non
803 2099 836 2118 cx
849 2096 967 2128 utroque

179 2123 342 2158 simpliciter
359 2134 442 2153 unum
458 2129 581 2157 cernitur
593 2139 600 2157 :
612 2133 787 2168 perspicuum
801 2143 843 2163 est
860 2137 886 2164 id
899 2145 966 2165 con-

179 2169 284 2205 tingere
297 2171 407 2199 diversa
423 2174 531 2201 ratione
545 2183 552 2208 ;
571 2181 602 2203 ut
619 2178 692 2211 quod
719 2180 752 2206 ad
773 2186 888 2209 naturas
902 2191 966 2217 spe-

178 2220 245 2248 ctat,
261 2216 303 2244 hm
314 2218 374 2246 dua:
384 2220 495 2253 quidem
511 2222 580 2255 sint;
594 2224 666 2258 quod
680 2225 715 2252 ad
728 2216 966 2261 compositumiat—

180 2262 258 2293 tinet.
276 2263 330 2291 hoc
355 2273 421 2292 vero
436 2266 472 2293 sit
492 2268 594 2296 animal
611 2278 707 2304 unum,
731 2273 804 2307 quod
828 2276 966 2309 expressis

179 2310 271 2337 verbis
288 2312 346 2345 ipse
360 2311 438 2339 dixit.

1023 1730 1176 1763 Κυρίλλυυ
1203 1730 1238 1758 ἐκ
1261 1730 1316 1765 τῆς
1341 1732 1417 1765 πρὸς
1433 1731 1607 1758 Σούκενσον
1631 1731 1808 1766 ἐπιστολῆς.

1059 1784 1069 1801 ι
1085 1775 1166 1802 Ὥστε
1184 1777 1218 1803 τὰ
1233 1776 1280 1802 δύο
1301 1776 1400 1811 μηκέτι
1414 1774 1483 1804 εἴναι
1495 1776 1551 1809 δύο,
1564 1776 1598 1803 δι’
1611 1777 1713 1812 ἀμφοῖν
1731 1777 1760 1804 δὲ
1779 1777 1810 1803 τὸ

1020 1821 1049 1848 ἓν
1064 1821 1254 1850 ἀποτελεῖσθαι
1266 1823 1345 1855 ζῶον.
1365 1832 1375 1848 ι

1055 1867 1087 1894 Ει
1101 1866 1147 1894 οὖν
1163 1868 1240 1895 τοῦτό
1260 1877 1354 1902 φησιν,
1367 1868 1408 1894 ὅτι
1419 1869 1447 1894 αἱ
1463 1867 1559 1903 φύσεις
1584 1868 1634 1895 οὐκ
1652 1869 1705 1896 eici.
1715 1868 1809 1896 λοιπδν

1017 1913 1123 1946 φύσεις,
1141 1913 1194 1939 ἔδει
1211 1914 1300 1940 εἰπεῖν
1317 1923 1326 1938 ι
1346 1913 1416 1940 ὥστε
1428 1914 1478 1944 τὰς
1495 1923 1562 1940 ποτε
1574 1915 1631 1946 δυο,
1649 1914 1750 1946 ταύτας
1769 1915 1808 1950 μὴ

1015 1956 1084 1985 εἶναι
1099 1959 1144 1985 καὶ
1151 1959 1198 1985 νῦν
1212 1959 1268 1986 δύο.
1276 1959 1326 1985 »Ἦ
1339 1958 1409 1985 ὥστε
1424 1969 1434 1984 ι
1445 1961 1476 1985 τὸ
1486 1959 1514 1985 ἓν
1525 1959 1554 1986 τὸ
1565 1959 1613 1986 νῦν
1624 1960 1723 1995 μηκέτι
1738 1958 1807 1987 εἶναι

1015 2003 1051 2034 ὡς
1062 2004 1109 2030 καὶ
1122 2004 1217 2039 πρώην
1227 2004 1273 2031 δύο
1282 2013 1289 2020 ·
1310 2014 1319 2030 ι
1332 2005 1355 2031 ει
1370 2005 1398 2031 δὲ
1412 2005 1470 2032 ἔστι
1484 2006 1530 2032 καὶ
1543 2005 1589 2032 νῦν
1601 2006 1648 2032 δύο
1658 2006 1692 2032 τὰ
1702 2005 1758 2037 δύο,
1773 2006 1807 2033 δι’

1015 2050 1117 2084 ἀμφοῖν
1133 2059 1162 2076 τε
1176 2051 1225 2077 καὶ
1238 2051 1288 2077 οὐκ
1303 2051 1332 2083 ἐξ
1349 2051 1450 2085 ἀμφοῖν
1477 2051 1570 2083 ἁπλῶς
1588 2052 1619 2078 τὸ
1640 2051 1669 2078 ἓν
1697 2053 1807 2087 ὁρᾶται,

1020 2095 1098 2129 δῆλον
1112 2095 1150 2127 ὡς
1178 2096 1238 2122 κατ’
1254 2096 1318 2123 ἄλλο
1336 2097 1383 2122 καὶ
1402 2096 1480 2123 ἄλλο·
1503 2097 1540 2129 ὼς
1566 2096 1616 2132 μὲν
1630 2097 1683 2132 γὰρ
1701 2097 1806 2131 φύσεις,

1019 2140 1081 2167 δύο·
1097 2140 1135 2173 ὡς
1148 2141 1175 2167 δὲ
1190 2140 1318 2168 σῦνθετόν
1333 2151 1364 2168 τε
1375 2142 1476 2168 τοιόνδε
1492 2142 1576 2174 ζῶον,
1592 2143 1660 2176 ὅπερ
1689 2142 1737 2170 καὶ
1757 2144 1808 2179 ρη-

1019 2186 1074 2218 τῶς
1089 2186 1152 2222 ἔφη,
1170 2187 1199 2213 ἕν
1218 2188 1291 2214 ὲστι·
1308 2188 1476 2223 προσεκτέον
1489 2189 1517 2214 δὲ
1533 2188 1570 2219 ὡς
1586 2189 1635 2215 καὶ
1655 2188 1688 2215 δι’
1706 2189 1808 2223 ἀμφοῖν

1020 2232 1090 2264 ζῶον
1104 2233 1296 2260 ἀποτελεῖσθαι
1317 2234 1415 2268 λέγων,
1444 2234 1578 2269 ἑκατέραν
1597 2234 1678 2268 φύσιν
1700 2234 1740 2268 τῷ
1767 2234 1807 2261 ἑνὶ

1018 2279 1105 2313 τούτῳ
1127 2279 1238 2314 Χριστῷ
1267 2280 1339 2315 ζωὴν
1360 2281 1529 2314 συνεισάγειν
1551 2280 1646 2315 φησίν·
1674 2280 1742 2307 ἀλλὰ
1758 2280 1808 2315 τὴν

983 2320 1005 2347 1)
1020 2323 1081 2358 μὲν,
1098 2324 1146 2358 τὴν
1165 2325 1282 2360 φυσικὴν
1299 2325 1452 2361 ἀνθρώπῳ·
1474 2327 1522 2360 τὴν
1546 2326 1584 2357 δὲ,
1612 2325 1662 2361 τὴν
1689 2326 1807 2360 φυσικὴν

177 2354 237 2388 Θεῷ
253 2355 338 2390 ζωήν·
351 2357 387 2389 ὡς
404 2358 432 2384 ἓν
448 2356 518 2385 εἷναί
533 2368 558 2386 τι
571 2360 739 2397 θεανδρικῶς
753 2363 806 2396 ζῶν
821 2365 967 2400 πρόσωπον
985 2354 1058 2395 τόδε·
1075 2354 1193 2405 οιαὶ-γαρ
1205 2354 1302 2398 ἐσθίων
1331 2354 1378 2398 καὶ
1408 2354 1612 2407 πίνιι)ν.διήρκει
1641 2373 1690 2398 καὶ
1708 2371 1807 2406 ηὔξανε

178 2401 238 2428 καθ’
256 2402 339 2436 ἡμᾶς,
350 2403 398 2429 καὶ
412 2401 445 2439 ἦν
461 2406 508 2431 καὶ
521 2406 661 2442 αὐτάρκης
674 2409 720 2435 καὶ
735 2410 892 2443 παντέλειος
905 2412 1002 2445 θεῐκῶς
1017 2416 1030 2442 ὁ
1045 2416 1126 2448 αὐτὸς
1194 2417 1310 2452 Χριστὸς
1327 2418 1340 2444 ὸ
1357 2417 1458 2453 Κύριος
1476 2418 1565 2453 ἡμῶν·

213 2449 295 2484 Atqui
309 2457 390 2478 omne
417 2452 528 2483 animal,
554 2453 692 2489 inquiunt,
707 2456 783 2490 quod
799 2465 863 2485 vere
876 2467 963 2486 unum

177 2499 229 2529 cst,
248 2503 303 2523 una
325 2504 434 2531 quoque
453 2502 552 2526 natura
567 2504 629 2527 est:
645 2501 769 2536 adeoque
791 2503 813 2530 si
837 2503 965 2534 Christus

177 2547 220 2570 est
234 2543 333 2574 animal
349 2552 444 2576 unum,
467 2546 526 2580 ejus
543 2555 651 2582 quoque
668 2552 766 2576 natura
783 2557 837 2586 una
851 2552 916 2579 erit.
929 2567 965 2572 —

179 2589 279 2616 Verum
297 2590 319 2617 si
332 2594 406 2618 recta
421 2591 666 2621 demonstrationis
679 2594 722 2621 via
738 2596 891 2630 procedere
905 2598 966 2625 vul-

180 2635 216 2663 tis
230 2635 257 2663 in
273 2636 477 2671 ohjectionibus
497 2639 605 2671 vestris,
618 2647 666 2667 vos
684 2640 771 2668 latere
786 2649 840 2668 non
853 2642 964 2676 debent,

178 2689 239 2715 quae
252 2683 353 2716 passim
367 2691 381 2709 a
396 2682 557 2716 dialecticis,
572 2689 600 2712 et
611 2685 692 2721 hujus
708 2686 776 2713 artis
786 2689 966 2722 praeceptori-

179 2726 230 2753 hns
244 2727 398 2755 traduntur.
415 2729 523 2756 Etenim
541 2738 735 2758 eonversorum
753 2732 848 2759 eadem
865 2737 907 2760 est
920 2741 964 2761 ra-

179 2771 228 2804 tio,
244 2777 270 2799 ct
287 2781 341 2800 uno
355 2775 454 2808 posito,
467 2784 577 2804 necesse
588 2781 629 2804 est
648 2777 722 2804 aliud
738 2785 848 2813 quoque
867 2779 963 2813 sequi:

215 2854 235 2869 "
249 2854 308 2880 Act.
327 2862 363 2886 iv,
381 2853 424 2880 7:2.

1061 2463 1130 2489 Ἀλλ’
1142 2463 1214 2489 ἆπαν
1226 2461 1260 2498 ἦν
1280 2463 1349 2494 ζῶον
1367 2463 1416 2489 καὶ
1433 2463 1480 2498 μία
1497 2463 1590 2497 φύσις,
1605 2464 1687 2497 φασιν
1699 2472 1705 2479 ·
1722 2466 1747 2491 εἰ
1760 2463 1807 2491 οὖν

1013 2507 1042 2535 ἓν
1050 2507 1128 2540 ζῶον,
1138 2509 1184 2535 καὶ
1194 2508 1243 2543 μία
1256 2507 1355 2542 φύσιςό
1364 2508 1530 2543 Χριστός.-
1538 2509 1608 2535 Ἀλλ’
1617 2511 1641 2536 εἰ
1651 2510 1807 2537 ἀποδεικτι-

1014 2552 1068 2584 κῶς
1077 2554 1199 2588 ἁπαντᾷν
1211 2553 1348 2587 βούλεσθε,
1357 2553 1393 2588 μὴ
1402 2555 1524 2587 ἀγνοεῖτε
1532 2554 1565 2581 τὰ
1573 2555 1668 2585 κοινῶς
1677 2554 1809 2588 δεδομένα

1015 2600 1081 2626 πᾶσι
1095 2600 1151 2630 τοῖς
1160 2600 1358 2631 ἀποδεικτικοῖς
1367 2600 1413 2626 καὶ
1425 2599 1618 2631 διαλεκτικοῖςι
1631 2599 1685 2626 τῶν
1697 2600 1749 2634 γὰρ
1762 2599 1808 2625 ἀν-

1014 2644 1168 2680 τιστρόφως
1182 2644 1307 2680 ἀλλήλοις
1320 2646 1574 2680 κατηγορουμένωνν
1585 2645 1687 2671 τούτων
1699 2644 1806 2680 ἀνάγκη

1020 2689 1133 2724 θατέρου
1151 2689 1283 2721 δοθέντος,
1299 2691 1345 2716 κω¹
1359 2689 1389 2716 τὸ
1403 2690 1496 2724 ἕτερον
1523 2689 1722 2723 συνεπάγεσθαι
1732 2698 1739 2705 ·
1753 2690 1808 2716 τῶν

1019 2735 1048 2761 δὲ
1067 2735 1116 2761 οὐκ
1141 2734 1384 2770 ἀντιστρεφόντων.
1407 2735 1437 2761 οὺ
1466 2734 1544 2768 δῆτα.
1569 2733 1600 2760 Εἰ
1620 2734 1668 2768 μὲν
1694 2733 1741 2760 οὖν
1760 2733 1809 2760 καὶ

1019 2781 1093 2807 πᾶσα
1113 2780 1192 2814 φύσις
1208 2780 1286 2814 ζῶον,
1304 2780 1398 2816 ὥσπερ
1418 2779 1464 2808 οῖν
1488 2781 1535 2806 καὶ
1549 2781 1603 2807 πᾶν
1628 2779 1696 2812 ζῶον
1712 2779 1809 2815 φύσις,
