1963 3077
121 157 181 190 1857

694 157 842 187 CONTRA
861 156 1160 188 MONOPHYSITAS.

1672 157 1738 190 1858

119 217 203 248 καλῶς
224 215 346 249 ἐλέγετε,
363 214 424 241 ἐπεὶ
448 213 518 246 ζῶον
543 215 574 241 τὸ
592 214 729 248 σύνθετον,
750 215 798 242 καὶ
825 215 906 249 φύσιν

959 222 1053 242 eorum
1073 219 1169 242 contra
1182 223 1244 249 qua:
1263 222 1318 242 non
1335 219 1545 247 convertuntur,
1563 215 1671 243 diversa
1693 225 1738 244 ra-

123 261 303 290 ἁποτεὶεϊσθαι
316 269 323 275 ·
339 261 402 287 εἰδὲ
422 261 496 287 ἐστιν
520 260 534 286 6
545 260 618 291 λίθος
635 261 726 295 φύσις,
746 262 776 287 οὐ
791 260 843 296 μὴν
859 260 903 287 διὰ

120 308 174 335 τόδε
185 309 230 334 καὶ
242 306 324 339 ζῶον,
340 307 390 333 οὐκ
404 307 553 340 ἀναγκαῖον
568 305 595 332 εί
610 315 637 332 τι
651 305 721 338 ζῶον
736 305 764 332 ἓν
776 306 845 337 ἐστι,
860 305 903 332 διὰ

120 354 174 380 ¹ιόδε
187 353 278 383 ἁπλῶς
292 352 339 379 καὶ
353 352 434 386 φύσιν
448 352 513 387 μίαν
529 350 598 378 εἶναι
610 360 618 367 ·
637 352 684 378 καὶ
699 351 786 382 ἄλλως
801 351 865 385 γὰρ,
879 351 903 377 εί

121 399 183 426 διότι
197 399 224 425 ἒν
238 399 306 430 ζῶόν
331 400 406 425 ἐστιν
423 399 437 425 ό
451 398 582 433 Χριστὸς,
604 398 650 425 καὶ
667 398 716 433 μία
742 397 821 431 φύσις
834 396 902 428 ἐστὶ,

121 446 164 472 καὶ
173 445 237 471 διότι
251 445 282 471 ἐκ
303 444 348 470 δύο
364 443 472 478 φύσεών
498 446 565 475 ἐστι,
577 444 625 471 καὶ
641 444 686 470 δύο
701 443 759 476 ζῶα
786 443 873 475 ἔσται,
890 443 904 469 ὃ

122 499 183 526 φησι
196 491 342 525 Νεστόριος
357 490 463 517 ἀσεϐῶν
480 490 562 525 μόνος
572 497 579 505 ⁸
592 491 618 516 ει
629 490 656 516 δὲ
680 489 784 523 λέγοιτε
800 489 841 515 ὅτι
858 488 904 514 καὶ

122 540 152 565 ὲκ
165 538 210 565 δύο
220 538 298 570 ζώων
313 537 351 569 ὡς
362 538 416 564 ἀπὸ
431 538 480 572 τῆς
495 537 623 572 θεότητος
640 538 687 564 καὶ
699 537 748 571 τῆς
762 535 904 571 ἀνθρωπό-

114 592 207 618 χτητος,
227 583 280 610 τῶν
296 583 433 618 διαφόρων
451 581 574 618 φυσικῶν
594 582 672 608 εἱδῶν
696 590 788 617 φαμεν
813 581 903 614 αὐτὸν,

125 629 176 665 ἄρα
193 638 222 664 γε
234 630 280 656 καὶ
295 629 324 656 ἓν
340 629 408 661 ζῶον
430 628 488 662 οὖν,
501 629 539 659 ὡς
552 628 640 654 κοινόν
662 636 688 653 τι
706 627 753 653 καὶ
772 627 810 658 ὡς
837 625 905 658 εἶδος

123 675 209 710 ἕτερον
226 675 300 710 παρὰ
321 677 371 712 τὴν
390 675 505 710 θεότητα
529 673 577 700 καὶ
594 673 793 709 ἀνθρωπότητα
812 672 905 706 λέγετε

123 722 199 749 αὐτόν
211 730 218 737 ·
233 721 281 748 καὶ
295 721 353 752 πῶς
365 729 448 756 φησιν
460 718 536 752 οὗτος
548 729 576 746 τε
587 721 601 746 6
615 719 708 754 Πατὴρ
725 720 774 745 καὶ
796 715 821 744 δι
848 718 904 744 λοι-

123 768 176 799 ποὶ,
190 767 219 793 τὸ
234 766 351 801 Χριστὸς
368 766 454 800 ὄνομα
466 764 543 799 μήτε
554 765 663 797 οὐσίας
681 764 753 798 ὅρον
763 762 840 797 μήτε
851 762 906 797 φύ-

124 819 196 844 σεως
209 811 302 845 ὄνομα
313 808 401 841 εἶναι,
416 809 493 844 μήτε
505 809 576 843 ὅρου
587 809 715 843 δύναμιν
729 808 822 841 ἔχειν,
830 807 906 841 μήτε

124 856 198 890 εἶδος
210 857 329 891 φύσεως
344 856 511 890 σημαίνειν,
525 856 541 890 ἡ
557 864 583 881 τι
596 855 714 881 τοιοῦτον
730 863 737 887 ;
750 854 818 886 ζῶον
841 854 905 889 ἄρα,

955 260 993 296 tio
1006 266 1058 288 est.
1073 261 1166 295 itaque
1179 261 1201 287 si
1223 265 1251 288 et
1277 261 1366 288 omnis
1386 266 1485 288 natura
1507 261 1607 288 animal
1628 266 1685 294 est,
1712 266 1740 289 et

953 314 1035 334 omne
1055 306 1156 333 animal
1174 310 1271 334 natura
1290 315 1296 333 :
1316 310 1390 334 recte
1407 307 1441 334 de
1459 306 1571 335 Christo
1591 307 1740 335 ratiocina-

954 353 1032 385 mini,
1056 361 1118 380 cum
1145 353 1180 380 sit
1202 353 1304 380 animal
1326 361 1423 385 unum,
1440 361 1523 380 unam
1547 358 1656 388 quoque
1679 361 1740 381 esse

954 404 1084 434 oportere
1097 398 1184 433 ipsius
1195 402 1333 424 naturam.
1347 398 1394 426 Sin
1406 398 1508 431 minus,
1522 403 1548 425 et
1562 399 1630 433 lapis
1643 402 1741 425 natura

954 445 1064 480 quidem
1076 450 1127 476 est,
1146 452 1201 471 non
1220 444 1285 471 item
1299 444 1334 471 ob
1355 444 1381 471 id
1397 445 1480 471 etiam
1501 444 1622 477 animal;
1638 444 1742 471 idcirco

955 491 978 518 si
995 490 1061 525 quid
1079 490 1180 517 animal
1199 497 1283 516 unum
1300 494 1352 521 est,
1369 497 1423 516 non
1439 490 1503 517 inde
1516 498 1629 517 necesse
1650 489 1742 525 sequi-

956 540 1000 563 tur
1013 536 1039 563 id
1057 537 1146 571 ipsum
1168 535 1253 563 etiam
1269 540 1395 562 naturam
1406 544 1466 563 esse
1478 544 1571 563 unam.
1589 537 1637 564 Vel
1649 536 1740 564 aliter.

956 582 983 610 Si
999 588 1144 618 propterea
1165 582 1229 617 quia
1245 582 1373 610 Christus
1389 587 1431 609 est
1457 591 1541 609 unum
1557 583 1668 615 animal,
1687 590 1742 610 una

955 636 1066 663 quoque
1081 633 1178 655 natura
1195 633 1256 661 est;
1271 628 1366 655 liccbit
1379 628 1443 655 item
1467 628 1638 658 ratiocinari,
1654 635 1742 663 quan-

956 674 1105 708 doquidem
1129 674 1257 701 Christus
1275 674 1348 705 idem
1364 673 1472 700 duabus
1493 674 1601 701 naturis
1625 678 1741 705 constat,

956 719 1011 747 duo
1025 727 1136 755 quoque
1149 725 1231 747 erunt
1244 719 1383 752 animalia,
1409 718 1483 753 quod
1509 719 1585 746 solus
1599 719 1744 746 Nestorius

957 765 1042 800 impie
1056 765 1216 792 deblaterat.
1233 765 1261 792 Si
1279 773 1344 792 vero
1358 765 1450 792 dicitis
1461 764 1600 792 Christum
1616 764 1744 792 eumdem

957 819 972 838 e
992 811 1102 838 duobus
1124 811 1290 838 animalibus
1312 816 1439 838 constare
1457 816 1603 846 propterea
1626 811 1691 846 quia
1711 818 1745 838 ex

958 857 1066 885 duabus
1090 859 1199 885 naturis
1209 850 1313 892 ‘Specie
1333 858 1461 890 diversis,
1484 858 1576 885 divina
1600 858 1746 885 seilicetet

124 902 152 929 τὸ
161 902 196 934 ὡς
207 902 329 936 ὑφεστὼς
340 902 483 936 πρόσωπόν
496 902 570 927 ἐστιν
580 901 619 927 ἓν.
630 900 701 928 Ἀλλ’
714 900 816 927 εἴποιτε
828 900 903 932 ἴσως,

959 904 1078 931 humana
1089 925 1095 937 ,
1107 906 1291 939 compositum
1303 905 1464 938 asscrimus;
1478 905 1604 940 nunquid
1620 910 1647 932 et
1660 913 1745 934 unum

123 949 161 975 ὅτι
171 948 262 984 ὥσπερ
277 948 349 983 ζωῆς
360 948 410 983 τῆς
423 948 509 974 ἀϊδίου
527 948 573 974 καὶ
587 948 635 982 τῆς
653 947 823 982 προσκαίρου
840 954 905 980 μετ-

124 994 187 1030 έχων
214 994 244 1021 ἐν
261 994 331 1027 ζῶόν
355 995 428 1021 ἐστιν
441 993 526 1025 οὓτως
542 993 589 1020 καὶ
608 993 715 1028 φύσεως
737 992 904 1028 προσκαίρου

123 1040 228 1075 καὶτῆς
242 1039 326 1066 ἀϊδίου
346 1039 500 1074 μετασχὼν,
519 1039 568 1074 μία
591 1038 673 1073 φύσις
689 1038 777 1064 ἐστίν·
795 1036 906 1071 εὕδηὶος

123 1083 136 1109 6
157 1083 358 1118 παραλογισμός
368 1092 375 1098 '
390 1084 451 1110 ἀντὶ
467 1083 521 1119 γὰρ
536 1083 583 1110 τοῦ
600 1083 770 1118 μετέχοντος,
796 1083 827 1108 τὸ
842 1089 907 1116 μετ-

122 1129 248 1164 εχόμενον
270 1129 354 1165 ἔφητε
369 1129 399 1156 τὸ
413 1129 538 1165 δεύτερον
550 1138 557 1146 ο
573 1130 597 1156 εί
615 1130 664 1164 μὲν
686 1129 740 1164 γὰρ
751 1129 781 1155 τὸ
795 1129 907 1164 μετέχον

123 1174 252 1210 ἑκατέρας
266 1175 341 1210 ζωῆς
353 1176 410 1211 ζωὴ
420 1174 464 1212 ἦν,
481 1177 528 1203 καὶ
545 1176 574 1203 οὺ
590 1176 669 1209 ζῶον,
685 1176 774 1202 εἴτουν
786 1175 906 1210 μετέχων

123 1220 173 1246 τῶν
187 1221 274 1254 ζώων,
290 1222 436 1257 πρόσωπον
451 1222 542 1253 καλῶς
562 1222 670 1257 εἴρητο·
687 1222 711 1247 εἰ
722 1221 750 1247 δὲ
764 1221 794 1247 τὸ
821 1221 849 1246 ὲν
861 1220 908 1246 δύο

90 1298 93 1302 _
125 1266 201 1298 ζωαῖς
215 1267 416 1302 θεωρούμενον,
443 1268 512 1299 ζῶόν
536 1269 605 1299 ἐστι,
626 1268 673 1293 καὶ
696 1267 726 1293 τὸ
742 1267 789 1293 δύο
809 1267 907 1293 οὐσιῶν

126 1313 294 1348 μετειληφδς,
309 1313 476 1348 οὐσιωμένον
489 1314 547 1340 ἐστι
566 1322 602 1347 τι,
614 1313 644 1339 οὐ
657 1314 736 1348 μὴνή
749 1313 838 1344 οὐσία,
852 1312 907 1338 εῖτ-

124 1366 169 1384 ουν
198 1359 289 1393 φύσις,
313 1359 478 1394 ἁπρόσωπος
493 1367 499 1374 ·
524 1359 550 1386 τί
575 1359 604 1385 δέ
626 1359 724 1385 ἔστιτὸ
740 1358 907 1393 οὖσιωμένον

125 1405 169 1431 καὶ
179 1406 207 1431 τι
220 1405 302 1438 ζῶον,
317 1406 333 1441 ἧ
350 1407 380 1432 τὸ
388 1407 533 1441 πρόσωπον
545 1406 657 1440 κυρίως,
673 1406 703 1431 τό
723 1414 753 1431 τε
768 1405 837 1431 κατὰ
849 1405 908 1431 δια-

125 1450 219 1485 φόρους
245 1452 342 1485 φύσεις
356 1452 402 1477 καὶ
411 1451 482 1482 ζωὰς
496 1450 636 1487 dependis;
652 1450 721 1477 ὥστε
731 1450 799 1482 ζῶον
817 1449 866 1485 μὲν
879 1449 907 1476 ἒν

125 1496 208 1531 ὀρθῶς
225 1506 317 1532 φαμεν
330 1519 336 1531 ,
355 1497 436 1532 φύσιν
455 1497 484 1524 δὲ
502 1498 567 1532 μίαν
579 1497 716 1532 οὐδαμῶς⁷
735 1497 829 1533 ὥσπερ
846 1496 907 1523 οὐδὲ

125 1541 193 1577 ζωὴν
205 1543 252 1569 ὲπὶ
280 1543 328 1569 τοῦ
343 1544 470 1570 συνθέτου
492 1543 638 1579 προσώπου
653 1543 783 1577 Χριστοῦ.

957 949 1059 976 animal
1075 954 1205 984 tanquam
1221 950 1287 985 quid
1303 958 1447 979 commune
1464 951 1577 978 alterius
1589 951 1701 985 speciei.
1717 956 1747 978 et

957 995 1070 1030 quidem
1083 1003 1099 1022 a
1116 995 1208 1023 divina
1223 1002 1250 1024 et
1263 997 1382 1024 humana
1397 997 1522 1029 diversae,
1533 997 1622 1032 ipsum
1631 997 1747 1024 dicetis?

957 1041 1102 1076 Quomodo
1127 1042 1200 1069 idem
1216 1047 1328 1070 sanctus
1344 1043 1435 1075 Pater,
1452 1047 1480 1069 et
1501 1043 1547 1069 alii
1563 1043 1650 1074 aiunt,
1664 1042 1744 1070 Chri-

958 1092 1030 1116 stum
1057 1096 1104 1114 nec
1129 1089 1247 1116 essentia."
1270 1097 1363 1115 nomen
1379 1097 1443 1117 ϐεδε.
1461 1096 1545 1124 neque
1567 1093 1681 1119 ηαιιιναε,
1700 1096 1747 1115 nec

957 1133 1053 1160 habere
1072 1134 1177 1159 termini
1195 1130 1247 1160 irim
1272 1142 1355 1168 neque
1381 1137 1484 1160 natura:
1502 1134 1612 1168 speciem
1628 1133 1746 1168 aliquam

957 1177 1119 1213 signiﬁcare,
1129 1179 1252 1206 velaliud
1264 1179 1438 1214 bujusmodi?
1449 1179 1554 1206 Animal
1566 1179 1649 1214 igitur
1660 1187 1744 1206 unum

958 1229 1019 1256 est,
1037 1229 1133 1260 utpote
1152 1225 1179 1252 in
1194 1233 1248 1252 una
1270 1225 1422 1260 eademque
1440 1233 1556 1260 persona
1578 1225 1741 1252 subsistens.

958 1270 1058 1297 Verum
1077 1270 1174 1297 dicetis
1193 1270 1307 1297 forsan:
1330 1270 1408 1297 Sicut
1431 1270 1494 1297 vitae
1510 1275 1618 1297 aeterna}
1640 1275 1667 1296 et
1684 1270 1746 1296 vita:

959 1315 1118 1350 temporalis
1135 1315 1272 1350 particaps
1296 1323 1381 1342 unum
1394 1320 1436 1342 est
1451 1315 1562 1347 animal,
1582 1315 1619 1342 ita
1639 1320 1746 1342 natum

960 1366 1070 1389 aeterna:
1082 1366 1110 1388 et
1119 1366 1224 1388 natura:
1236 1362 1360 1388 mortalis
1369 1362 1508 1396 particeps
1518 1370 1570 1388 una
1581 1366 1622 1388 est
1635 1365 1744 1388 natura.

958 1407 1061 1435 Obvius
1073 1412 1215 1434 estautcm
1230 1408 1443 1443 paraiogismus,
1456 1407 1593 1442 siquidem
1609 1415 1666 1434 rem
1681 1414 1745 1441 par-

959 1452 1100 1486 ticipatam
1117 1452 1179 1478 loco
1199 1452 1237 1478 rei
1254 1451 1445 1486 participantis
1464 1451 1491 1478 in
1506 1450 1682 1478 conclusione
1699 1457 1747 1484 po-

957 1498 1034 1524 nitis.
1049 1496 1170 1528 Etenim,
1189 1497 1211 1524 si
1226 1497 1298 1531 quod
1313 1497 1457 1532 utriusque
1468 1501 1510 1524 est
1521 1498 1584 1523 vitte
1599 1495 1746 1530 particeps,

957 1543 1014 1569 vita
1031 1547 1114 1574 esset,
1134 1550 1188 1569 non
1205 1550 1271 1569 vero
1287 1543 1398 1575 animal,
1413 1543 1470 1570 sive
1485 1550 1534 1570 ens
1548 1543 1662 1569 duarum
1679 1541 1747 1568 vita-

124 1595 181 1615 rum
212 1589 361 1624 particeps,
385 1589 446 1616 dua:
474 1589 527 1616 illa:
551 1589 614 1616 vita:
634 1597 751 1624 persona
778 1593 853 1616 recte
886 1588 1061 1621 dicerentur;
1085 1585 1111 1615 'si
1134 1595 1199 1614 vero
1229 1589 1303 1623 quod
1321 1589 1349 1615 in
1386 1589 1502 1615 duarum
1534 1589 1652 1622 vitarum
1682 1595 1747 1622 par-

124 1635 284 1670 ticipatione
309 1636 510 1668 consideratur,
537 1636 640 1662 animal
661 1639 715 1668 est,
736 1643 802 1670 ergo
826 1639 855 1662 et
877 1635 951 1670 quod
986 1635 1106 1670 duplicis
1129 1640 1172 1662 est
1202 1635 1366 1662 substantiae
1394 1635 1550 1670 particeps,
1577 1639 1619 1662 est
1641 1633 1746 1668 aliquid

123 1680 344 1714 substantiatum,
368 1689 424 1708 non
447 1686 538 1708 autem
566 1681 720 1708 substantia
732 1673 747 1714 ,’
768 1681 826 1708 sive
859 1685 973 1712 natura,
998 1680 1192 1716 impersonalis.
1224 1679 1295 1713 Quid
1320 1688 1385 1708 vero
1417 1685 1460 1707 est
1489 1680 1589 1707 animal
1612 1680 1668 1706 sive
1698 1687 1748 1706 ens

123 1726 341 1759 substantiatum,
356 1728 407 1755 nisi
418 1728 528 1762 proprie
537 1731 699 1762 persona,et
707 1734 757 1754 ens
770 1726 923 1753 secundum
943 1726 1012 1753 duas
1021 1731 1168 1754 naturasct
1181 1726 1252 1753 vitas
1267 1726 1444 1753 subsistens?
1457 1726 1540 1753 Recte
1555 1725 1637 1760 igitur
1662 1733 1748 1752 unum

124 1773 236 1806 animal,
254 1772 367 1800 minime
385 1780 452 1800 vero
468 1777 595 1799 naturam
609 1780 702 1804 unam,
716 1779 807 1807 neque
820 1779 909 1810 unam,
922 1770 1016 1804 vitam,
1031 1771 1059 1798 in
1075 1772 1227 1806 composita
1243 1771 1345 1798 Christi
1359 1778 1475 1805 persona
1491 1771 1650 1798 asscrimus.

125 1830 289 1864 Κυρίλλου,
305 1829 339 1856 ὲκ
351 1828 404 1862 τῆς
419 1828 494 1862 πρὸς
513 1827 648 1856 Ἀκάκιον
662 1827 828 1862 ἐπιστολῆς
842 1828 906 1862 (15),
921 1823 943 1853 C

161 1884 171 1901 ι
195 1875 320 1910 Ὀρῶμεν
333 1875 373 1901 ὅτι
386 1875 432 1901 δύο
443 1874 538 1909 φύσεις
553 1874 683 1909 συνῆλθον
694 1874 824 1910 ἀλλήλαις
849 1874 911 1900 καθ’

123 1921 218 1949 ινωσιν
241 1922 434 1953 ἁδιασπάπτως
460 1922 621 1956 ὰσυγχύτως
641 1921 690 1948 καὶ
704 1922 868 1956 ἀτρέπτωςο
893 1921 910 1955 ἡ

123 1968 176 2003 γὰρ
188 1968 270 2004 σὰρξ,
286 1968 354 2004 σάρξ
371 1967 489 1994 ἐστικαὶ
521 1968 552 1994 οὺ
573 1968 679 2002 θεότης,
693 1968 717 1993 ει
743 1967 789 1994 καὶ
813 1966 910 2000 γέγονε

123 2013 190 2040 Θεοῦ
206 2013 291 2050 σάρξ*
308 2014 407 2049 ὁμοίιος
415 2014 444 2040 δὲ
459 2015 506 2041 καὶ
516 2016 529 2041 6
544 2015 630 2048 Λόγος
646 2014 713 2044 Θεός
736 2014 793 2040 ἐστι
807 2013 853 2040 καὶ
879 2012 909 2039 οὐ

125 2059 204 2094 σὰρξ,
222 2061 247 2086 ει
261 2060 309 2086 καὶ
318 2059 385 2086 ιδιαν
398 2060 546 2094 ἐποιήσατο
557 2060 605 2095 τὴν
616 2061 705 2095 σάρκα
720 2059 908 2095 οἰκονομικῶς.

125 2104 209 2130 Ὀταν
231 2104 280 2131 οὖν
298 2104 434 2139 ἐννοῶμεν
449 2104 537 2138 τοῦτο,
556 2105 633 2132 οὐδὲν
649 2105 794 2140 ἀδικοῦμεν
810 2105 858 2139 τὴν
871 2105 911 2136 είς

123 2149 238 2184 ἑνότητα
256 2149 420 2184 συνδρομὴν,
436 2150 468 2177 ὲκ
479 2150 526 2177 δύο
543 2150 651 2184 φύσεων
680 2150 842 2185 γεγενῆσθαι
868 2149 912 2176 λέ-

124 2201 218 2226 γοντες
228 2202 235 2210 ο
255 2194 326 2228 μετὰ
346 2194 395 2229 μέν
406 2193 509 2230 τοι’τὴν
526 2194 624 2220 ἕνωσιν
635 2195 665 2220 οὐ
691 2195 847 2229 διαιροῦμεν
861 2194 911 2225 τὰς

125 2238 219 2272 φύσεις
232 2238 282 2266 ἀπ’
297 2239 428 2274 ἀλλήλων,
443 2239 504 2266 οὐδὲ
517 2241 555 2271 εἰς
567 2240 613 2266 δύο
625 2240 761 2275 τέμνομεν
779 2241 854 2271 υῑοῠς
866 2240 911 2266 τὸν
933 2256 937 2257 ν

124 2283 171 2310 ἕνα
185 2285 233 2310 καὶ
248 2284 408 2320 ἀμέριστον,
421 2286 478 2312 ἀλλ’
494 2286 542 2312 ἕνα
558 2286 647 2321 φαμὲν
660 2287 734 2319 Υἱὸν,
751 2287 797 2313 καὶ
823 2287 861 2318 ὡς
887 2287 912 2313 οἱ

125 2329 246 2365 Πατέρες
262 2331 407 2365 εἰρήκασιν
421 2331 484 2366 μίαν
499 2331 579 2366 φύσιν
595 2332 641 2358 τοῦ
657 2333 744 2366 Λόγου
757 2340 912 2366 σεσαρκω-

122 2374 229 2409 μένην.
244 2376 351 2402 Οὐκοῦν
366 2377 426 2403 ὅσον
438 2377 487 2411 μὲν
500 2376 566 2414 ἧκεν
578 2379 617 2409 είς
632 2379 737 2405 ἔννοιαν
751 2379 799 2405 καὶ
812 2379 851 2410 είς
866 2379 912 2413 μόη

93 2459 97 2462 ὐ
124 2429 167 2447 νον
180 2422 210 2448 τὸ
225 2422 294 2457 όρᾷν
309 2423 364 2454 τοῖς
377 2424 425 2458 τῆς
443 2423 533 2459 ψυχῆς
543 2424 648 2460 ὄμμασι
659 2425 719 2451 τίνα
737 2425 836 2460 τρόπον
848 2425 912 2459 ὀμο-

124 2466 204 2501 γενὴς
214 2466 424 2503 ὲνηνθρώπησε,
441 2467 488 2494 δύο
503 2470 553 2500 τὰς
569 2469 665 2503 φύσεις
682 2469 783 2504 φαμέν.
798 2478 808 2495 ι

167 2608 237 2634 Ἀλλ’
252 2609 376 2643 εἴπωμεν
391 2608 439 2635 καὶ
459 2609 526 2644 πρὸς
538 2610 612 2642 τάδε,
624 2611 666 2637 ὅτι
676 2611 756 2646 ἀρκεῖ
781 2611 847 2646 ἡμῖν
862 2610 911 2636 αὐ-

122 2653 167 2686 τὸς
184 2654 283 2680 ἑαυτὸν
294 2654 434 2689 διασαφῶν
445 2662 451 2669 ⁸
471 2656 511 2682 Οὐ
523 2656 577 2689 τὰρ
595 2656 776 2691 διαιροῦμεν,
789 2656 853 2692 ἔφη.
864 2656 912 2682 καὶ

122 2699 178 2732 οὐχ
192 2699 323 2733 ἐνσῦμεν
334 2707 340 2713 ⁸
358 2699 405 2726 καὶ
418 2720 425 2732 ,
441 2700 495 2733 τὰς
508 2702 626 2735 φύσεις,
643 2703 674 2728 σὺ
688 2703 742 2737 μὴν
755 2702 804 2737 τὴν
819 2702 910 2736 φύσιν,

122 2745 159 2776 ὡς
171 2742 247 2772 οὗτοι
261 2745 395 2779 λέγουσιν,
412 2746 482 2773 οὐδὲ
499 2748 679 2782 τεμνόμενον
692 2748 745 2775 τὸν
760 2748 815 2775 ἕνα
832 2747 910 2781 Υὶὸν,

1121 1827 1216 1864 Cyrilli
1228 1837 1259 1855 ea:
1270 1828 1381 1864 cpistola
1401 1829 1436 1855 ad
1452 1828 1588 1856 Acacium.

999 1883 1008 1900 t
1024 1873 1173 1901 Cernimus
1182 1879 1299 1901 naturas
1307 1874 1376 1901 duas
1391 1873 1417 1901 in
1434 1882 1519 1901 unum
1533 1874 1679 1906 coaluisse,
1695 1874 1749 1902 sibi

959 1919 1078 1947 invicem
1097 1925 1174 1947 arcto
1199 1920 1281 1947 modo
1301 1920 1475 1955 coniunctas,
1500 1920 1560 1947 sine
1583 1920 1748 1947 confusione

960 1966 1015 1994 ulla
1029 1971 1057 1994 et
1069 1967 1130 1994 sine
1144 1967 1199 1994 ulla
1206 1967 1358 1994 mutatione
1370 1975 1377 1997 ;
1396 1974 1458 1994 nam
1469 1974 1544 1998 caro,
1554 1974 1618 1994 caro
1630 1972 1682 1998 est,
1693 1975 1749 1994 non

960 2011 1103 2045 divinitas,
1117 2012 1226 2039 etiamsi
1250 2012 1297 2039 Dei
1314 2020 1379 2039 caro
1391 2012 1437 2040 sit.
1456 2011 1577 2040 Verbum
1592 2012 1657 2039 item
1675 2012 1749 2039 Deus

960 2062 1012 2091 est,
1031 2066 1085 2085 non
1106 2065 1182 2091 caro,
1198 2058 1307 2085 etiamsi
1323 2065 1433 2085 carnem
1455 2065 1609 2089 assumens,
1627 2065 1686 2084 eam
1705 2058 1747 2085 sui

960 2103 1102 2138 propriam
1116 2103 1250 2131 elfeeerit.
1274 2103 1351 2136 Quod
1362 2111 1424 2130 cutn
1439 2103 1477 2130 ita
1498 2111 1528 2130 se
1548 2103 1650 2130 habere
1665 2103 1749 2130 fatea-

961 2158 1033 2182 mur,
1050 2149 1175 2185 profecto
1191 2158 1245 2176 non
1257 2157 1391 2182 erramus,
1410 2157 1474 2176 cum
1489 2157 1504 2176 c
1520 2150 1630 2176 naturis
1641 2149 1749 2176 duabus

960 2196 989 2223 in
1013 2195 1123 2223 Christo
1148 2196 1248 2223 factam
1269 2196 1493 2231 coniunctionem
1514 2196 1674 2223 asserimus.
1690 2196 1748 2228 Qua

961 2242 1158 2277 conjunctione
1187 2242 1257 2268 facta
1282 2250 1336 2269 non
1364 2242 1515 2269 dividimus
1537 2249 1553 2268 a
1575 2250 1604 2269 se
1630 2242 1749 2270 invicem

961 2292 1074 2315 naturas
1101 2287 1183 2322 ipsas,
1206 2295 1295 2322 neque
1319 2288 1348 2314 in
1375 2288 1445 2315 ﬁlios
1473 2287 1543 2315 duos
1567 2288 1750 2323 discerpimus

961 2333 1111 2364 Christum,
1127 2334 1174 2368 qui
1194 2341 1265 2361 unus
1285 2338 1328 2361 est
1345 2337 1374 2360 et
1391 2333 1561 2367 individuus;
1588 2335 1635 2361 sed
1663 2343 1748 2362 unum

962 2378 1063 2406 Filium
1090 2387 1151 2406 esse
1177 2380 1305 2412 dicimus,
1323 2383 1361 2412 et,
1387 2384 1417 2406 ut
1431 2380 1509 2407 aiunt
1535 2381 1639 2412 Patres,
1665 2389 1748 2408 unatn

963 2423 1011 2450 Dei
1027 2423 1109 2451 Verbi
1125 2429 1250 2451 naturam
1260 2425 1429 2451 incantatam
1443 2425 1635 2459 prredicamus.
1655 2425 1749 2458 Quanu

963 2473 1021 2496 tum
1046 2477 1113 2504 ergo
1139 2470 1304 2504 cogitatione
1329 2471 1474 2505 complecti
1497 2471 1573 2508 licet,
1593 2475 1622 2497 et
1648 2470 1749 2498 mentis

963 2515 1052 2542 oculis
1068 2516 1247 2550 edntemplari
1263 2525 1315 2552 qua
1330 2518 1435 2544 ratione
1460 2525 1570 2544 carnem
1586 2517 1749 2552 Unigeuitus

957 2560 1117 2594 assumpsit,
1133 2560 1261 2593 dicimus,
1277 2561 1346 2588 duas
1361 2569 1422 2589 esse
1434 2561 1461 2588 in
1473 2560 1584 2588 Christo
1598 2565 1721 2587 naturas.
1735 2570 1744 2586 ι

995 2613 1035 2640 Ad
1053 2613 1111 2640 haec
1127 2613 1246 2640 dicimus
1254 2621 1317 2640 eum
1330 2621 1359 2640 se
1375 2613 1442 2640 satis
1454 2620 1591 2647 superque
1612 2611 1685 2638 clare
1700 2619 1747 2638 ex-

958 2659 1061 2693 plicare
1074 2667 1082 2692 ;
1098 2659 1137 2686 ait
1151 2659 1237 2690 enim,
1252 2667 1303 2685 non
1314 2659 1462 2690 dividimus,
1473 2667 1524 2685 non
1537 2657 1748 2693 copulamus;ct

958 2704 1054 2730 subdit
1072 2708 1195 2736 naturas,
1218 2713 1272 2731 non
1291 2709 1429 2735 naturam,
1448 2709 1478 2730 ut
1495 2704 1523 2730 hi
1543 2703 1638 2730 volunt
1652 2712 1659 2730 ι
1672 2704 1748 2739 adje-

958 2749 1052 2785 citquc
1067 2754 1200 2778 urwtcrca
1214 2759 1298 2786 neque
1317 2751 1454 2777 dividimus
1472 2759 1553 2777 unum
1565 2750 1679 2784 Filium;
1693 2758 1748 2778 non

157 2827 216 2865 (ﬁt)
234 2825 294 2854 lmo
316 2833 382 2854 vero
410 2833 526 2862 Sequens
543 2827 728 2856 testimonium
744 2828 864 2856 sumitur
888 2836 921 2856 ex
941 2829 1055 2864 epistola
1082 2829 1115 2857 ad
1141 2829 1305 2858 Sucensum.
1331 2829 1430 2865 Cyril.,
1455 2829 1499 2857 ed.
1519 2833 1539 2856 t.
1558 2830 1589 2862 ν,
1625 2835 1695 2864 part.
1720 2837 1749 2864 ιι,

121 2873 149 2901 ρ.
164 2862 224 2901 157,
