1963 3077
217 155 283 186 1359

842 149 998 180 LEONTl-l
1022 146 1223 178 BY-ZANTINI

1775 139 1843 171 18Εο

215 212 286 240 dixit
309 219 391 238 unam
418 215 556 238 naturam.
585 207 710 242 Denique
733 207 771 234 ait
797 207 892 232 mentis
914 205 1006 237 oculis,

1075 204 1089 230 ὑ
1108 203 1161 238 μὴν
1173 201 1222 237 τὴν
1239 201 1302 237 μίαν
1315 200 1396 235 φύσιν
1412 200 1474 235 ἔφη.
1493 199 1550 230 τοῖς
1559 198 1587 224 δὲ
1602 197 1655 232 τῆς
1671 197 1774 232 ili-vlic-
1795 199 1846 232 ὗμ-

216 259 318 295 qinbus
334 259 416 285 homo
431 257 523 284 differt
536 263 551 282 a
563 255 654 282 brutis
665 253 841 285 animalibus,
861 260 922 287 qure
939 252 1007 278 solis

216 304 356 341 corporeis
372 304 462 331 oculis
482 302 584 330 vident.
600 303 674 329 Duas
694 307 760 335 ergo
779 307 843 327 vere
857 299 928 338 dixit
943 307 1007 325 san-

215 358 276 381 ctus
290 352 370 379 Pater
384 358 443 378 esse
457 349 591 376 ineat-nati
605 347 686 375 Verbi
707 350 830 374 naturas.
910 334 916 338 ’

403 449 529 486 Ejusdem
539 457 569 475 ca:
589 447 680 474 cadent
700 445 820 481 epistola.

253 510 263 526 ‹
279 498 466 528 Adducamus,
482 495 582 530 inquit,
600 495 627 520 in
643 493 799 527 exemplum
815 491 939 518 omnium
957 498 1008 517 no—

216 551 304 575 strum
323 544 508 578 compositum
534 540 721 569 individuum,
741 545 796 573 quo
812 536 1009 565 constituimur

216 593 362 620 homines:
377 592 486 617 constat
503 587 576 614 enim
598 586 716 621 quisque
734 589 859 611 nostrum
873 583 965 609 anima
982 586 1009 609 et

217 645 347 673 corpore,
376 635 573 668 cernimusquc
589 632 658 659 duas
684 631 711 657 in
727 637 895 664 unoquoque
911 628 1011 655 indivi-

217 685 273 712 duo
287 687 411 713 naturas,
424 680 548 715 corporis
563 686 657 709 unam,
670 677 753 704 animi
769 677 905 707 alteram;
924 682 1009 701 unum

218 737 310 758 tamen
328 737 360 756 ex
386 727 531 761 utriusque
551 723 748 759 conjunctione
773 721 913 748 hominem
935 727 1009 746 com-

218 776 295 811 poni.
309 775 404 808 Neque
417 772 488 799 duos
503 769 631 797 homines
648 766 841 803 iudicandum,
863 768 1010 800 propterea

215 821 284 857 quia
303 829 336 848 ex
353 819 461 846 duabus
490 815 597 844 naturis
619 813 791 857 individuum
818 811 1009 846 componitur;

220 845 284 857 TW
306 845 336 848 -__
358 845 398 846 ,

219 868 267 896 sed
278 874 362 894 unum
373 865 506 892 duntaxat
518 861 660 890 hominem
671 845 831 891 dieehduiii,
843 862 938 892 utpote
951 865 1012 884 cor-

219 921 286 949 pore
303 917 332 939 et
344 911 435 939 anima
449 908 644 944 compositum,
661 910 690 932 ut
705 905 784 932 initio
799 904 930 931 diximus.
954 913 962 929 ι
978 918 1011 922 -—-

218 958 261 985 En
285 965 381 985 rursus
404 960 498 991 aperte
524 953 603 985 dixit,
630 959 716 978 unum
742 950 918 978 individuum
941 949 1011 976 duos

221 1005 349 1032 homines
370 1002 488 1039 iudicari
506 1009 562 1028 non
583 1003 731 1034 oportere;
750 1005 806 1024 non
833 1001 924 1024 autem
942 995 1011 1023 dixit

1055 258 1161 285 μασιν,
1177 246 1217 279 οἷς
1234 248 1282 274 καὶ
1305 247 1430 282 διαφέρει
1452 246 1592 281 ἄνθρωπος
1610 245 1726 279 κτήνους
1756 244 1802 271 τοῦ
1818 246 1846 270 ὲν

1056 298 1113 327 τοῖς
1130 297 1175 323 τοῦ
1192 296 1320 331 σώματος
1333 295 1365 329 όμ
1373 303 1456 331 μασιν
1469 295 1549 329 μόνον
1562 294 1706 329 βλέποντος
1716 302 1723 308 ·
1737 293 1784 320 δύο
1793 293 1847 329 ἄρα

1058 343 1105 370 καί
1120 352 1201 378 φησιν
1215 341 1284 369 εἷναι
1301 343 1314 369 ό
1332 341 1426 377 Πατὴρ
1446 341 1496 372 τὰς
1511 340 1606 375 φύσεις
1629 340 1676 366 τοῦ
1693 340 1780 374 Λόγου
1797 347 1847 366 σε-

1057 389 1264 424 σαρκιιψένου,
1278 388 1401 423 ἀληθῶς.

1149 447 1204 474 Τοῦ
1222 447 1315 473 αὑτοῦ
1332 446 1365 473 ἐκ
1383 444 1438 478 τῆς
1451 444 1547 478 αὐτῆς
1566 443 1742 477 ἐπιστολῆς.

1097 503 1106 518 ι
1126 492 1272 528 Δεξώμεϐα
1288 493 1356 527 πρὸς
1372 491 1547 527 παράδειγμα
1559 490 1607 525 τὴν
1621 489 1681 516 καθ’
1709 490 1783 524 ἡμᾶς
1801 490 1850 516 αὒ-

1058 539 1122 570 τοὺς
1139 539 1273 570 σύνθεσιν,
1287 539 1386 573 καθ’ἥν
1399 538 1483 572 ἐσμεν
1497 537 1635 572 ἄνθρωποι
1647 544 1653 551 ·
1671 535 1851 570 συντιθέμεθα

1059 585 1115 620 γὰρ
1129 585 1166 611 ,ἐκ
1176 584 1266 619 ψυχῆς
1282 584 1329 610 καὶ
1345 583 1481 618 σώματος,
1500 583 1546 608 καὶ
1559 582 1666 616 ὁρῶμεν
1685 581 1731 608 δύο
1744 581 1849 615 φύσεις,

1060 630 1157 664 ἑτέραν
1171 629 1220 664 μὲν
1233 629 1280 655 τοῦ
1297 629 1431 663 σώματος,
1448 628 1545 663 ἑτέραν
1559 628 1587 654 δὲ
1604 628 1653 663 τῆς
1666 627 1754 662 ψυχῆς
1765 635 1772 642 ·
1794 626 1851 653 ἀλλ’

1060 675 1090 707 ἐξ
1105 676 1206 709 ἀμφοῖν
1221 674 1282 701 καθ’
1297 675 1404 707 ἕνωσιν,
1423 674 1582 710 ἀνορωποιν
1600 674 1648 700 καὶ
1675 673 1724 707 οὐχ
1749 673 1790 699 ὅτι
1820 673 1853 698 ἐκ

1060 720 1106 747 δύο
1117 721 1224 755 φύσεων
1238 721 1404 747 συντέθειται
1418 720 1431 745 ό
1444 719 1599 754 ἅνθρωπος,
1624 719 1670 745 δύο
1685 719 1730 745 τὶν
1743 718 1792 744 ἕνα
1807 726 1853 744 νος

1063 767 1183 802 μιστέον,
1200 766 1258 793 ἀλλ’
1273 766 1320 793 ἕνα
1337 766 1381 793 τὸν
1395 766 1475 793 αὑτὸν
1491 765 1561 792 κατὰ
1579 764 1714 795 σύνθεσιν,
1725 764 1762 796 ὡς
1773 763 1852 798 ἔφην,

1060 813 1109 848 τὴν
1125 814 1157 840 ἐκ
1176 813 1301 848 σώματος
1315 812 1472 847 καὶψυχῆς.
1495 821 1504 836 ι
1529 812 1594 838 Ἰδοὺ
1611 811 1692 838 πάλιν
1711 810 1803 845 σαφῶς
1816 809 1854 844 μὴ

1062 859 1108 886 δύο
1124 859 1293 894 ἀνθρώπους,
1308 859 1353 885 τὴν
1366 859 1414 885 ἕνα
1426 858 1549 893 νομίζειν
1566 858 1651 892 λέγει,
1672 857 1732 892 οὐχὶ
1747 857 1784 891 μὴ
1806 855 1854 882 δύο

1066 905 1162 940 φύσεις
1178 906 1226 940 τὴν
1253 906 1316 940 μίαν
1343 905 1424 939 φύσιν
1454 904 1612 937 λογίζεσθαι
1641 903 1710 938 ἔφη·
1740 903 1806 928 ὅπου
1821 910 1854 936 γε.

1064 952 1111 978 τοῦ
1124 951 1267 987 ἀνθρώπου
1282 951 1341 978 οὐδὲ
1353 951 1424 977 κατὰ
1450 950 1538 977 πάντα
1553 949 1657 985 ἐλήφθη
1680 949 1711 975 τὸ
1725 948 1855 984 παράδει-

1064 1006 1133 1032 γμα-

221 1058 348 1080 naturam
366 1057 447 1077 unam
480 1045 632 1074 existimari
651 1053 706 1072 non
736 1042 839 1070 debere
873 1041 958 1075 duas,
994 1042 1218 1077 quandoquidem
1243 1050 1294 1070 nec
1317 1041 1473 1076 exemplum
1496 1040 1531 1067 ab
1552 1039 1663 1066 homine
1680 1039 1856 1073 desumptum

222 1100 250 1126 in
263 1098 392 1126 omnibus
408 1095 535 1131 quadrat.

257 1145 300 1174 At.
310 1143 449 1178 inquiunt,
460 1141 487 1167 in
505 1137 627 1167 secundo
637 1137 669 1164 ad
681 1136 834 1164 Sucensnm
848 1138 1017 1162 commenta-

223 1191 264 1218 rio
270 1190 389 1226 Cyrillus
397 1195 458 1216 cum
472 1187 609 1214 attulisset
617 1183 772 1218 exemplum
782 1181 915 1212 hominis,
926 1179 1017 1206 anima

221 1243 252 1266 ct
264 1243 379 1271 corpore
391 1232 549 1268 compositi,
562 1237 692 1265 expresse
705 1229 753 1260 ait,
769 1237 777 1253 ‹
795 1231 826 1254 nt
836 1235 896 1262 qtnc
911 1226 1017 1261 pridem

222 1283 279 1310 duo
308 1284 400 1312 erant,
426 1286 482 1305 non
506 1276 628 1311 amplius
651 1274 706 1301 duo
734 1273 803 1300 sint.
836 1281 845 1297 ι
863 1287 898 1290 -
915 1271 1017 1299 Verum

223 1335 316 1356 nonne
332 1325 510 1361 perspicuum
524 1327 578 1354 est,
592 1326 620 1348 et
636 1321 689 1348 hoc
704 1319 758 1346 diei
784 1318 830 1346 tali
847 1325 940 1347 sensu.
961 1323 1017 1343 non

223 1382 286 1402 esse
301 1373 430 1400 videlicet
443 1371 512 1398 duos
526 1368 663 1399 homines,
681 1370 818 1400 quatenus
830 1363 863 1390 ad
880 1362 1018 1396 composi-

226 1424 284 1447 tum
300 1419 390 1453 ipsum
409 1414 591 1444 referuntur?
605 1412 680 1440 Idem
702 1410 776 1438 enim
794 1409 876 1444 paulo
893 1407 1021 1442 superius

225 1466 265 1492 ait
283 1473 290 1491 :
309 1474 318 1490 ι
336 1464 408 1491 Duas
425 1463 452 1488 in
465 1461 525 1494 ipso
542 1463 656 1486 naturas
671 1455 855 1490 concipimus,
872 1461 953 1481 unam
968 1452 1021 1479 sci-

225 1512 293 1538 licet
307 1510 417 1541 animae,
433 1508 514 1534 aliam
527 1505 664 1540 corporis,
679 1513 687 1527 I
700 1502 808 1530 etiamsi
819 1501 871 1527 hoc
881 1499 1021 1534 expressis

226 1557 323 1585 verbis
351 1556 410 1590 ipse
436 1554 550 1581 minime
573 1552 656 1578 dicat.
679 1549 780 1577 Snbdit
805 1547 905 1586 enim:
930 1555 939 1571 ι
966 1545 1019 1572 Sed

229 1603 314 1630 unius
327 1602 385 1629 haec
400 1608 461 1627 esse
477 1597 668 1632 intelligimus.
684 1605 693 1621 ι
709 1594 798 1627 Quare
816 1592 894 1619 novit
908 1594 1019 1618 sanctus

227 1649 309 1676 Pater
322 1655 383 1675 esse
394 1647 461 1678 duo,
480 1652 543 1672 eum
562 1643 645 1670 unius
662 1649 694 1668 ea
706 1648 766 1667 esse
783 1639 893 1667 dixerit.
911 1637 978 1664 Nam
996 1636 1018 1663 si

229 1703 251 1722 IS
265 1694 377 1730 penitus
394 1690 626 1728 ignorassetduo,
651 1694 795 1722 nunquam
816 1685 869 1712 hoc
893 1683 1018 1714 dixisset,

227 1742 315 1772 unius,
330 1739 437 1766 scilicet
448 1736 569 1764 hominis
580 1743 651 1763 esse.
663 1734 722 1762 Non
732 1732 852 1767 amplius
864 1738 931 1758 vero
946 1737 1021 1756 man-

228 1790 325 1814 serunt
339 1786 394 1812 duo
407 1805 413 1816 ,
430 1784 483 1810 hoe
508 1786 567 1814 est,
585 1781 703 1809 seorsim
720 1786 807 1806 unum
834 1777 869 1804 ab
888 1777 942 1803 alio
956 1783 1021 1803 vere

228 1842 284 1861 non
303 1831 470 1862 subsistunt,
485 1830 532 1857 sed
548 1827 733 1862 compositum
749 1823 964 1855 unum,seilicct
975 1822 1022 1848 ho-

228 1880 332 1907 minem
348 1877 500 1904 coniiciunt
514 1884 520 1902 :
538 1872 764 1909 quandoquidem
782 1877 866 1898 unum
882 1868 948 1904 quid
961 1875 1022 1895 esse

226 1929 392 1955 cernuntur,
401 1922 661 1957 concipiunturque.
672 1917 816 1951 Quomodo
826 1917 899 1943 enim
910 1922 1022 1949 corpus,

228 1977 258 2000 et
275 1972 393 1998 animant
415 1970 442 1996 in
462 1977 495 1995 eo
519 1966 621 1995 servari
647 1965 700 1992 dici
723 1962 870 1999 poterit,si
892 1961 947 1988 duo
970 1968 1024 1986 non

229 2021 295 2049 sunt
310 2014 449 2050 amplius?
461 2014 624 2047 Quanquam
637 2011 672 2038 de
683 2010 796 2037 Christo
805 2009 924 2043 loquens
937 2005 1025 2032 utitur

231 2061 353 2090 hominis
369 2059 510 2093 exemplo,
527 2057 638 2084 ratione
654 2055 749 2082 habita
763 2061 818 2081 non
844 2056 961 2082 naturae,
976 2049 1024 2077 sed

231 2106 433 2135 subsistentim.
456 2103 574 2131 Disserit
590 2101 668 2129 enim
689 2104 785 2127 contra
799 2095 1025 2129 Nestorium,qui

231 2151 428 2181 subsistentias
442 2150 512 2177 duas
531 2150 559 2176 in
573 2149 633 2183 ipso
652 2146 765 2174 Christo
782 2143 934 2172 astruebat.
960 2142 1026 2169 Ete-

232 2200 289 2227 nim
306 2199 329 2226 si
346 2199 378 2225 de
394 2197 507 2225 Christo
524 2198 665 2229 sumptum
680 2192 780 2222 fuisset
799 2190 919 2217 hominis
933 2195 1026 2215 exem-

1103 1133 1172 1159 ‘A'A‘A'
1190 1135 1218 1160 ὲν
1233 1133 1271 1168 τῷ
1288 1133 1406 1168 δευτέρῳ
1423 1132 1490 1167 πρὸς
1505 1130 1858 1167 Σούκενσονὺπομνηστικῷ

1068 1180 1167 1216 ῥητῶς,
1183 1181 1273 1213 φασὶν,
1285 1181 1299 1206 ό
1311 1180 1404 1213 Πατὴρ
1418 1178 1551 1214 Κύριλλος
1571 1178 1678 1213 εἴρηκε,
1693 1178 1722 1204 τὸ
1735 1177 1783 1204 τοῦ
1808 1178 1856 1204 ἀν-

1067 1226 1177 1261 θρώπου
1193 1225 1295 1256 λαϐὼν,
1305 1225 1336 1251 ἐκ
1351 1224 1441 1258 ψυχῆς
1455 1223 1503 1250 καὶ
1517 1223 1642 1258 σώματος
1662 1222 1748 1255 όντος,
1767 1222 1858 1256 παρὰ-

1066 1272 1176 1306 δειγμα,
1193 1281 1202 1296 ι
1220 1271 1301 1297 ’Ὥστε
1331 1270 1366 1295 τὰ
1386 1269 1431 1295 δύο
1446 1269 1542 1304 μηκέτι
1567 1266 1636 1294 εἶναι
1654 1268 1709 1294 δύο.
1730 1277 1737 1292 ι
1756 1283 1790 1287 -
1803 1267 1858 1293 Καὶ
1875 1284 1879 1288 -

1068 1318 1126 1348 πῶς
1140 1318 1170 1344 οὐ
1188 1317 1277 1350 δὶλλον,
1295 1316 1332 1347 ὡς
1349 1315 1488 1342 καὶτοῦτο
1503 1313 1589 1345 οὕτως
1611 1313 1697 1348 λέγει,
1712 1315 1752 1340 ὅτι
1768 1313 1829 1340 καθ’
1843 1313 1858 1340 ὃ

1068 1364 1193 1397 γέγοναν,
1210 1363 1258 1389 οὐκ
1271 1362 1325 1388 εἰσί
1335 1362 1382 1387 δύο
1395 1362 1478 1396 Ιήγονν
1490 1360 1628 1395 ἄνθρωποι
1642 1368 1649 1392 ;
1668 1360 1722 1386 ἰδοὺ
1735 1360 1789 1394 γὰρ
1808 1359 1859 1386 αὑ-

1068 1410 1114 1440 τὸς
1130 1409 1259 1443 ἀνωτέρω
1273 1408 1357 1443 φησί’
1378 1417 1388 1432 ‹
1412 1407 1463 1433 Δύο
1490 1407 1539 1441 μὲν
1559 1406 1612 1441 γὰρ
1635 1407 1682 1433 καὶ
1707 1406 1749 1432 ἐπ’
1774 1405 1857 1433 αὑτοῦ

1068 1454 1181 1489 νοοῦμεν
1198 1454 1246 1485 τὰς
1261 1453 1366 1487 φύσεις,
1384 1453 1447 1489 μίαν
1465 1453 1514 1487 μὲν
1524 1452 1622 1488 ψυχῆς,
1636 1453 1732 1487 ἑτέραν
1759 1452 1787 1478 δὲ
1811 1452 1858 1479 τοῦ

1071 1500 1196 1535 σώματος
1208 1509 1214 1515 ·
1249 1509 1257 1525 ι
1289 1501 1313 1525 εἰ
1329 1500 1375 1527 καὶ
1403 1499 1439 1534 μὴ
1455 1499 1505 1526 ἀνὰ
1523 1499 1604 1534 μέρος
1631 1498 1727 1533 δῆλον
1747 1499 1793 1524 καὶ
1805 1498 1860 1533 γὰρ

1033 1561 1054 1591 C
1072 1546 1180 1579 ἐπάγει,
1197 1555 1206 1570 ι
1225 1545 1294 1572 Ἀλλ’
1305 1545 1364 1576 ἑνὸς
1373 1542 1442 1571 εἶναι
1454 1544 1579 1578 νοοῦμεν·
1593 1554 1602 1570 ι
1614 1544 1684 1570 ὥστε
1699 1542 1768 1570 οἶδεν
1790 1544 1860 1570 αὐτὰ

1072 1596 1118 1622 δύο
1128 1597 1156 1622 ἐν
1168 1596 1206 1630 τῷ
1221 1594 1290 1621 εἶναι
1306 1594 1375 1621 αὐτὰ
1395 1595 1453 1625 ἑνός
1466 1602 1474 1610 σ
1491 1594 1522 1620 οὐ
1537 1594 1591 1628 γὰρ
1613 1593 1651 1619 ἂν
1676 1593 1738 1626 ἔφη,
1754 1592 1860 1626 μήποτε

1072 1642 1149 1674 εἰδὼς
1176 1642 1225 1677 τὴν
1238 1641 1332 1673 δυάδα,
1356 1641 1395 1673 τὸ,
1412 1639 1480 1667 ἀλλ’
1496 1640 1576 1672 ἑνὸς,
1592 1638 1639 1664 τοῦ
1654 1638 1799 1672 ἀνθρώπου
1823 1638 1862 1669 ὡς
1906 1632 1910 1633 7

1071 1689 1174 1716 ἕκαστα
1188 1688 1293 1723 ἔχοντος
1305 1696 1310 1702 ·
1323 1687 1414 1713 οὐκέτι
1428 1686 1456 1712 δὲ
1473 1686 1564 1720 ἔμεινε
1579 1685 1634 1716 δύο,
1655 1684 1777 1710 τουτέστι
1812 1684 1862 1718 μόο

1072 1743 1116 1761 νον
1129 1735 1175 1760 καὶ
1188 1734 1279 1765 ἁπλῶς
1292 1733 1366 1765 ὂντα,
1382 1733 1449 1759 ἀλλὰ
1469 1732 1515 1758 καὶ
1534 1731 1564 1757 ἓν
1595 1739 1621 1756 τι
1650 1730 1800 1764 ποιήσαντα
1815 1729 1862 1756 τὸν

1073 1779 1215 1815 ἄνθρωπον
1228 1788 1234 1794 ·
1259 1780 1307 1806 καὶ
1328 1779 1357 1805 ἓν
1376 1787 1402 1804 τι
1430 1777 1484 1812 γὰρ
1506 1777 1621 1812 ὁρῶνται
1642 1775 1689 1802 καὶ
1719 1774 1861 1801 νοοῦνται·

1073 1826 1134 1852 ἐπεὶ
1147 1825 1206 1856 πῶς
1220 1826 1244 1851 εἰ
1265 1825 1352 1858 πάντη
1366 1823 1416 1849 οὐκ
1436 1823 1488 1849 εἰσὶ
1500 1823 1556 1853 δύο,
1576 1822 1650 1857 ψυχὴ
1671 1821 1710 1847 ἔτι
1732 1821 1791 1847 ἐστὶ
1815 1822 1863 1847 καὶ

1076 1871 1153 1905 σῶμα
1173 1869 1324 1904 σωζόμενα,
1341 1869 1414 1903 ὅμως
1432 1868 1480 1894 ἐπὶ
1505 1867 1636 1903 Χριστοῦ,
1652 1867 1712 1894 οὐδὲ
1738 1867 1808 1893 κατὰ
1817 1867 1863 1893 τὸν

1074 1917 1124 1950 τῆς
1134 1916 1240 1950 φύσεως
1263 1915 1352 1949 λόγον,
1368 1914 1435 1940 ἀλλὰ
1459 1913 1529 1940 κατὰ
1554 1913 1599 1939 τὸν
1624 1914 1672 1948 τῆς
1687 1913 1863 1943 ὑποστάσεως

1077 1962 1206 1997 εῑληπται
1222 1960 1296 1995 αὐτῷ
1308 1961 1338 1987 τὸ
1358 1961 1536 1996 παράδειγμα
1548 1969 1554 1975 ⁸
1566 1959 1634 1994 προς
1650 1959 1796 1994 Νεστόριον
1816 1957 1863 1984 δύο

1075 2008 1124 2039 τὰς
1137 2008 1300 2038 ὑποστάσεις
1317 2006 1398 2032 αὑτοῦ
1412 2006 1524 2039 λέγοντα
1541 2006 1667 2040 εἴρηται·
1693 2005 1717 2031 εξ
1743 2003 1798 2038 γὰρ
1816 2003 1864 2030 καὶ

1077 2054 1183 2087 φύσεως
1200 2053 1271 2088 λόγῳ
1282 2052 1410 2087 εἴληπται
1425 2051 1455 2077 τὸ
1471 2051 1646 2086 παράδειγμα
1657 2050 1704 2076 τοῦ
1721 2049 1864 2085 ἀνθρώπου

1076 2100 1122 2126 ἐπὶ
1137 2098 1266 2134 Χριστοῦ,
1290 2097 1345 2132 ἄρα.
1370 2098 1417 2123 καὶ
1432 2097 1493 2123 ἐπεὶ
1503 2097 1554 2124 οὐκ
1569 2097 1601 2123 ὲκ
1630 2094 1864 2131 προῡπαρχουσών

1076 2144 1123 2171 δύο
1135 2143 1244 2178 φύσεων
1255 2143 1269 2169 ό
1287 2143 1374 2177 ’Λδὰμ
1388 2142 1479 2177 ψυχῆς
1495 2143 1541 2168 καὶ
1558 2142 1694 2176 σώματος,
1708 2141 1767 2167 οὐδὲ
1781 2142 1794 2166 ό
1806 2140 1864 2166 Κύ-

1081 2199 1136 2226 ριος
1148 2192 1178 2216 ὲκ
1195 2189 1243 2216 δύο
1263 2189 1372 2223 φύσεων
1387 2196 1394 2203 ·
1410 2189 1450 2215 ἔτι
1538 2189 1552 2214 ὁ
1566 2188 1662 2221 Λόγος,
1679 2187 1725 2213 καὶ
1741 2186 1793 2220 πρὸ
1814 2186 1864 2220 τῆς

233 2247 309 2282 plum
337 2245 443 2272 ratione
466 2242 561 2269 habita
577 2241 660 2268 etiam
682 2243 805 2270 naturae;
823 2235 948 2270 nunquid
961 2234 1019 2268 qui:

1079 2236 1195 2272 σαρκός·
1213 2235 1259 2262 τοῦ
1273 2235 1301 2261 δὲ
1324 2234 1469 2270 ἀνθρώπου
1493 2234 1568 2260 οὐδὲν
1598 2233 1681 2268 μέρος
1696 2231 1742 2258 τοῦ
1770 2231 1865 2267 ἑτέρου

233 2293 320 2322 Adam
343 2299 378 2319 ex
393 2290 502 2318 duabus
519 2285 778 2323 praaexsistentibus
796 2281 916 2314 naturis,
929 2281 1028 2308 anima:

230 2344 262 2367 et
276 2337 412 2372 corporis,
431 2343 487 2363 non
509 2333 645 2365 constitit,
661 2331 734 2358 idem
755 2329 839 2356 etiam
861 2328 895 2355 de
910 2326 1028 2354 Domino

233 2382 427 2412 censendum?
452 2381 536 2415 Atqui
570 2378 692 2407 Verbum
720 2374 864 2412 praecessit
888 2381 999 2401 carnem
1019 2380 1026 2405 ;

235 2429 358 2459 hominis
370 2432 466 2455 contra
475 2427 550 2454 nulla
560 2433 624 2461 pars
635 2424 713 2451 aliam
725 2421 900 2457 prtecessisse
914 2419 1027 2446 dicitur.

235 2475 324 2503 Homo
335 2479 466 2509 praeterea
477 2471 563 2499 dividi
576 2478 685 2505 semper
691 2471 781 2503 potest
795 2467 821 2493 in
831 2471 943 2493 naturas
953 2471 1026 2496 snas,

235 2526 264 2549 et
279 2520 418 2548 interdum
433 2519 514 2546 etiam
531 2517 622 2552 reipsa
634 2514 789 2545 dividitur;
809 2511 934 2546 nunquid
955 2510 1028 2537 idem

236 2567 353 2595 audebit
368 2571 395 2593 et
419 2565 454 2593 de
469 2565 580 2591 Christo
603 2562 739 2589 allirmare
759 2558 806 2593 qui
819 2566 873 2593 non
892 2557 927 2584 sit
949 2557 1029 2591 plane

236 2613 399 2649 desipiens?
413 2611 484 2646 Quid
504 2619 570 2646 ergo
590 2617 640 2636 nos
655 2607 755 2642 cogitis
771 2606 906 2640 recipere.
922 2608 950 2630 et
966 2611 1030 2638 pro-

238 2648 307 2688 bare
327 2660 444 2690 dictum,
470 2657 503 2684 ad
530 2654 738 2684 subsistentiam
753 2652 883 2682 relatum,
897 2649 975 2684 quasi
995 2648 1029 2675 de

237 2711 338 2733 natura
353 2707 412 2740 ipsa
430 2710 559 2738 tanquam
573 2699 752 2728 subsistentia
765 2695 976 2731 intelligendum
992 2694 1031 2720 vi-

1077 2282 1267 2317 προῡπάρχειν
1278 2282 1397 2317 εἴρηται.
1413 2281 1473 2307 Ἔτι
1486 2281 1500 2306 ό
1513 2280 1658 2314 ἄνθρωπος
1668 2279 1781 2313 δυνάμει
1796 2278 1866 2305 διαι-

1079 2328 1154 2362 ρετὸς
1183 2328 1222 2359 εἰς
1248 2327 1296 2358 τὰς
1321 2326 1403 2353 αὐτοῦ
1430 2326 1476 2353 δύο
1506 2325 1602 2360 φύσεις
1626 2325 1701 2350 ἐστὶν
1718 2324 1772 2356 ἀεὶ,
1797 2323 1867 2350 ἀλλὰ

1077 2373 1126 2399 καὶ
1136 2373 1261 2408 ἐνεργείᾳ
1283 2373 1348 2398 ποτέ
1359 2380 1366 2387 ·
1382 2370 1435 2407 ἆρα
1461 2371 1508 2397 οὖν
1522 2371 1569 2397 καὶ
1588 2371 1634 2396 ἐπὶ
1649 2369 1768 2405 Χριστοῦ
1794 2370 1866 2396 εἴποι

1077 2427 1117 2450 τις
1130 2419 1193 2445 τάδε
1208 2419 1245 2453 μὴ
1259 2417 1441 2453 παραφρονῶν
1451 2425 1458 2448 ;
1468 2416 1530 2448 Πῶς
1544 2414 1591 2442 οὖν
1603 2415 1633 2442 τὸ
1645 2417 1705 2442 καθ’
1717 2416 1866 2442 ὑπόστασιν

1081 2465 1192 2500 ληφθὲν,
1211 2465 1258 2491 και
1275 2473 1349 2494 ποτε,
1367 2464 1406 2495 εις
1424 2463 1504 2497 φύσιν
1529 2463 1579 2497 τὴν
1593 2462 1631 2494 ὡς
1653 2462 1801 2488 ὑπόστασιν
1819 2463 1867 2488 καὶ

1079 2512 1162 2547 αὐτὴν
1183 2510 1346 2546 λεγομένην,
1367 2510 1407 2540 εἰς
1431 2509 1526 2540 οὐσίας
1545 2508 1720 2543 παράδειγμα
1740 2507 1867 2542 βιάζεσθε

1079 2558 1185 2588 πάντως
1210 2556 1359 2591 λαμϐάνειν
1374 2556 1467 2590 ἡμᾶς;
1493 2555 1600 2589 Δέδειχε
1614 2553 1678 2588 γοῦν
1691 2553 1737 2579 καὶ
1762 2553 1791 2578 ὲν
1811 2554 1869 2584 τοῖς

1078 2602 1307 2637 Ἐπιχειρήμασιν
1319 2601 1365 2627 ἐπὶ
1379 2600 1497 2635 Χριστοῦ
1508 2601 1538 2626 τὸ
1555 2599 1619 2635 μίαν
1636 2599 1725 2632 λέγειν
1741 2597 1831 2633 φύσιν,
1844 2599 1869 2625 εἰ

1080 2649 1127 2675 καὶ
1153 2648 1225 2674 ἔστιν
1239 2648 1325 2674 εἰπεῖν
1341 2648 1384 2673 ἐπ’
1401 2646 1545 2681 ἀνθρώπου
1563 2646 1638 2681 μίαν,
1649 2647 1662 2672 ὁ
1677 2645 1755 2678 λόγος
1771 2644 1869 2671 ἀδύνα-

1080 2702 1136 2720 τον.

238 2751 358 2779 deatur?
370 2750 481 2777 Veritus
498 2755 563 2782 ergo
577 2751 621 2774 est
644 2749 756 2772 sanctus
779 2743 861 2770 Pater
883 2745 910 2768 et
933 2740 961 2766 in
975 2739 1033 2766 suis
1053 2737 1312 2772 Epieherematibus
1328 2744 1411 2765 unam
1425 2736 1460 2764 de
1491 2734 1601 2763 Christo
1627 2734 1777 2769 praedicare
1790 2738 1871 2762 natu-

240 2807 310 2829 ram,
321 2805 382 2825 cum
395 2797 449 2824 hoe
458 2797 490 2823 de
505 2795 617 2822 homine
628 2792 764 2819 allirmare
775 2788 876 2816 liceat?
888 2787 944 2814 Hoc
955 2790 1029 2813 certe
1049 2786 1103 2812 dici
1122 2785 1228 2820 nequit.

276 2845 367 2872 Multis
393 2845 420 2871 in
441 2843 518 2874 locis,
540 2840 642 2876 inquit,
660 2839 755 2866 videre
779 2841 822 2863 est
840 2835 973 2870 Cyrillum
988 2833 1030 2860 or-

240 2889 316 2920 fendi
336 2898 402 2917 voce
421 2889 532 2924 duplicis
549 2895 557 2914 :
573 2889 677 2921 quanto
702 2889 768 2911 vero
789 2880 876 2916 magis
896 2880 922 2907 ei
939 2879 1035 2914 displi-

1128 2833 1171 2859 Ἐν
1189 2832 1306 2864 πολλοῖς,
1340 2831 1432 2865 φασιν,
1462 2829 1626 2865 εὑρίσκομεν
1647 2828 1873 2863 ἀπαρεσκόμενον

1088 2878 1132 2905 τὸν
1145 2878 1254 2913 Πατέρα
1281 2876 1422 2912 mpura»,
1437 2876 1484 2903 καὶ
1500 2876 1531 2910 τῇ
1550 2875 1603 2902 τοῦ
1614 2873 1724 2902 διπλοῦ
1739 2874 1874 2911 ὀνομασίᾳ.
