1963 3077
143 145 206 179 1861

729 147 877 178 CONTRA
897 147 1196 180 MONOPHYSITAS.

1678 164 1680 166 ·
1701 153 1770 186 1852

141 204 185 230 ιπὶ
199 203 246 230 τοῦ
260 203 374 238 Κυρῖου,
391 204 466 240 πόσῳ
481 212 512 238 γε
526 202 627 238 μᾶλλον
642 204 674 239 τῇ
688 203 747 230 τῶν
761 204 816 231 δύο
832 205 907 240 φωνῇ
921 213 923 230 :

979 213 1042 233 cere
1057 214 1152 234 vocem
1173 207 1286 234 duorum
1299 207 1500 243 judicandum?
1514 223 1547 228 -—
1562 208 1690 244 Nunquid
1705 218 1771 246 ergo

141 264 175 271 -—
191 251 262 285 Ἀρα
277 247 323 276 οὖν
337 250 456 281 ἐναντίος
470 249 614 285 Γρηγορίῳ
631 248 670 284 τῷ
692 249 822 281 πολλάκις
847 258 931 276 κατα-

141 295 306 331 κεχρημένῳ
320 295 385 331 τῇδέ
397 297 481 323 ἐστιν.
499 295 653 329 Ἀπεστάλη
666 295 730 329 γὰρ,
756 296 848 330 φησὶν,
874 295 930 321 ἀλλ’

141 342 178 373 ὡς
190 342 347 377 ἅνθρωπος·
359 342 470 373 διπλοῦς
497 341 551 375 γὰρ
571 338 619 377 ἦνῖ
638 350 647 366 ι
664 341 729 372 Καὶ,
747 350 755 365 ι
773 340 867 376 Πατὴρ
896 340 927 366 οὐ

139 387 186 414 τοῦ
197 388 347 423 ὁρωμένου,
357 388 403 414 τοῦ
416 389 561 422 νοουμένου
571 388 610 414 δέ·
623 388 669 414 καὶ
680 388 733 422 γὰρ
745 385 777 422 ἦν
785 386 904 418 διπλοῦς.
917 396 926 412 ι

140 435 192 461 Καὶ
207 434 317 461 ᾶλλοιδὲ
329 435 450 461 πλεῖστοι
465 434 519 461 τῶν
540 434 669 469 Πατέρων
683 433 717 459 τὰ
729 433 809 468 ὅμοιά
824 442 906 467 φασιν
918 441 926 448 ·

137 478 154 515 ἦ
171 480 259 515 δῆλον,
276 481 316 506 ὅτι
332 480 379 514 μὲν
396 480 507 511 διπλοῦς
526 480 596 506 κατὰ
612 480 661 511 τὰς
676 479 772 513 φύσεις
785 477 837 513 ἦν,
859 478 924 514 ἔφη.

138 525 199 552 Ὅτι
213 525 241 551 δὲ
257 526 287 552 οὐ
310 525 420 558 διπλοῦς
439 526 556 560 Χριστὸς
572 525 589 560 ἦ
610 525 674 556 Υἱὸς
697 525 786 560 ὀρθῶς
804 524 925 558 λέγεται,

137 570 271 605 Κύριλλος
284 571 298 597 ό
322 572 417 605 Πατήρ
433 579 515 606 φησι·
530 570 608 597 τοῦτο
627 571 682 606 γὰρ
701 570 847 605 Νεστόριος
865 571 927 596 ὲπι-

137 617 210 642 νοεῖ·
228 617 252 643 εἰ
266 616 362 652 γὰρτὸ
389 617 459 643 κατὰ
483 616 563 651 φύσιν
589 615 700 642 διπλοῦν
722 616 771 642 οὐκ
792 615 925 650 ἐγκρίνει,

137 660 194 692 πῶς
208 662 255 687 καὶ
269 662 350 693 aeto;
361 661 412 696 ἔφη
429 661 457 687 ὲν
470 661 508 696 τῷ
521 661 591 687 κατὰ
607 661 756 700 Ματθιιῖον,
774 670 783 686 ι
805 660 836 686 '0
864 668 929 686 στα-

135 706 188 742 τὴρ
212 708 225 734 ὀ
244 707 370 741 ἀληθινὸς
403 708 450 734 καὶ
463 709 559 743 νοητὸς
573 707 619 734 καὶ
639 707 677 739 ὡς
694 708 722 733 ὲν
748 707 825 742 τύπῳ
844 706 882 741 τῷ
898 706 926 739 ἐξ

136 751 202 787 ὕλης
216 753 369 788 νοούμενος.
387 748 464 784 οὗτός
476 755 548 779 ἐστιν
570 754 583 779 ό
596 752 698 788 Κύριος
720 752 800 788 ἡμῶν
821 751 926 786 Ἰησοῦς

135 798 262 833 Χριστὸς,
278 798 291 824 ὁ
304 798 414 830 διπλοῦς
425 799 585 833 χαρακτήρ;
604 808 613 823 ι

980 250 1098 286 Cyrillus
1114 251 1279 280 adversatur
1308 253 1359 281 hac
1376 261 1406 280 re
1421 253 1565 289 Gregorio,
1580 255 1627 289 qui
1646 263 1713 283 voce
1729 257 1771 284 .lla

979 297 1081 331 passim
1110 298 1217 325 utitur?
1238 307 1248 324 ι
1276 299 1374 326 Missus
1392 299 1466 326 enim
1491 300 1560 333 fuit,
1590 300 1697 335 inquit,
1722 302 1770 329 sed

978 347 1114 376 quatenus
1143 344 1242 376 homo;
1261 349 1320 371 erat
1346 345 1421 372 enim
1452 345 1563 381 duplex.
1593 355 1602 371 ι
1621 347 1654 374 Et
1675 348 1739 374 alibi
1761 356 1768 374 :

982 395 991 411 ι
1007 386 1095 418 Pater,
1112 387 1160 418 ait,
1179 395 1232 413 non
1249 388 1310 422 ejus
1330 389 1404 423 quod
1421 391 1510 417 oculis
1529 391 1705 423 cernebatur,
1721 392 1768 419 sed

977 432 1054 458 illius
1067 432 1141 467 quod
1164 437 1255 460 mente
1275 435 1490 469 percipiebatur.
1511 445 1520 461 ι
1546 437 1621 463 ldem
1651 437 1770 465 allii-ma-

981 481 1046 504 runt
1059 483 1085 504 et
1103 478 1148 505 alii
1170 480 1257 506 sancti
1269 480 1365 507 Patres
1378 480 1448 508 bene
1461 482 1551 509 multi.
1566 483 1666 510 Verum
1681 483 1770 510 enim-

980 530 1047 550 vero
1069 523 1208 558 duplicem
1232 532 1295 551 eum
1313 525 1398 552 fuisse
1419 531 1530 554 sanctus
1552 527 1633 554 Pater
1657 528 1767 560 asserit,

980 568 1052 602 quod
1068 569 1101 595 ad
1115 574 1227 597 naturas
1241 570 1349 603 attinet,
1373 571 1399 598 id
1417 571 1491 606 quod
1507 572 1652 599 manifeste
1669 573 1767 608 liquet.

979 613 1058 646 Quod
1076 618 1167 641 autem
1182 616 1324 642 contendit
1347 616 1474 652 Cyrillus,
1497 622 1549 649 est,
1565 617 1619 644 dici
1642 618 1769 645 videlicet

977 667 1032 686 non
1057 668 1138 695 posse
1163 661 1314 694 Christum,
1343 662 1442 689 Filium
1459 671 1519 690 esse
1540 664 1692 698 duplicem;
1716 663 1770 690 hoc

976 706 1050 732 enim
1068 711 1193 734 autumat
1204 707 1357 736 Nestorius.
1373 709 1441 736 Nam
1457 709 1479 736 si
1494 709 1605 742 duplicis
1620 716 1716 736 vocem
1733 709 1770 736 de

976 757 1073 778 natura
1092 753 1266 787 prmdicatam
1287 755 1315 782 is.
1335 755 1448 782 omnino
1473 755 1649 790 rejiciendam
1671 759 1767 790 putat,

974 799 1112 832 quomodo
1123 804 1152 826 et
1166 800 1223 835 ipse
1242 800 1315 828 Com.
1335 801 1362 828 in
1384 801 1547 833 Illatthtrum,
1571 801 1630 828 ait:
1650 810 1658 826 ι
1678 801 1768 828 Stater

134 851 227 877 verus,
252 849 279 871 et
303 844 493 879 intelligibilis,
511 850 539 872 et
558 844 760 880 quodammodo
783 844 812 871 in
834 845 920 880 lignea
940 844 1027 872 forma
1044 851 1203 882 conceptus,
1216 848 1261 875 hic
1271 853 1313 876 est
1325 849 1457 876 Dominus
1485 854 1577 876 ηοδιθι·
1587 849 1667 876 Jesus
1690 847 1770 875 ChrL

133 893 194 918 stus
204 890 304 926 duplex
318 891 416 918 forma.
436 901 445 917 ι

133 959 287 993 Κυρίλλου
301 960 335 986 ἐκ
349 960 407 987 τῶν
420 961 495 995 πρὸς
505 961 559 994 τὰς
571 961 697 995 ἀπορίας
711 961 922 994 ὐπαντήσεων,
941 959 946 986 ξ

173 1025 182 1042 ε
206 1017 249 1043 Ἐν
267 1017 379 1053 ἰδιότητι
401 1019 434 1053 τῇ
454 1019 524 1045 κατὰ
544 1018 626 1052 φύσιν
644 1019 778 1054 ἐκατέρου
797 1019 925 1054 μένοντος

131 1071 162 1089 τε
182 1063 231 1090 καὶ
246 1064 404 1098 νοουμένου,
427 1064 498 1090 κατά
513 1073 544 1097 γε
562 1064 606 1090 τὸν
623 1065 724 1100 ἀρτίως
746 1066 812 1100 ἡμῖν
826 1066 925 1092 ἀποδο-

132 1108 214 1135 Οέντα
235 1108 326 1142 λόγον,
342 1104 469 1145 ἀρρἠως
492 1111 539 1136 καὶ
560 1110 707 1145 ἀφράστως
727 1110 838 1142 ἑνωθεὶς
860 1112 924 1146 μιαν

132 1155 199 1190 ἡμῖν
218 1154 318 1187 ἔδειξεν
344 1155 409 1182 Υῐοῦ
432 1155 523 1189 φύσιν,
539 1156 608 1192 πλὴν
635 1158 868 1192 σεσαρκωμένην·
893 1159 923 1184 οὐ

131 1200 187 1234 γὰρ
210 1200 257 1226 ἐπὶ
283 1199 372 1234 μόνων
400 1199 454 1226 τῶν
480 1201 575 1227 ἁπλῶν
592 1201 660 1227 κατὰ
686 1201 734 1236 τὴν
749 1201 830 1234 φύσιν
845 1202 876 1227 τὸ
895 1201 924 1228 ἓν

132 1243 241 1279 ἀληθῶς
263 1243 383 1277 λέγεται.
399 1253 409 1270 ι
436 1245 512 1276 Ἰδοὺ,
543 1245 621 1279 φασὶ,
651 1245 698 1272 τοῦ
719 1246 794 1277 Υῐοῦ,
819 1247 848 1278 ὃς
866 1247 925 1274 ἐστι

131 1289 263 1324 Χριστὸς,
290 1289 353 1323 μίαν
371 1289 452 1324 φύσιν
479 1290 543 1326 ἔφη.
561 1305 594 1311 -
617 1290 697 1318 Ἀλλὰ
714 1292 760 1317 καὶ
777 1291 807 1317 τὸ
824 1291 925 1326 ἐπαγό-

133 1343 216 1370 μενον
239 1335 418 1370 συνάψαντες,
443 1336 665 1372 διακρινέτωσαν,
681 1338 704 1363 sl.
728 1337 816 1372 ὀρθῶς
829 1337 923 1364 συλλο-

132 1380 270 1414 γίζονται·
287 1382 311 1407 εἰ
329 1381 384 1416 γὰρ
406 1381 437 1408 τὺ
462 1382 510 1408 τοῦ
529 1382 595 1409 Υιοῦ
620 1382 706 1417 ὄνομα
732 1384 780 1409 καὶ
806 1384 858 1417 πρδ
876 1385 924 1419 τῆς

133 1426 303 1461 σαρκώσεως
320 1428 488 1462 τεταγμένον
513 1428 573 1454 ἀντὶ
599 1428 645 1455 τοῦ
665 1428 784 1464 Χριστοῦ
803 1429 922 1464 εἴρηται,

129 1471 231 1498 οὑτωσὶ
247 1472 445 1507 φρασθήσεται,
468 1474 532 1508 μίαν
551 1474 617 1509 ἡμῖν
632 1473 716 1506 ἔδειξε
737 1474 856 1509 Χριστοῦ
872 1474 924 1509 φύ-

133 1524 188 1549 σιν,
207 1518 275 1551 πλὴν
300 1519 525 1554 σεσαρχωμένην·
539 1519 619 1545 τοῦτο
645 1519 673 1545 δὲ
697 1519 713 1555 ἢ
738 1520 776 1551 ὡς
801 1520 923 1554 ἀσάρκου

133 1562 252 1597 Χριστοῦ
269 1564 420 1599 δυναμένου
448 1564 595 1600 ληφθῆναι,
620 1564 716 1600 ὥσπερ
733 1565 920 1601 ᾀνεπινόητοψ

133 1607 149 1642 ἢ
166 1607 203 1639 ὡς
220 1609 267 1634 καὶ
283 1610 352 1648 πρᾲς
372 1610 435 1645 τῇδε
450 1612 481 1645 τῇ
499 1612 549 1645 μιᾷ
566 1610 648 1637 αὑτοῦ
665 1611 755 1644 φύσει,
773 1611 820 1638 καὶ
835 1611 925 1646 σάρκα.

131 1654 352 1689 ὲπενδυσαμένου
376 1656 505 1690 Χριστοῦ·
519 1656 595 1682 ἔσται
613 1654 659 1682 οὗν
683 1657 715 1683 ὲκ
730 1657 812 1691 λόγου
825 1666 855 1684 τε
876 1659 923 1684 καὶ

133 1702 233 1736 σαρκὸς
250 1703 296 1729 καὶ
307 1703 404 1738 ἐτέρας
421 1702 529 1736 φύσεως
545 1703 646 1738 σαρκὸς
659 1704 696 1730 ὣν
710 1705 723 1730 ὁ
739 1704 867 1738 Χριστός·
881 1705 928 1731 καὶ

129 1747 162 1773 οὐ
182 1748 260 1782 μόνον
277 1749 324 1775 δύο
346 1749 440 1783 φύσεις
457 1749 562 1781 ἁπλῶς,
583 1749 643 1776 ἀλλ’
659 1751 691 1777 ἐκ
719 1752 785 1785 μιᾶς
807 1751 857 1785 μὲν
876 1751 926 1787 τῆς

130 1792 207 1824 θείας
219 1793 317 1829 ἁπλῆς,
336 1796 367 1821 ἐκ
385 1794 431 1821 δύο
443 1795 471 1821 δὲ
487 1795 632 1828 συνθέτων,
646 1796 731 1830 ἦγουν
744 1796 797 1822 τῶν
814 1796 922 1831 ἀνορω-

129 1839 219 1866 πίνων
233 1840 384 1875 νοούμενος,
401 1842 433 1867 ἐκ
444 1841 528 1876 τριῶν
542 1850 572 1868 τε
587 1842 694 1874 φύσεων
709 1842 854 1877 λεγόμενος
866 1843 922 1869 λοι-

129 1884 191 1910 πόν·
207 1885 282 1911 οὐδὲν
293 1885 321 1911 δὲ
336 1883 417 1921 ἦττον
431 1887 478 1913 καὶ
496 1885 543 1912 δύο
556 1889 650 1920 φύσεις
666 1888 697 1913 ἐκ
716 1888 780 1922 μιᾶς
794 1888 842 1922 τῆς
858 1887 922 1914 καθ’

126 1930 202 1965 ὑμᾶς
211 1931 330 1965 Χριστοῦ
345 1932 462 1966 φύσεως,
472 1933 518 1959 καὶ
529 1934 578 1968 τῆς
593 1933 802 1968 ὲπεισαχϐείσης
810 1933 922 1968 Χριστῷ

127 1976 201 2009 μετὰ
219 1976 268 2010 τὴν
280 1976 410 2010 δευτέραν
426 1978 566 2013 σάρκωσιν
582 1979 664 2005 αὐτοῦ
681 1980 782 2014 σαρκὸς
801 1979 919 2013 φύσεως.

1100 960 1194 996 Cyrilli
1207 969 1238 987 ex
1251 961 1462 995 responsionibus
1480 961 1515 988 ad
1528 960 1639 995 objecta.

1014 1025 1023 1041 ι
1043 1016 1072 1043 1η
1089 1017 1258 1051 proprietate
1273 1025 1329 1044 sua:
1344 1022 1447 1044 natum
1466 1021 1583 1051 utroque
1597 1021 1723 1044 manente
1737 1021 1766 1044 ct

975 1060 1124 1093 intellecto,
1135 1061 1271 1094 Christus,
1286 1066 1315 1089 ut
1324 1062 1379 1096 jam
1391 1062 1519 1094 diximus,
1534 1069 1635 1089 arcano
1646 1063 1765 1096 quodam

973 1111 1001 1134 et
1017 1107 1148 1134 ineffabili
1169 1108 1250 1134 modo
1267 1108 1440 1143 conjunctus,
1467 1116 1548 1135 unam
1573 1100 1653 1136 nobis
1671 1109 1763 1136 visen-

974 1153 1037 1180 dam
1064 1153 1182 1188 praebuit
1207 1159 1345 1185 naturam,
1371 1162 1469 1188 nempe
1491 1161 1573 1182 carne
1603 1155 1763 1189 praeditam;

974 1206 1030 1225 non
1048 1199 1122 1225 enim
1138 1199 1172 1225 de
1191 1199 1257 1226 solis
1272 1199 1423 1226 secundum
1443 1203 1569 1226 naturam
1592 1200 1764 1234 simplicibus

975 1252 1060 1270 unum
1085 1249 1160 1271 recte
1180 1244 1353 1279 praedicatur.
1372 1253 1380 1269 ι
1405 1245 1456 1276 Εη,
1471 1245 1607 1278 inquiunt,
1630 1245 1702 1277 Filii,
1716 1245 1765 1280 qui

974 1289 1102 1317 Christus
1128 1294 1180 1322 est,
1200 1297 1281 1316 unam
1303 1289 1421 1325 Cyrillus
1445 1291 1561 1317 asseruit
1575 1295 1713 1319 naturam.
1729 1306 1767 1312 —-

974 1335 1076 1363 Verum
1096 1336 1242 1363 adnectant
1260 1337 1279 1363 ii
1302 1341 1329 1363 et
1352 1336 1570 1371 praecedentibus
1594 1337 1766 1372 subsequens

973 1381 1100 1413 verbum,
1112 1381 1134 1408 si
1149 1386 1223 1408 recte
1237 1381 1394 1416 perspicere
1420 1382 1524 1414 volunt,
1539 1387 1629 1408 utrum
1645 1382 1714 1409 liene
1730 1391 1765 1410 an

974 1427 1045 1454 male
1059 1435 1088 1454 se
1100 1427 1200 1454 habeat
1213 1427 1334 1461 ipsorum
1348 1427 1532 1454 ratiocinium.
1549 1428 1655 1455 Etenim
1668 1429 1689 1455 si
1704 1428 1765 1455 Filii

974 1480 1075 1500 nomen
1092 1477 1155 1499 ante
1175 1480 1286 1499 carnem
1308 1477 1474 1508 assumptam
1488 1473 1522 1500 de
1539 1473 1649 1501 Christo
1665 1474 1767 1508 praedi-

974 1523 1066 1546 catum
1086 1518 1266 1553 intelligatur,
1289 1526 1387 1545 sensus
1413 1519 1466 1563 erit
1492 1527 1574 1546 unam
1596 1528 1659 1547 eum
1685 1520 1767 1548 nobis

974 1563 1128 1590 ostendisse
1142 1563 1245 1590 Christi
1260 1568 1397 1596 naturam,
1411 1571 1493 1591 carne
1510 1564 1662 1598 przeditam.
1675 1565 1703 1592 Id
1715 1573 1766 1593 au-

974 1612 1028 1636 tem
1041 1609 1127 1643 accipi
1144 1614 1234 1644 potest
1255 1609 1412 1644 dupliciter,
1433 1610 1476 1637 vel
1494 1610 1567 1644 quod
1586 1615 1665 1638 antea
1687 1611 1768 1639 Chri-

976 1660 1036 1683 stus
1053 1656 1136 1682 fuerit
1150 1656 1241 1683 carnis
1256 1663 1365 1690 expers,
1381 1657 1453 1690 quod
1467 1657 1582 1690 intelligi
1598 1657 1674 1684 nullo
1686 1663 1766 1692 pacto

974 1704 1076 1736 potest,
1098 1701 1142 1727 vel
1163 1705 1262 1735 praeter
1279 1708 1355 1727 suam
1369 1701 1457 1735 ipsius
1482 1705 1606 1728 naturam
1629 1702 1713 1729 fuerit
1737 1707 1766 1730 et

974 1746 1077 1774 Christi
1090 1753 1172 1773 carne
1189 1746 1323 1780 prwditus
1337 1755 1343 1772 :
1357 1747 1465 1781 eritque
1478 1751 1624 1781 propterea
1636 1746 1764 1775 Christus

972 1793 1147 1826 compositus
1170 1799 1204 1819 ex
1226 1792 1322 1824 verbo,
1345 1799 1437 1823 carne,
1460 1796 1488 1818 et
1509 1793 1589 1819 tertia
1602 1792 1654 1819 alia
1674 1793 1764 1821 carnis

971 1843 1070 1866 natura
1082 1846 1113 1865 ac
1123 1838 1223 1873 specie.
1239 1837 1409 1872 Proindeque
1425 1846 1479 1865 non
1495 1842 1577 1865 erunt
1593 1839 1619 1865 in
1632 1840 1691 1873 ipso
1703 1840 1763 1867 dua:

971 1885 1036 1912 solae
1062 1890 1178 1916 naturas,
1203 1884 1250 1911 sed
1268 1889 1340 1916 tres;
1360 1892 1415 1911 una
1426 1884 1542 1918 simplex
1565 1893 1597 1912 ac
1615 1885 1719 1918 divina,
1735 1891 1764 1913 et

971 1931 1032 1958 duie
1047 1931 1216 1965 compositae,
1232 1931 1334 1957 scilicet
1353 1930 1489 1963 humanae,
1507 1931 1670 1966 dieeturque
1685 1932 1764 1959 Chri-

971 1982 1030 2005 stus
1044 1978 1088 2004 his
1098 1977 1190 2004 trihus
1206 1981 1343 2004 constare.
1358 1977 1422 2003 Duae
1433 1977 1614 2005 nihilominus
1622 1986 1654 2005 ex
1670 1983 1762 2006 vestra

124 2022 265 2048 sententia
277 2027 341 2049 sunt
356 2023 382 2050 in
400 2024 459 2058 ipso
472 2030 592 2052 naturae:
606 2033 659 2053 una
691 2026 828 2058 videlicet,
845 2031 876 2054 ut
903 2033 952 2054 vos
972 2025 1081 2057 dicitis,
1103 2024 1206 2051 Christi
1232 2023 1361 2058 propria,
1387 2024 1473 2051 altera
1505 2025 1596 2052 carnis
1623 2025 1762 2059 humanas,

124 2075 211 2102 quam
236 2069 356 2096 secunda
377 2070 437 2097 vice
452 2071 616 2098 assumendo
633 2072 686 2098 sibi
713 2071 842 2100 Christus
862 2073 919 2108 ipse
938 2070 1087 2107 copulavit.

168 2123 255 2150 Ἀλλὰ
277 2123 303 2150 τί
324 2124 360 2159 μὴ
379 2125 482 2151 τούτων
507 2127 638 2161 ἀφέμενοι
666 2128 720 2154 τῶν
743 2128 922 2163 παραὸλωπι-

125 2167 254 2204 σμάτων,
269 2169 390 2204 ὗμμασιν
413 2171 504 2206 ὀρθοῖς
518 2172 564 2198 τὸν
588 2173 688 2200 σκοπὸν
707 2174 753 2200 τὺν
778 2174 921 2209 εἰρημένον

124 2217 309 2250 acuta-msice;
327 2216 367 2243 ὅτι
383 2217 437 2253 γὰρ
454 2218 577 2253 νεότητος
595 2219 714 2254 φυσικῆς
728 2219 776 2246 νῦν
793 2230 859 2256 φησι
872 2221 921 2257 τὴν

125 2260 214 2294 αὐτὴν
230 2260 296 2295 μίαν
313 2261 394 2295 φύσιν
413 2262 504 2297 μένειν
523 2263 562 2298 τῷ
580 2264 646 2299 Υἱῷ,
663 2265 714 2291 κᾶν
736 2266 921 2301 προσελάϐετο

125 2305 214 2340 ἄλλην
230 2306 323 2340 φύσιν,
342 2307 397 2333 ἰδοὺ
422 2308 502 2340 αὐτὸς
516 2311 613 2344 τρανοῖ
625 2310 723 2344 λέγων·
741 2312 782 2338 Οὐ
798 2313 854 2346 γὰρ
870 2312 920 2338 ἐπὶ

123 2353 230 2386 μόνων
243 2352 303 2378 τῶν
320 2352 426 2380 ἁπλῶν
438 2354 514 2380 κατὰ
533 2354 590 2387 τὴν
604 2356 709 2389 φύσιν,
728 2357 793 2383 υἱῶν
807 2357 919 2393 δηλαδὴ,

125 2396 155 2422 τὺ
167 2396 204 2423 ἐν
219 2396 339 2431 ἀληθῶς
353 2398 482 2433 λέγεται,
501 2400 573 2434 ’Δρα
587 2398 632 2427 οὖν
643 2401 721 2427 τοῦτο
732 2401 803 2437 ὑμᾶς
820 2402 921 2437 μᾶλλον

125 2441 229 2475 διδάξει
241 2444 282 2469 ὅτι
296 2444 345 2479 οὔχ
360 2445 463 2476 ἁπλοῦς
478 2446 547 2472 κατὰ
562 2446 612 2482 τὴν
629 2447 710 2481 φύσιν
725 2448 738 2474 ὁ
752 2449 815 2483 περὶ
830 2446 860 2475 οὗ
874 2449 921 2476 τά-

125 2487 151 2513 δε
170 2488 256 2522 φησὶν
271 2488 336 2519 Tib;
352 2487 401 2522 εἷς,
419 2490 488 2517 ἀλλὰ
508 2491 619 2522 διπλοῦς
631 2500 637 2521 ς
651 2492 708 2519 ἔστι
722 2493 775 2528 γὰρ
789 2494 860 2520 κατὰ
874 2494 920 2520 τὸν

127 2533 250 2568 Πατέρα,
268 2534 282 2559 ὃ
301 2535 430 2567 πολλάκις
454 2538 500 2563 καὶ
519 2538 600 2573 ἡμεῖς
614 2539 677 2572 ὑμῖν
694 2539 856 2575 εὑηχοῦμεν,
872 2541 919 2567 καὶ

125 2579 261 2606 πλειόνων
280 2581 367 2606 οὐσῶν
391 2581 445 2607 τῶν
462 2582 583 2615 φύσεων,
601 2583 629 2609 ἒν
651 2582 721 2610 εἶναι
744 2586 774 2611 τό
791 2595 820 2612 τε
836 2587 920 2622 πρόσ-

125 2633 213 2655 ωπον,
229 2627 276 2652 καὶ
293 2626 340 2652 ἕνα
357 2627 402 2653 τὸν
418 2628 499 2655 αὑτὸν
513 2629 576 2655 Υἱδν
588 2630 677 2664 φύσει·
695 2631 741 2657 καὶ
758 2632 788 2657 οὐ
803 2633 852 2666 τὴν
870 2633 919 2666 μὲν

125 2671 181 2697 τῶν
200 2672 320 2704 φύσεων,
339 2672 402 2698 Υἰὸν
419 2673 507 2708 φύσει·
521 2675 570 2709 τὴν
589 2676 626 2709 δὲ,
652 2676 713 2702 Υἱὺν
729 2677 820 2712 χάριτι
832 2676 917 2704 εἶναι’

126 2715 198 2742 ὥστε
213 2718 307 2750 σαςῶς
328 2718 363 2745 τὰ
380 2720 503 2755 ἡμέτερα
522 2721 618 2754 λέγων,
640 2723 655 2758 ἢ
670 2723 705 2748 τὰ
717 2724 848 2758 ὑμέτερα.
864 2724 918 2751 δεί-

125 2770 225 2789 κνυται
241 2765 293 2790 κάν
307 2764 412 2796 τούτοις
425 2768 437 2792 ὁ
451 2767 620 2799 διδάσκαλος·
636 2769 702 2795 ὅπου
719 2778 760 2803 γε,
776 2771 799 2796 si
814 2771 859 2796 καὶ
870 2770 916 2797 οὖ-

125 2817 180 2840 τως
195 2808 280 2844 εἶχεν,
294 2811 332 2842 ὡς
345 2811 482 2846 βούλεσθε,
496 2814 585 2841 πάντα
597 2815 629 2841 ἂν
639 2816 674 2842 τὰ
685 2818 713 2842 ἐν
725 2817 828 2850 ἑτέροις
839 2818 916 2852 εἰρη-

127 2855 198 2888 μένα
214 2855 252 2891 τῷ
267 2857 355 2892 Harp).
368 2858 406 2890 ὡς
423 2861 486 2895 περὶ
500 2860 546 2887 δύο
562 2861 670 2896 φύσεων
683 2863 811 2898 Χριστοῦ,
828 2864 915 2891 τοῖσδε

1008 2128 1062 2156 Sed
1075 2136 1125 2156 cur
1138 2128 1260 2163 deposita
1283 2128 1404 2156 caecitate
1418 2133 1521 2161 vestra,
1550 2129 1661 2157 Patrum
1680 2137 1760 2157 men—

973 2180 1026 2203 tem
1053 2176 1135 2203 rectis
1162 2175 1249 2203 oculis
1273 2175 1454 2210 contemplari
1480 2184 1535 2203 non
1558 2176 1659 2203 vultis?
1683 2176 1759 2209 Quod

970 2222 1043 2249 enim
1061 2221 1182 2249 Verbum
1199 2226 1295 2248 natura
1311 2222 1410 2249 Filium
1423 2230 1534 2250 manere
1555 2228 1666 2250 sanctus
1681 2225 1761 2252 Pater

970 2268 1023 2295 hoc
1039 2268 1100 2295 loco
1116 2267 1259 2302 intelligat,
1276 2268 1385 2295 etiamsi
1398 2273 1524 2296 naturam
1545 2269 1625 2296 aliam
1640 2269 1760 2297 Verbum

936 2326 957 2353 ο
972 2312 1045 2340 idem
1063 2312 1252 2347 assumpsvrit,
1277 2313 1334 2347 ipse
1352 2314 1425 2340 clare
1438 2321 1467 2340 sc
1492 2314 1619 2348 explicat,
1633 2314 1698 2341 dum
1710 2315 1761 2347 ait,

973 2366 1024 2385 non
1037 2359 1106 2385 enim
1122 2358 1152 2384 de
1177 2357 1240 2384 solis
1263 2357 1435 2393 simplicibus,
1462 2358 1612 2386 secundum
1634 2366 1761 2387 naturain

970 2404 1085 2435 scilicet,
1100 2412 1182 2430 unum
1194 2412 1254 2430 vere
1263 2404 1369 2431 dicitur.
1383 2404 1512 2439 Nunquid
1524 2406 1616 2440 potius
1639 2414 1671 2433 ex
1682 2406 1762 2434 hisce

970 2450 1104 2485 colligetis
1132 2450 1231 2477 Filium
1257 2450 1292 2478 de
1308 2459 1362 2485 quo
1378 2451 1436 2478 haec
1460 2452 1599 2484 dicuntur,
1617 2461 1672 2480 non
1699 2461 1762 2481 esse

968 2501 1066 2523 natura
1093 2496 1259 2530 simplicem.
1282 2497 1327 2523 sed
1344 2496 1498 2530 duplicem?
1516 2497 1585 2524 lllud
1606 2498 1678 2524 enim
1695 2506 1760 2525 san~

969 2547 1029 2570 ctus
1038 2543 1118 2569 Pater
1134 2541 1353 2576 intelligit(quod
1366 2547 1394 2569 et
1407 2550 1457 2569 nos
1472 2551 1543 2578 sa‘pe
1566 2544 1643 2571 vobis
1659 2545 1756 2579 prmdi‘

968 2589 1073 2623 camus)
1087 2596 1168 2615 unam
1184 2596 1243 2615 esse
1259 2589 1351 2615 multis
1367 2590 1473 2616 naturis
1498 2590 1640 2624 pra‘ditam
1666 2599 1763 2625 perso‘

967 2643 1045 2666 nam;
1062 2638 1089 2661 et
1104 2642 1188 2661 unum
1200 2632 1383 2669 eamdemque
1399 2640 1493 2662 natura
1506 2635 1617 2667 Filium,
1635 2644 1687 2663 non
1706 2645 1760 2664 au-

968 2684 1021 2707 tem
1040 2688 1121 2707 unam
1136 2680 1354 2714 ipsiusnaturam
1370 2689 1430 2708 esse
1445 2686 1543 2708 natura
1554 2681 1662 2709 Filium.
1677 2683 1760 2713 aliam

967 2735 1027 2754 esse
1041 2726 1140 2753 Filium
1157 2735 1206 2761 per
1218 2727 1375 2762 adoptionis
1389 2728 1512 2762 gratiam.
1522 2723 1759 2764 Quandoquidem

971 2774 992 2800 si
1007 2773 1043 2800 ita
1063 2781 1091 2800 se
1106 2781 1150 2800 res
1168 2773 1293 2802 liahcrct.
1309 2778 1339 2801 ut
1352 2774 1444 2803 vultis.
1461 2775 1554 2801 omnia
1567 2775 1654 2802 sancti
1672 2776 1762 2805 Patris

970 2819 1079 2846 oracula
1094 2818 1128 2846 de
1142 2818 1250 2845 duabus
1262 2818 1364 2846 Christi
1381 2821 1488 2847 naturis
1507 2828 1567 2855 quae
1581 2821 1645 2847 alibi
1660 2829 1745 2848 occur

971 2869 1046 2898 runt,
1070 2873 1133 2892 cum
1160 2865 1219 2892 istis
1243 2864 1329 2900 ipsius
1354 2866 1435 2894 dictis
1459 2861 1552 2902 aperte
1576 2872 1728 2902 pugnarent
1749 2876 1760 2896 :
