1963 3077
196 144 264 179 1863

824 141 982 172 LEONTII
1002 141 1207 171 BYZANTINI

1762 141 1826 174 1365

193 203 267 236 quod
292 199 395 228 nemini
423 207 544 234 unquam
574 198 688 225 numine
713 196 808 224 divino
837 197 990 224 atilatorum

1047 197 1098 227 τοῖς
1116 195 1199 223 αὑτοῦ
1222 197 1255 223 ἂν
1281 196 1436 232 διεμάχετο
1452 198 1520 232 ὅπερ
1536 197 1626 229 οὐδεὶς
1647 197 1677 224 ὲν
1693 198 1830 234 πνεύματι

194 244 306 272 Patrum
324 244 458 272 accidisse
473 242 606 270 credibile
621 246 673 270 est.

472 306 563 341 Magni
574 306 726 333 Athanasii.

233 374 241 390 ε
253 363 553 397 Contitemuretipsum
562 370 623 390 esse
634 362 681 389 Dei
694 362 804 394 Filium,
815 362 989 397 atqueDeum

194 411 347 438 secundum
373 410 512 445 spiritum,
527 414 555 437 et
578 410 678 437 Filium
703 410 823 437 hominis
837 409 988 438 secundutn

193 464 315 486 carnem.
344 464 399 484 non
429 461 521 484 autem
546 456 615 484 duas
631 461 745 483 naturas
772 464 857 483 unum
875 456 988 488 Filium,

196 510 278 529 unam
310 503 490 535 adorandam,
505 503 585 530 aliam
610 510 666 530 non
690 503 776 536 item;
793 503 840 530 sed
866 510 948 529 unam
961 503 987 529 in

194 547 254 583 ipso
270 549 319 576 Dei
331 549 420 576 Verbo
439 553 566 576 naturam
582 552 763 581 incarnatam,
782 554 864 583 atque
876 556 931 576 uno
943 556 989 576 e0-

193 595 312 629 demque
329 595 405 622 cultu
422 603 476 622 una
487 603 549 622 cum
563 595 620 630 ipsa
636 603 718 623 carne
734 595 964 630 prosequendam.
976 605 985 619 ι

193 640 245 672 Εη,
274 641 414 675 inquiunt,
441 646 672 680 aperte’sanetus
691 642 772 668 Pater
797 641 866 668 duas
883 641 916 668 de
934 649 988 668 uno

193 685 263 711 Filio
289 690 403 712 naturas
426 686 615 720 praedicandas
632 690 722 721 negat.
741 701 775 707 -—
791 687 892 714 Verum
913 686 988 714 ltaud

193 729 344 763 inﬁciatur,
360 731 466 762 miseri,
480 731 548 758 duas
558 731 585 758 in
601 732 710 759 Christo
726 737 850 764 naturas,
863 732 910 759 sed
925 732 987 764 hoc,

195 783 277 802 unam
293 776 400 804 scilicet
427 777 454 803 in
477 777 537 812 ipso
551 782 680 804 naturam
706 777 884 810 adorandum,
905 777 986 804 aliam

194 830 249 849 non
271 822 352 856 item;
369 831 459 858 neque
484 828 630 858 propterea
654 824 758 856 subdit,
774 833 826 852 uno
847 825 988 859 cadentque

1041 239 1110 267 Θεοῦ
1119 240 1222 273 λαλῶν,
1243 240 1339 268 παθεῖν
1355 242 1549 270 ὑποπτεύεται.

1232 305 1287 332 Τοῦ
1299 305 1435 340 μεγάλου
1456 306 1642 336 Ἀθανασίου.

1078 370 1088 386 ι
1114 360 1316 399 Ὁμολογοῦμεν
1337 361 1384 387 καὶ
1412 360 1482 398 εἶναι
1504 363 1584 389 αὑτὸν
1610 363 1673 391 Υἱὺν
1695 365 1742 392 τοῦ
1763 366 1830 393 Θεοῦ

1040 406 1087 433 καὶ
1100 407 1166 432 Θεὸν
1181 407 1253 432 κατὰ
1266 406 1389 441 Πνεῦμα,
1407 408 1471 434 Υξὸν
1486 409 1630 443 ἀνθρώπου
1646 411 1717 437 κατὰ
1730 403 1829 446 σάρκα.-

1040 452 1102 479 οὐδὲ
1115 452 1161 478 δύο
1178 452 1274 487 φύσεις
1287 453 1333 478 τὸν
1350 453 1397 480 ἕνα
1415 454 1489 487 Υἱὺν,
1502 456 1566 490 μίαν
1578 458 1770 492 προσκυνητὴν
1784 457 1831 485 καὶ

1043 499 1108 533 μίαν
1126 499 1346 533 ἁπροσκύνητον,
1363 500 1430 527 ἀλλὰ
1447 501 1511 535 μίαν
1530 503 1611 536 φύσιν
1636 503 1683 530 τοῦ
1698 504 1764 531 Θεοῦ
1778 505 1831 531 A6-

1040 553 1089 578 γου
1105 547 1341 580 σεσαρκωμένην
1363 548 1410 573 καὶ
1430 549 1672 584 προσκυνουμένην
1696 551 1764 585 μετὰ
1781 550 1832 585 τῆς

1041 590 1141 625 σαρκὸς
1159 591 1242 617 αὐτοῦ
1258 592 1307 626 μιᾷ
1331 593 1528 627 προσκυνήσει.
1549 603 1558 619 ι
1583 595 1665 627 Ἰδοὺ,
1682 596 1760 629 φασὶ,
1781 596 1832 631 τὴν

1039 637 1123 663 δυάδα
1140 637 1233 671 σαφῶς
1256 639 1365 672 ἀναιρεῖ
1379 638 1432 665 τῶν
1446 640 1554 673 φύσεων
1570 641 1584 667 ὁ
1605 641 1700 676 Πατὴρ
1717 642 1762 668 ἐπὶ
1783 641 1830 668 τοῦ

1039 683 1099 714 ἑνὸς
1109 683 1186 710 Υίοῦ.
1201 699 1236 703 -
1252 684 1322 710 Ἀλλ’
1333 685 1363 711 οὐ
1378 686 1428 717 τὰς
1445 685 1491 712 δύο
1503 686 1609 720 φύσεις,
1628 684 1650 713 ὧ
1661 685 1744 720 οὗτοι,
1759 689 1832 714 ἀνεῖ-

1039 728 1094 760 λεν,
1116 729 1183 755 ἀλλὰ
1197 730 1226 755 τὸ
1241 730 1276 766 μὴ
1293 731 1410 767 θατέραν
1427 732 1475 766 μὲν
1493 731 1564 759 εἶναι
1578 734 1631 759 τῶν
1655 734 1701 761 δύο
1723 734 1831 769 φύσεων

1040 775 1232 810 προσκυνητὴν
1247 777 1275 802 ὲν
1290 777 1327 811 τῷ
1345 777 1412 812 Υίῷ,
1431 778 1548 813 θατέραν
1571 780 1600 806 δὲ
1624 780 1831 815 ἀπροσκύνητον

1039 820 1069 846 ἐν
1082 821 1166 856 αὐτῷ·
1182 821 1225 848 διὰ
1238 823 1292 858 γάρ
1307 833 1347 850 τοι
1362 824 1421 851 τόδε
1434 826 1482 852 καὶ
1497 827 1647 861 ἐπήγαγεν,
1657 827 1697 853 ὅτι
1719 826 1831 861 Ἐνμιᾷ

193 870 266 896 cultu
284 871 361 896 unius
374 869 442 901 Filii,
463 878 517 897 non
528 875 643 901 natum,
670 871 889 905 prosequendum.
908 871 988 898 Acci-

1047 867 1088 893 tai.
1105 867 1184 902 αὐτῇ
1194 870 1404 912 ,προσκυνήσεέ
1419 871 1472 898 τοῦ
1485 871 1554 903 ἑνὸς
1572 871 1651 903 Υῐοῦ,
1665 873 1694 898 οὺ
1712 872 1829 907 φύσεως,

195 915 237 943 dit
254 916 328 942 ettim
345 923 394 951 per
412 916 640 943 universaliorem
662 917 739 951 quasi
755 916 901 951 quamdam
918 917 988 943 inte—

193 971 268 997 gram
289 970 447 997 personattt,
468 966 499 989 ut
521 962 607 997 ipsius
625 967 726 996 partes,
749 962 791 989 ha:
813 962 919 989 scilicet
939 969 988 988 na-

195 1011 263 1035 tura:
280 1008 360 1034 simul
384 1008 552 1039 adorentur;
581 1006 683 1041 quippe
704 1015 766 1034 cum
783 1007 810 1034 in
821 1007 918 1034 eodem
939 1007 987 1042 qui

193 1054 305 1086 colitur,
322 1053 392 1080 Filio
411 1054 539 1080 similiter
553 1053 640 1080 ambm
652 1053 859 1080 contineantur.
874 1053 927 1080 Vos
940 1061 988 1079 au-

194 1102 249 1125 tem
259 1099 396 1126 malitiose
406 1099 487 1126 verba
497 1098 555 1126 haec
567 1107 650 1125 unum
660 1097 756 1124 Filium
767 1098 989 1132 interpunctione

194 1145 343 1179 completa,
359 1152 424 1176 non,
445 1148 474 1171 ut
491 1151 551 1175 nos,
568 1144 687 1178 simplici
708 1147 841 1170 commate
867 1143 986 1175 notatis;

194 1195 277 1225 atque
295 1191 331 1217 ita
349 1198 461 1217 sensum
478 1190 614 1222 vitiando,
633 1190 725 1224 priora
743 1190 826 1216 verba
842 1190 925 1226 menti
940 1197 988 1217 ve-

194 1241 257 1264 stra:
281 1238 393 1271 aptatis,
420 1237 525 1271 reliqua
547 1236 582 1263 ita
608 1235 748 1270 profertis,
769 1239 799 1262 ut
822 1235 919 1270 integri
936 1235 989 1262 loci

195 1283 282 1310 menti
306 1283 420 1310 minime
445 1282 640 1317 respondeant.
664 1281 743 1308 Nunc
764 1281 907 1308 videamus
923 1289 988 1308 num

195 1336 225 1355 re
239 1337 303 1356 νει-ο
330 1328 498 1355 Athanasius
521 1336 552 1355 ea
576 1327 733 1362 protulerit.
753 1327 840 1354 Nemo
855 1327 928 1354 enim
946 1326 988 1353 vir

195 1378 310 1401 sanctus
325 1373 399 1400 circa
414 1373 511 1400 cadetn
525 1373 637 1399 sibimet
651 1372 709 1406 ipse
720 1371 910 1399 contradicere
924 1379 990 1398 cott-

197 1419 300 1446 suevit.
314 1418 393 1451 Quod
411 1423 503 1445 autem
520 1426 550 1445 ea
567 1417 892 1452 protuleritApollinaris
903 1417 988 1444 menti

197 1469 298 1492 vestrae
313 1465 430 1491 maxime
450 1472 582 1496 consona,
603 1468 738 1491 testantur
763 1463 790 1490 id
810 1464 837 1490 in
855 1463 989 1491 ecclesia-

199 1512 268 1539 stica
281 1510 401 1538 Historia
421 1519 483 1538 cum
499 1511 661 1538 Timotheus
678 1511 787 1545 quidam
803 1510 889 1545 ipsius
903 1511 989 1538 disci-

1041 913 1127 947 λέγων
1140 921 1146 927 “
1176 914 1213 946 ὡς
1231 914 1286 950 γὰρ
1305 914 1353 942 διὰ
1368 916 1588 952 καθολικωτέρου
1607 917 1679 949 τινὸς
1698 917 1744 943 τοῦ
1769 918 1831 944 ὅλου

1042 959 1199 994 προσώπου,
1213 961 1270 996 ἅμα
1281 962 1492 997 προσκυνεῖσθαι
1503 963 1538 989 τὰ
1554 964 1624 999 μέρη
1640 963 1733 996 αὑτοῦ,
1747 964 1832 999 ἤγουν

1041 1004 1123 1035 τάσδε
1138 1005 1188 1037 τὰς
1198 1005 1306 1040 φύσεις,
1320 1007 1476 1042 συμϐαίνει,
1490 1007 1526 1039 ὡς
1539 1009 1775 1043 εμπ-περιεχομένας
1792 1009 1831 1044 τῷ

1042 1052 1275 1087 προσκυνουμένῳ
1290 1052 1347 1088 Υἰῷ
1361 1053 1461 1088 ὁμοίως
1487 1054 1579 1089 ἄμφω·
1605 1055 1684 1090 ὑμεῖς
1706 1055 1734 1082 δὲ
1753 1064 1832 1090 coep

1043 1097 1143 1128 στιχῶς
1161 1097 1253 1133 τελείᾳ
1278 1097 1424 1132 στίζοντες,
1452 1100 1499 1127 καὶ
1525 1101 1573 1135 οὺχ
1593 1101 1749 1138 ὑποστιγμῇ
1771 1102 1832 1128 καθ’

1041 1142 1115 1176 ἡμᾶς
1133 1143 1186 1169 τὸν
1207 1143 1263 1170 ἕνα
1289 1145 1367 1177 Υιὸν,
1383 1146 1416 1172 τὰ
1434 1146 1530 1181 πρῶτα
1547 1147 1595 1181 μὲν
1617 1147 1671 1173 τῶν
1688 1148 1832 1183 ρησειδίων

1043 1188 1114 1214 κατὰ
1130 1189 1230 1215 σκοπὸν
1249 1191 1356 1222 ἑαυτοῖς
1382 1191 1562 1223 ἀποτίλαντες
1587 1193 1731 1228 διορίζετε,
1756 1194 1789 1220 τὰ
1803 1194 1832 1221 δὲ

1042 1233 1106 1267 ἑξῆς
1122 1234 1296 1270 ἀσυνάρτητα
1313 1236 1497 1270 παρέλκοντες
1509 1258 1516 1269 ,
1535 1238 1564 1264 ὲν
1589 1238 1628 1273 τῷ
1645 1239 1761 1273 νοήματι
1785 1239 1831 1265 τοῦ

1042 1279 1103 1305 ὃλου
1118 1281 1230 1315 χωρίου,
1243 1281 1425 1316 διελέγχεσοε.
1439 1282 1532 1314 Οὕτως
1550 1283 1599 1318 μὲν
1615 1281 1661 1310 οὖν
1675 1283 1798 1315 νοείσθω,
1808 1285 1832 1310 εἰ

1042 1325 1126 1356 ὅντως
1150 1325 1303 1360 Ἀθανασίῳ
1326 1327 1442 1361 εἴρηταιι
1465 1328 1494 1354 οὐ
1511 1328 1565 1363 γὰρ
1591 1328 1682 1364 ἑαυτῷ
1709 1329 1772 1366 περὶ
1798 1329 1832 1356 τὰ

1043 1371 1114 1398 αὑτά
1136 1379 1178 1403 τις
1194 1371 1323 1406 θεοφόρος
1343 1372 1492 1404 στασιάζει.
1516 1373 1578 1399 Ὅτι
1599 1373 1627 1399 δὲ
1653 1373 1832 1408 Ἀπολιναρίῳ

1043 1417 1151 1453 εἴρηται
1175 1418 1239 1444 τάδε
1261 1419 1332 1444 κατὰ
1348 1418 1396 1453 τὴν
1415 1419 1552 1455 ὑμετέραν
1569 1419 1683 1453 ἔννοιαν,
1699 1420 1832 1455 Τιμόθεός

1042 1472 1085 1496 τις
1109 1463 1204 1490 τούτου
1227 1464 1350 1499 μαθητὴς
1368 1466 1396 1491 ὲν
1416 1467 1448 1500 τῇ
1474 1466 1714 1500 ἐκχλησιαστικῇ
1737 1467 1831 1493 Ἰστο-

1040 1510 1091 1544 plu
1107 1510 1191 1544 λέγει,
1206 1511 1252 1536 καὶ
1268 1511 1400 1546 Πολέμων
1411 1512 1424 1538 ὁ
1436 1511 1642 1547 συνουσιαστής,
1655 1508 1685 1538 οὗ
1699 1511 1832 1547 Κύριλλος

198 1557 289 1592 palus,
305 1561 362 1583 tum
381 1557 510 1583 Polemon
524 1556 585 1590 ejus
593 1555 747 1587 familiaris,
762 1555 841 1590 cujus
856 1556 990 1582 memine-

1047 1556 1167 1592 ὁΠατὴρ
1190 1557 1236 1584 καὶ
1253 1557 1373 1593 Σεϐἧρος
1399 1559 1413 1584 ὁ
1438 1558 1610 1593 Πατραλοίας
1634 1559 1832 1594 μνημονεύουσι

199 1606 264 1629 runt
278 1607 389 1629 sanctus
406 1602 486 1629 Pater
503 1601 621 1637 Cyrillus
637 1601 704 1637 (15),
722 1605 749 1628 et
764 1601 885 1628 Severus
898 1601 992 1628 Patra-

199 1648 259 1675 laatn
276 1647 423 1682 cpiscopus
440 1655 446 1673 :
466 1647 512 1681 qui
533 1647 661 1674 Polemon
676 1647 735 1674 [nec
747 1646 841 1674 habet.

242 1701 251 1717 ι
278 1692 414 1719 Eumdem
436 1692 455 1720 ii
471 1691 613 1719 Christum
637 1697 666 1719 et
693 1692 780 1719 Deum
805 1696 833 1718 et
852 1691 993 1719 hominem

198 1745 259 1764 esse
291 1737 404 1769 dicunt,
428 1744 479 1763 nec
506 1744 555 1763 eos
579 1736 665 1771 pudet
687 1744 771 1763 uuam
793 1744 917 1763 asserere
945 1736 994 1763 Dei

200 1782 284 1809 Verbi
298 1787 425 1809 naturam
436 1782 619 1822 inearnatam,
629 1782 706 1817 quasi
714 1782 903 1816 compositam.
916 1781 993 1814 Quod

205 1830 228 1856 si
245 1829 317 1856 idern
332 1828 472 1862 perfectus
486 1828 560 1855 Deus
576 1833 627 1860 est,
644 1828 783 1862 perfectus
796 1827 992 1860 homo;fatea—

203 1881 265 1900 mur
281 1877 391 1908 oportet
404 1873 472 1900 duas
486 1880 546 1900 esse
564 1873 592 1900 in
606 1873 665 1907 ipso
677 1877 800 1904 naturas,
813 1872 993 1906 quemadmo-

202 1921 267 1948 dum
276 1927 364 1955 nupcr
371 1920 518 1947 commenti
530 1925 594 1947 sunt
606 1919 792 1955 Cappadoces,
805 1925 832 1947 et
846 1920 993 1953 Diodorus,

201 1972 230 1994 et
240 1966 407 1993 Athanasius
425 1970 453 1993 et
469 1970 630 2001 arrogantes
643 1966 728 1993 Italiae
741 1966 873 2001 praesules
885 1974 992 1995 omnes.

200 2015 290 2048 Atque
309 2015 345 2041 ita
361 2002 449 2041 nostri
472 2014 578 2049 lingunt
593 2021 622 2041 se
644 2021 705 2041 cum
724 2019 819 2041 sancto
840 2014 993 2049 Apollinari

202 2060 323 2091 sentire,
349 2068 377 2087 re
401 2060 460 2095 ipsa
480 2065 570 2087 tamen
592 2067 655 2086 cum
671 2059 794 2094 Gregorii
811 2059 994 2087 sectatoribus

202 2106 271 2134 duas
283 2105 317 2133 de
329 2106 439 2133 Christo
451 2110 566 2133 naturas
576 2105 736 2140 praedicant.
759 2114 768 2130 )
780 2105 814 2131 Et
829 2105 908 2140 paulo
922 2109 996 2137 post:

207 2161 216 2177 ι
233 2152 304 2185 Quid
317 2159 346 2179 se
363 2152 419 2179 divi
438 2151 606 2186 Apollinaris
621 2151 772 2185 discipulos
784 2151 906 2186 tingunt?
921 2151 996 2178 Hanc

204 2197 277 2224 enim
294 2197 459 2224 sententiam
483 2197 540 2231 ipse
566 2196 641 2222 solus
669 2195 794 2229 protulit,
815 2199 846 2222 ut
864 2195 933 2222 duas
946 2203 995 2222 na-

203 2247 280 2270 turas
297 2247 452 2275 everteret;
466 2242 568 2277 quippe
580 2242 627 2275 qui
648 2240 790 2268 manifeste
804 2241 938 2275 scriptum
953 2248 995 2268 re-

203 2289 296 2324 liquit,
316 2293 343 2316 et
356 2296 416 2316 esse
428 2288 569 2315 Christum
582 2287 682 2314 Filium
696 2287 744 2314 Dei
768 2287 920 2314 secundum
940 2287 995 2321 spi-

205 2336 302 2366 ritum,
324 2341 352 2362 et
365 2334 464 2361 Filium
481 2334 602 2360 hominis
624 2333 776 2361 secundum
801 2341 924 2365 carnem,
938 2341 993 2360 non

1045 1603 1182 1638 φήσαντος
1196 1603 1293 1636 οὕτως’

1083 1700 1093 1716 ι
1112 1691 1178 1717 Θεὸν
1191 1691 1244 1726 γὰρ
1259 1691 1384 1726 λέγοντες
1400 1692 1447 1719 καὶ
1464 1693 1607 1727 ἄνθρωπον
1621 1693 1666 1720 τὸν
1678 1693 1769 1726 αὐτὸν,
1784 1694 1836 1722 οὐκ

1044 1736 1218 1772 αἰσχύνονται
1235 1737 1300 1772 μίαν
1313 1737 1393 1771 φύσιν
1405 1736 1452 1764 τοῦ
1468 1737 1535 1764 Θεοῦ
1551 1738 1637 1772 Λόγου
1654 1739 1835 1774 σεσαρκωμέ-

1045 1791 1094 1817 νην
1110 1780 1165 1809 οἶόν
1185 1792 1246 1810 τινα
1263 1783 1389 1811 σύνθετον
1406 1784 1610 1819 ὁμολογοῦντες·
1627 1784 1654 1810 εί
1667 1793 1698 1819 γε
1716 1784 1781 1816 Θεὸς
1794 1785 1836 1811 τέ-

1045 1829 1116 1861 λειος
1131 1829 1178 1856 καὶ
1197 1829 1340 1864 ἄνθρωπος
1351 1830 1453 1861 τέλειος
1472 1831 1486 1856 ὁ
1503 1830 1649 1862 αὺτὸς,δὺο
1669 1830 1765 1864 φύσεις
1779 1831 1836 1866 ἄρα

1045 1875 1059 1901 ὁ
1069 1875 1161 1908 αὐτὸς,
1178 1874 1302 1910 καθάπερ
1314 1876 1330 1910 ὴ
1341 1875 1396 1901 τῶν
1406 1875 1597 1902 Καππαδοκῶν
1609 1876 1760 1909 εἰσηγεῖται
1773 1884 1836 1901 και-

1045 1921 1169 1956 νοτομία,
1185 1921 1317 1956 Διοδώρου
1333 1929 1362 1947 τε
1390 1922 1438 1947 καὶ
1457 1920 1647 1956 Ἀθανασίουή
1670 1921 1768 1955 οἱήσις,
1787 1921 1837 1948 καὶ

1045 1967 1100 1994 τῶν
1125 1968 1154 1994 ὲν
1174 1966 1272 2002 Ἰταλίᾳ
1289 1968 1303 1993 ὁ
1321 1967 1415 2001 τύφος·
1440 1967 1488 1993 καὶ
1507 1966 1720 2002 σχηματίζονται
1742 1966 1791 2001 μὲν
1810 1968 1836 1993 οι

1046 2012 1127 2048 δῆθεν
1139 2013 1271 2048 ἡμέτεροι
1286 2012 1395 2047 φρονεῖν
1416 2011 1450 2038 τὰ
1471 2011 1517 2037 τοῦ
1539 2011 1617 2044 ἁγίου
1638 2010 1743 2045 Πατρδς
1757 2010 1836 2044 ἡμῶν

1053 2058 1255 2093 Ἀπολιναρίου,
1270 2058 1437 2092 κηρύττουσι
1448 2057 1476 2083 δὲ
1489 2057 1614 2090 καθάπερ
1625 2056 1775 2092 Γρηγόριος
1787 2055 1837 2090 τὴν

1048 2104 1103 2130 τῶν
1128 2103 1237 2138 φύσεων
1264 2102 1358 2129 δυάδα.
1379 2111 1387 2128 ι
1405 2101 1459 2129 Καὶ
1471 2101 1546 2135 μετὰ
1573 2100 1699 2135 ,βραχέα-
1731 2109 1741 2125 ι
1760 2100 1792 2125 Τί
1807 2099 1839 2126 δὲ

1053 2148 1232 2184 Ἀπολιναρίῳ
1266 2147 1305 2182 τῷ
1345 2147 1410 2182 θείῳ
1439 2146 1574 2182 μαθητιᾷν
1603 2144 1836 2181 σχηματίζονται;

1047 2194 1149 2229 ταύτην
1170 2195 1224 2228 γὰρ
1243 2193 1286 2219 ἐπ’
1302 2193 1443 2228 ἀναιρέσει
1465 2192 1514 2226 τῆς
1539 2191 1592 2217 τῶν
1608 2191 1714 2224 φύσεων
1741 2189 1838 2222 δυάδος

1048 2241 1129 2276 μόνος
1139 2240 1205 2274 ἡμῖν
1221 2238 1372 2272 ἀπεκύησε,
1389 2237 1535 2272 γεγραφὼς
1550 2233 1600 2262 ὧδέ
1617 2245 1654 2270 πη
1672 2235 1773 2269 σαφῶς·
1789 2235 1838 2261 καὶ

1048 2285 1206 2313 εἷιιαιαὺτὸν
1218 2285 1282 2311 Υίδν
1301 2284 1349 2311 τοῦ
1365 2283 1443 2315 Θεοῦ,
1461 2283 1509 2309 καὶ
1519 2282 1586 2309 Θεὸν
1601 2282 1671 2309 κατὰ
1687 2282 1786 2316 σάρκα,
1804 2281 1838 2307 οὐ

1047 2333 1093 2359 δύο
1110 2332 1204 2367 φύσεις
1215 2332 1260 2358 τὸν
1276 2330 1323 2357 ἕνα
1338 2330 1411 2362 Υίὸν,
1426 2330 1491 2364 μίαν
1507 2327 1697 2363 προσκυνητὴν
1711 2327 1757 2353 καὶ
1772 2325 1838 2360 μίαν

204 2383 273 2410 duas
285 2385 397 2408 naturas
411 2388 495 2407 unum
507 2380 616 2411 Filium.
628 2388 709 2406 unam
722 2379 900 2411 adorandam,
912 2379 991 2406 aliam

1047 2378 1267 2414 ἁπροσκύνητον,
1286 2376 1355 2402 ἀλλὰ
1374 2376 1438 2410 μίαν
1454 2374 1534 2410 φύσιν
1549 2373 1596 2400 τοῦ
1610 2372 1677 2399 Θεοῦ
1689 2372 1776 2406 Λόγου
1791 2379 1838 2397 σε-

205 2435 261 2454 non
278 2427 357 2457 item;
370 2426 416 2452 sed
430 2433 510 2452 tinam
526 2425 574 2452 Dei
587 2425 667 2452 Verbi
678 2430 803 2452 naturam
813 2425 993 2457 incantatam,

205 2477 232 2500 et
247 2480 302 2499 uno
315 2471 468 2506 eodemque
483 2471 560 2498 cultu
581 2479 634 2498 una
650 2479 713 2498 cuin
729 2471 787 2506 ipsa
807 2478 890 2498 carne
903 2477 999 2505 prose-

208 2516 359 2552 quendam.
379 2526 389 2542 ι

242 2563 309 2596 Quis
320 2570 402 2597 porro
417 2570 471 2589 non
488 2562 605 2589 miretur
619 2562 641 2589 si
659 2562 703 2588 bis
715 2561 808 2588 omnia
822 2560 922 2588 similia
938 2568 999 2596 pro-

207 2610 317 2638 tulisset
331 2608 509 2640 Athanasius,
524 2608 572 2643 qui
589 2615 651 2635 cutn
667 2606 879 2642 itnpioDiodoro
893 2606 997 2633 sentire

206 2665 296 2692 nuper
311 2656 421 2684 crimini
436 2656 571 2683 dabatur?
592 2656 626 2683 Et
640 2656 662 2684 si
683 2652 855 2690 protulisset,
873 2653 995 2687 accepis-

246 2735 301 2765 (Mi
322 2734 408 2761 Aliert
432 2733 485 2760 hoc
510 2733 582 2760 idem
603 2731 792 2759 testimonium
812 2728 944 2758 Leontius
968 2732 996 2755 et

208 2769 262 2796 lib.
285 2769 322 2795 De
344 2770 429 2801 sectis,
455 2776 559 2804 verum
574 2767 642 2795 illud
662 2767 804 2804 Athanasii
825 2769 993 2804 essenegat.

210 2804 250 2831 Ad
273 2805 464 2831 auctoritatem
479 2803 571 2838 Cyrilli
595 2803 669 2837 quod
686 2802 795 2838 attinet,
814 2802 862 2838 ait,
881 2800 918 2827 ibi
936 2807 996 2825 esse

211 2840 352 2872 mendum,
380 2844 407 2866 et
433 2835 711 2873 Diostorum-Cyrilli
737 2844 822 2873 opera
847 2835 997 2871 depravare

211 2881 394 2902 COIlSUEYlSSC.

1049 2424 1230 2459 σαρκωμένην
1247 2423 1293 2449 καὶ
1310 2420 1551 2457 προσκυνουμένην
1576 2419 1645 2455 μετὰ
1663 2419 1711 2454 τῆς
1735 2417 1839 2453 σαρκὸς

1048 2470 1131 2498 αὐτοῦ
1153 2471 1202 2506 μιᾷ
1221 2469 1415 2505 προσκυνήσει.
1434 2477 1443 2493 ι

1083 2558 1130 2590 Τίς
1144 2555 1190 2584 οὖν
1207 2557 1237 2583 οὒ
1255 2555 1401 2591 Θαυμάσει,
1419 2555 1443 2580 sl
1455 2554 1469 2580 ὀ
1483 2553 1551 2588 μετὰ
1563 2551 1695 2586 Διοδώρου
1711 2549 1757 2576 τοῦ
1774 2549 1842 2576 ἀσε-

1047 2605 1111 2636 ϐοῦς
1137 2603 1348 2637 διαϐαλλόμενος
1371 2601 1445 2636 αὑτῷ
1464 2599 1621 2629 Ἀθανάοιος
1642 2597 1676 2624 τὰ
1692 2597 1773 2631 ὃμοια
1788 2596 1842 2630 ῥή-

1048 2659 1121 2687 ματα
1136 2650 1226 2677 πάντα
1244 2649 1294 2684 ἔφη
1306 2657 1313 2682 ;
1327 2649 1351 2675 εὶ
1366 2647 1394 2674 δὲ
1413 2647 1461 2674 καὶ
1477 2645 1539 2673 τάδε
1553 2644 1636 2677 ἔλεξε,
1654 2643 1712 2674 πῶς
1727 2641 1774 2668 καὶ
1790 2640 1842 2667 ἐπὶ

1086 2726 1140 2761 (l5)
1161 2725 1222 2753 Lib.
1240 2733 1248 2752 1
1262 2745 1268 2757 ,
1283 2724 1381 2752 Contra
1401 2721 1615 2761 lulianum,_ubi
1631 2724 1741 2761 sartctus
1755 2719 1845 2746 Pater

1050 2755 1145 2789 laudat
1163 2755 1272 2788 veteres
1295 2761 1365 2787 bene
1382 2759 1492 2789 multos,
1518 2757 1564 2791 qui
1588 2756 1622 2783 de
1649 2755 1738 2790 Moyse
1757 2761 1843 2781 men-

1051 2798 1153 2824 tionem
1182 2797 1317 2823 fccerunt.
1343 2795 1444 2821 llorutn
1464 2793 1490 2819 in
1513 2798 1629 2818 nuntero
1652 2794 1782 2818 censetur
1808 2793 1848 2819 et.

1050 2832 1179 2860 Polemon
1204 2831 1252 2859 lib.
1275 2830 1426 2859 Gra’crtrum
1445 2828 1623 2855 Itislariarum.
