1963 3077
205 137 272 169 i867

833 139 987 169 LEONTII
1012 132 1211 170 szmTINI

1761 141 1832 173 1868

206 192 331 228 Ejusdem
352 191 417 219 Julii
433 192 545 230 episcopi
569 191 737 230 ﬂammiger:
755 193 865 227 epistola
888 193 944 228 (ΞΟ)
963 202 993 220 aa

1052 194 1108 221 Τοῦ
1129 194 1223 222 αὐτοῦ
1247 195 1371 221 Ἰουλίου
1399 195 1568 221 ἐπισκόπου
1585 194 1704 230 βρώμης
1725 196 1759 222 ἐκ
1778 196 1832 230 τῆς

480 227 634 261 Dionysium
661 227 688 262 (2
695 229 700 252 1
708 228 716 261 )
723 248 729 254 .

242 283 250 298 ι
268 272 327 300 Una
351 279 394 302 cst
416 274 443 300 in
463 273 573 300 Christo
600 278 709 306 natura,
730 274 794 309 quia
823 283 876 302 una
900 281 942 303 est
968 281 997 304 et

204 327 330 354 persona,
347 327 408 354 quae
426 319 547 354 proferto
568 318 594 346 in
609 319 677 346 duas
688 327 743 346 non
756 320 900 356 dividitur,
916 321 995 349 Haud

203 366 277 393 enim
307 373 361 393 una
383 365 506 401 corporis
531 366 644 401 propria
665 371 764 393 natura
790 367 875 394 estin
892 366 993 395 Christi

203 419 286 439 carne
298 415 449 446 assumpta,
464 411 517 438 alia
529 411 642 446 propria
658 412 813 440 divinitatis
823 435 829 445 ,
841 413 887 440 sed
899 421 995 448 quem-

202 458 349 486 admodum
365 458 448 486 homo
460 464 586 486 naturam
603 466 685 486 unam
701 458 795 491 habet,
812 459 850 486 ita
867 463 894 486 et
910 458 993 486 Chri-

202 507 270 536 stus,
289 503 337 538 qui
363 503 523 531 hominibus
546 504 714 531 assimilatus
739 509 791 532 est.
816 504 895 538 Quod
921 505 944 532 si
974 504 993 531 ii

202 557 260 579 non
285 553 438 585 agnoscunt
465 549 536 576 hanc
564 553 670 576 natura:
695 549 843 582 unitatem,
871 557 931 584 qua:
959 557 994 577 ex

202 595 352 623 multorum
380 594 576 630 conjunctione
597 599 710 627 manat;
730 594 854 629 profecto
869 595 993 622 dividere

202 644 355 674 potuerunt
375 647 457 666 unam
482 633 636 674 quamlibet
651 647 709 667 rem
736 639 764 666 in
781 645 874 674 partes
888 641 991 675 plures.

203 686 343 721 Siquidem
358 686 509 713 humanum
527 693 638 721 corpus,
654 694 697 713 ex.
714 694 768 721 εγ..
787 690 895 713 constat
909 686 993 714 rebus

203 732 297 759 multis
319 731 474 763 substantia
492 732 619 765 diversis,
637 732 757 763 ossibus,
778 731 881 765 nervis,
903 733 991 766 venis,

203 786 296 808 carne,
319 778 402 813 pelle,
418 778 566 814 unguibus,
584 777 660 813 pilis,
684 778 817 813 sanguine
833 783 861 805 et
873 778 991 813 spiritu;

202 831 263 858 qum
284 823 348 851 licet
364 823 398 850 ab
412 831 440 850 se
463 816 581 850 invicem
598 823 738 855 differant,
755 831 837 850 unam
855 828 944 850 tamen
963 824 991 851 in

1181 230 1255 264 ,πρὸς
1273 230 1431 257 Διονύσιον
1450 229 1615 263 ἐπιστολῆς
1633 231 1699 265 (25).

1087 285 1096 300 ι
1129 275 1186 302 Μία
1208 275 1289 309 φύσις
1317 275 1402 309 ἐστὶν,
1430 275 1524 310 ἐπειδὴ
1550 276 1695 310 πρόσωπον
1717 275 1756 308 ἓν,
1782 276 1832 302 οὐκ

1048 321 1110 356 ἔχον
1129 323 1170 353 εἰς
1185 322 1231 348 δύο
1242 322 1384 356 διαίρεσιν·
1400 322 1461 348 ἐπεὶ
1478 321 1515 356 μὴ
1532 321 1584 348 ἰδία
1602 322 1680 356 φύσις
1697 322 1727 348 τὺ
1742 322 1830 357 σῶμα,

1048 367 1096 393 καὶ
1110 366 1161 393 ἰδία
1179 366 1260 401 φύσις
1274 367 1291 402 ὴ
1307 366 1403 403 θεότης
1430 368 1501 394 κατὰ
1522 368 1572 401 τὴν
1595 367 1747 402 σάρκωσιν,
1774 367 1832 395 ἀλλ’

1047 411 1140 448 ὥσπερ
1153 412 1292 447 ἄνθρωπος
1313 413 1363 447 μία
1381 412 1471 447 φύσις,
1492 412 1577 444 οὕτως
1592 414 1640 439 καὶ
1657 414 1671 439 ὁ
1691 414 1718 439 ὲν
1733 413 1832 448 ὁμοιώ-

1049 465 1113 491 ματι
1129 457 1280 491 ἀνθρώπων
1301 457 1457 492 γενόμενος.
1477 459 1508 485 Εί
1522 459 1550 485 δὲ
1561 459 1611 485 οὐκ
1623 459 1832 492 ὲπιγινώσκουσι

1047 502 1077 529 τὸ
1089 502 1150 529 καθ’
1166 503 1262 530 ἕνωσιν
1277 503 1316 536 ἓν,
1333 503 1462 530 δύνανται
1478 504 1525 530 καὶ
1549 505 1589 535 εἰς
1613 504 1699 534 πολλὰ
1714 513 1833 539 καταμε-

1047 547 1134 582 ρίζειν
1159 547 1204 574 τὸν
1223 548 1280 580 ἕνα,
1307 548 1353 575 καὶ
1378 549 1479 580 πολλὰς
1499 549 1588 582 λέγειν
1611 549 1715 583 φύσειςο
1738 550 1832 584 ἐπειδὴ

1047 593 1186 625 πολυειδὲς
1201 594 1232 620 τὸ
1249 594 1329 629 σῶμα.
1347 594 1377 626 ἐξ
1389 594 1490 621 ὀστέων
1512 596 1560 621 καὶ
1581 596 1684 630 νεύρων
1702 595 1750 621 καὶ
1767 596 1832 630 φλε-

1046 637 1102 664 ϐῶν
1124 640 1171 664 καὶ
1187 639 1296 674 σαρκῶν
1312 640 1360 665 καὶ
1377 640 1511 675 δέρματος
1528 640 1576 667 καὶ
1589 641 1692 675 ὀνύχων
1709 642 1755 668 καὶ
1770 650 1831 675 τρι-

1046 683 1102 718 χῶν
1120 684 1168 710 καὶ
1183 685 1297 719 αἵματος
1319 685 1366 712 καὶ
1395 685 1558 720 πνεύματος,
1580 686 1651 721 ἅπερ
1669 687 1756 713 πάντα
1774 686 1832 713 δια-

1046 730 1133 764 φορὰν
1158 730 1207 764 μὲν
1232 729 1288 764 ἕχει
1316 730 1383 765 πρὸς
1401 730 1513 766 ἄλληλα,
1534 731 1583 766 μία
1603 732 1631 758 δὲ
1646 731 1727 766 φύσις
1746 732 1831 758 ἐστίν·

1046 775 1117 801 ὥστε
1133 775 1180 802 καὶ
1195 776 1210 810 ἡ
1224 775 1274 810 τῆς
1293 775 1418 811 θεότητος
1434 776 1548 812 ἀλήθεια
1560 777 1629 811 μετὰ
1643 777 1689 804 τοῦ
1706 776 1832 812 σώματος

1045 821 1074 847 ἓν
1089 822 1158 852 ἐστι,
1171 821 1218 848 καὶ
1233 821 1272 853 είς
1283 821 1330 848 δύο
1347 821 1442 856 φύσεις
1456 823 1486 849 οὺ
1504 823 1657 858 μερίζεται.
1672 832 1680 848 ι
1698 822 1833 857 Καὶμετὰ

202 869 313 896 homine
336 873 462 896 naturam
483 868 644 896 conficiunt.
660 868 795 900 Quocirca
815 874 843 896 et
860 869 992 896 divinita-

1047 867 1170 902 βραχέασ
1191 877 1200 892 ‹
1228 868 1347 902 Ἀνάγκη
1371 868 1425 902 γὰρ
1441 867 1539 900 αὐτοὺς
1564 868 1611 895 δύο
1635 862 1763 903 λέγονταξ
1787 869 1831 903 φύ-

202 914 238 941 tis
256 913 358 941 veritas
382 921 444 941 cum
462 914 583 941 humano
607 920 723 948 corpore
747 915 894 949 conjuncta
909 921 994 950 unum

201 963 254 992 est,
278 967 331 987 nec
350 959 378 986 in
398 963 512 986 naturas
537 959 634 994 plures
653 959 798 986 dividitur.
817 969 826 984 ι
852 959 886 986 Et
913 960 994 994 paulo

202 1011 259 1040 post
273 1014 281 1033 :
300 1015 309 1032 ι
326 1006 446 1033 Necesse
462 1006 536 1033 enim
549 1010 592 1034 est
602 1005 662 1040 (ait)
675 1013 723 1033 eos
736 1006 783 1040 qui
800 1010 912 1033 naturas
926 1006 995 1034 duas

203 1052 379 1087 profitentur,
394 1052 511 1080 adorare
526 1059 621 1085 unam,
644 1056 672 1079 et
685 1059 740 1079 non
763 1051 889 1082 alteram,
904 1056 933 1078 et
947 1059 995 1086 per

202 1097 323 1125 divinam
346 1104 398 1125 nos
421 1097 494 1124 sacri
522 1096 607 1124 fontis
633 1097 706 1124 unda
726 1095 824 1129 lavari,
856 1104 911 1123 non
927 1096 994 1123 item

201 1148 229 1171 et
249 1151 299 1178 per
324 1143 483 1170 humanam.
496 1143 575 1176 Quod
591 1143 613 1170 si
628 1150 678 1178 per
694 1150 776 1170 unam
793 1142 902 1169 Domini
922 1149 995 1169 mor-

202 1193 257 1216 tem
271 1195 369 1215 omnes
382 1188 478 1216 cadent
500 1188 604 1216 salubri
627 1188 700 1215 unda
718 1187 893 1219 inundamur,
910 1195 993 1215 unam

201 1233 284 1260 etiam
298 1232 434 1260 fateamur
450 1236 559 1267 oportet
573 1236 700 1260 naturam
719 1240 753 1259 ex
768 1232 933 1267 impassibili
947 1232 994 1259 di-

201 1278 316 1305 vinitate
337 1283 367 1305 et
392 1278 516 1312 passibili
541 1285 625 1306 carne
640 1277 797 1310 conﬂatam,
814 1282 845 1304 ut
865 1278 903 1305 ita
921 1277 995 1304 lava-

201 1330 279 1350 crum
294 1327 422 1350 nostrum
451 1330 500 1357 per
523 1323 699 1351 divinitatem
727 1323 809 1350 simul
833 1328 863 1351 et
883 1323 992 1350 Domini

202 1373 318 1396 mortem
339 1369 437 1404 perfici
454 1377 518 1396 vere
532 1369 654 1396 dicatur.
670 1379 680 1394 ›
699 1368 732 1396 Et
749 1374 807 1404 post
829 1377 914 1404 pauca
931 1377 993 1395 rur—

201 1423 260 1441 sum
279 1416 334 1442 hm:
347 1415 423 1442 habet
438 1422 448 1441 :
468 1423 476 1440 ι
491 1414 593 1442 Caveat
612 1422 678 1450 ergo
692 1415 741 1449 qui
759 1414 829 1442 duas
841 1414 869 1441 in
883 1414 993 1442 Christo

202 1464 317 1487 naturas
331 1464 469 1492 asserunt,
483 1467 518 1487 ne
543 1459 685 1488 Christum
705 1460 794 1495 ipsum
807 1460 994 1488 dividentihus

203 1511 298 1532 ansam
327 1504 480 1539 praebeant.
495 1504 564 1532 Nam
587 1512 679 1540 neque
703 1512 804 1540 corpus
818 1505 929 1540 aliquod
945 1513 996 1540 per

1046 921 1113 945 σεις,
1131 913 1181 947 τὴν
1200 913 1248 947 μὲν
1276 913 1340 948 μίαν
1364 915 1543 948 προσκυνεῖν,
1558 914 1607 949 τὴν
1630 914 1657 940 δὲ
1679 914 1776 950 ἑτέραν
1795 915 1832 949 μὴ

1045 959 1218 992 προσκυνεῖν·
1232 958 1272 989 εἰς
1292 958 1342 992 μὲν
1364 958 1413 993 τὴν
1427 958 1521 994 θεῖκὴν
1538 959 1726 994 βαπτίζεσθαι,
1743 961 1783 991 εἰς
1804 961 1832 986 δὲ

1044 1003 1093 1040 τὴν
1107 1003 1280 1040 ἀνθρωπίνην
1301 1004 1337 1038 μὴ
1353 1003 1542 1038 βαπτίζεσθαι.
1560 1005 1591 1031 Εἰ
1608 1005 1635 1031 δὲ
1651 1005 1691 1036 είς
1713 1005 1758 1031 τὸν
1781 1005 1828 1032 θά-

1044 1057 1124 1076 νατον
1147 1048 1194 1075 τοῦ
1217 1050 1319 1083 Κυρίου
1342 1049 1541 1085 βαπτιζόμεοα,
1559 1050 1623 1085 μίαν
1646 1051 1832 1087 ὁμολογοῦμεν

1045 1091 1126 1126 φύσιν
1141 1093 1191 1126 τῆς
1213 1093 1335 1125 ἀπαθοῦς
1351 1093 1478 1128 θεότητος
1491 1095 1601 1130 καὶτῆς
1618 1095 1744 1130 παθητῆς
1761 1105 1828 1131 σαρ-

1045 1137 1104 1169 κὸς,
1120 1137 1164 1164 ἵνα
1178 1137 1263 1169 οὕτως
1276 1138 1315 1168 εις
1330 1138 1396 1164 Θεὸν
1441 1139 1470 1165 τὺ
1482 1139 1624 1174 βάπτισμα
1638 1140 1717 1174 ἡμῶν
1731 1141 1778 1167 καὶ
1792 1143 1831 1169 ei:

1044 1182 1089 1209 τὸν
1109 1182 1222 1209 θάνατον
1251 1183 1297 1210 τοῦ
1323 1184 1425 1219 Κυρίου
1450 1185 1619 1220 τελούμενον.
1650 1195 1659 1211 ι
1687 1186 1742 1212 Kal
1767 1188 1832 1220 μετ’

1044 1229 1132 1263 ὀλίγα
1146 1228 1250 1256 πάλιν·
1270 1238 1279 1255 ε
1300 1229 1346 1265 Μὴ
1361 1228 1407 1256 οὖν
1428 1231 1485 1262 τοῖς
1501 1231 1672 1266 διατέμνουσι
1695 1232 1832 1267 πρόφασιν

1044 1273 1163 1301 δότωσαν
1177 1275 1202 1301 οἱ
1216 1274 1262 1301 δύο
1276 1275 1401 1310 λέγοντες
1425 1275 1530 1310 φύσεις⁸
1545 1277 1608 1304 οὒτε
1629 1278 1683 1313 γὰρ
1706 1278 1735 1305 τὸ
1751 1278 1832 1311 σῶμα

1045 1319 1106 1347 καθ’
1115 1321 1196 1346 ἑαυτὸ
1217 1320 1307 1355 φύσις,
1326 1321 1393 1357 μηδὲ
1422 1321 1552 1356 ζωοποιὺν
1569 1323 1630 1350 καθ’
1642 1323 1732 1355 ἑαυτὸ,
1764 1324 1832 1360 μηδὲ

1043 1365 1235 1401 διατέμνεσθαι
1250 1366 1412 1402 δυνάμενον.
1431 1368 1495 1394 ἄνευ
1511 1367 1556 1394 τοῦ
1575 1367 1718 1401 ζωοποιοῦ”
1738 1368 1800 1396 οὔτε
1818 1371 1833 1395 ὸ

1045 1411 1132 1446 Λόγος
1147 1411 1209 1438 καθ’
1224 1412 1320 1438 ἑαυτὸν
1335 1413 1376 1445 είς
1394 1413 1462 1440 ίδίαν
1476 1413 1617 1449 μερίζεται
1632 1414 1711 1449 φύσιν
1727 1415 1761 1450 ἢν
1774 1414 1832 1450 ἔχει

1045 1456 1116 1483 κατὰ
1138 1457 1169 1488 τὸ
1193 1457 1332 1491 ἄσαρκονο
1353 1458 1448 1494 ἐπειδὴ
1474 1459 1502 1486 ὲν
1533 1460 1614 1495 σαρκὶ
1642 1460 1760 1495 Κύριος,
1785 1461 1833 1486 καὶ

1044 1502 1093 1529 οὐκ
1109 1502 1228 1538 ἄσαρκος
1241 1504 1396 1539 ἐπεδήμησε
1411 1504 1450 1539 τῷ
1465 1504 1560 1540 κόσμῳ
1571 1513 1578 1520 ·
1597 1505 1658 1531 οὔτε
1673 1505 1703 1531 τὸ
1723 1506 1834 1532 κτιστὶν

203 1558 232 1577 se
251 1550 407 1577 subsistens
426 1554 525 1577 natura
542 1554 595 1581 est.
622 1557 673 1577 nec
692 1551 783 1585 ipsum
803 1558 854 1585 per
870 1558 899 1578 se
915 1550 993 1582 vivit.

1047 1549 1126 1583 σῶμα
1141 1549 1174 1584 ζῇ
1192 1549 1277 1584 χωρὶς
1298 1538 1349 1584 τῆς
1373 1549 1500 1576 ἀκτίστου
1517 1538 1653 1585 Θεοτητος,
1669 1551 1711 1576 ἵνα
1728 1551 1835 1587 χωρίζῃ

203 1602 294 1629 neque
310 1594 425 1622 seorsim
441 1602 457 1623 a
478 1595 553 1622 vitali
573 1595 665 1623 Verbo
679 1595 765 1623 dividi
782 1600 884 1631 potest,
905 1603 993 1631 neque

1047 1602 1084 1624 τις
1100 1594 1180 1628 φύσιν
1196 1595 1317 1629 χτιστήνθ
1329 1593 1390 1620 οὔτε
1407 1595 1460 1631 μὴν
1473 1596 1487 1621 ὸ
1498 1595 1624 1626 ἄκτιστος
1637 1597 1722 1629 Λόγος
1734 1595 1834 1631 ἐπεδή-

205 1640 325 1668 Verbum
355 1639 475 1667 divisum
501 1647 516 1667 a
540 1647 623 1667 carne
651 1645 779 1668 naturam
801 1649 879 1668 suam
901 1641 993 1672 habet,

1047 1647 1116 1675 μησε
1135 1640 1220 1675 χωρὶς
1236 1639 1374 1676 σώματος,
1393 1641 1437 1667 ἵνα
1458 1641 1557 1677 μερίζῃ
1572 1650 1612 1673 τις
1639 1642 1765 1669 ἀκτίστου
1780 1643 1816 1676 eo
1827 1657 1834 1662 -

203 1693 287 1720 quam
302 1694 318 1713 a
335 1686 429 1714 carnis
455 1690 567 1721 experte
588 1687 733 1715 divinitate
756 1687 851 1714 trahit.
866 1686 993 1720 Quando-

1047 1693 1099 1713 σιν.
1108 1685 1139 1711 El
1151 1685 1179 1711 δὲ
1191 1686 1320 1721 ἑκάτερόν
1332 1687 1389 1713 ἐστι
1404 1687 1475 1714 κατὰ
1486 1687 1535 1722 τὴν
1549 1687 1645 1713 ἕνωσιν
1654 1688 1700 1713 καὶ
1711 1688 1760 1722 τὴν
1773 1687 1837 1714 σύν-

203 1731 316 1766 quidem
334 1731 468 1759 Dominus
493 1733 522 1759 in
539 1732 673 1760 mundmn
696 1732 773 1759 venit
793 1740 878 1760 carne
896 1731 997 1767 praedi-

205 1783 261 1810 tus,
291 1785 347 1804 non
369 1784 403 1805 ea
429 1777 591 1804 destitutus.
620 1777 716 1812 Neque
741 1781 867 1804 creatum
895 1783 998 1811 corpus

213 1823 281 1850 vivit
302 1822 362 1850 sine
390 1822 513 1851 iucreata
533 1822 690 1854 divinitate,
713 1829 768 1856 quo
791 1827 884 1849 creata
898 1825 997 1849 natura

204 1868 289 1896 dividi
314 1868 417 1903 possit;
437 1876 488 1896 nec
504 1868 657 1897 increatum
675 1869 796 1896 Verbum
815 1868 844 1895 in
860 1867 994 1895 mundum

206 1914 281 1942 venit
297 1914 358 1942 sine
378 1922 505 1949 corpore,
525 1922 582 1950 quo
604 1915 667 1950 quis
683 1914 800 1941 increati
819 1920 931 1948 quoque
946 1920 996 1940 na-

205 1965 296 1988 turam
314 1960 440 1988 dividere
466 1964 558 1995 queat.
583 1960 611 1988 Si
641 1967 707 1987 vero
730 1963 878 1994 utrumque
905 1966 991 1986 unum

204 2010 247 2034 est
271 2006 308 2033 ob
331 2006 456 2041 ipsorum
481 2010 584 2033 arctam
611 2005 836 2041 conjunctionem
862 2009 891 2032 et
907 2012 993 2040 copu-

204 2054 270 2085 lam,
293 2052 579 2087 compositionemque
603 2051 725 2079 humano
741 2051 894 2085 composito
915 2050 993 2077 simi-

1045 1731 1104 1757 οδον
1117 1732 1165 1758 καὶ
1178 1731 1229 1767 τὴν
1246 1731 1370 1758 σύνθεσιν
1391 1732 1441 1768 τὴν
1468 1733 1665 1768 ἀνθρωποειδῆ,
1684 1733 1712 1760 ἓν
1738 1734 1786 1760 καὶ
1805 1734 1836 1760 τ’)

1051 1776 1136 1811 ὗνομα
1155 1777 1194 1811 τῷ
1217 1777 1336 1812 συνθέτῳ
1361 1779 1598 1814 προσαρμόξεταιθ
1629 1779 1682 1806 ἀπὸ
1709 1779 1758 1814 μὲν
1784 1779 1835 1814 τῆς

1050 1821 1178 1857 θεότητος
1193 1823 1223 1849 τὸ
1239 1823 1354 1855 ἀπαθὲς,
1371 1824 1424 1850 ἀπὸ
1440 1824 1468 1850 δὲ
1481 1823 1530 1850 τοῦ
1549 1823 1674 1859 σώματος
1695 1824 1724 1850 τὸ
1742 1825 1833 1859 παθη-

1048 1867 1104 1895 τόν.
1124 1868 1177 1894 Καὶ
1199 1867 1294 1904 ὥσπερ
1308 1869 1454 1901 ἀκούοντες
1467 1869 1514 1895 τοῦ
1531 1869 1636 1896 Παύλου
1652 1869 1696 1897 τὸν
1716 1870 1835 1904 Χριστὸν

1048 1912 1181 1948 παθητὸν,
1198 1913 1260 1939 οὔτε
1287 1913 1405 1949 μερικῶς
1430 1914 1598 1949 ἠκούσαμεν,
1616 1913 1676 1940 οὔτε
1700 1915 1749 1949 τὴν
1773 1914 1834 1940 θεό-

1046 1967 1117 1992 τητα
1130 1958 1254 1994 παθητὴν
1269 1959 1446 1994 ἐνομίσαμεν,
1460 1959 1545 1991 οὕτως
1557 1960 1602 1986 καὶ
1617 1960 1646 1986 τὸ
1662 1960 1770 1986 κτιστὺν
1786 1960 1833 1986 καὶ

1046 2003 1149 2036 δοῦλον,
1178 2003 1240 2031 οὗτε
1272 2005 1392 2039 μερικῶς
1414 2005 1533 2039 λέγεται,
1556 2005 1617 2032 οὔτε
1645 2005 1694 2033 τὴν
1717 2006 1834 2041 θεότητα

1046 2050 1119 2076 ποιεῖ
1135 2049 1247 2084 mth
1261 2049 1322 2076 οὗτε
1342 2050 1448 2085 δούλην.
1469 2059 1478 2076 ι

204 2097 272 2130 lcln;
288 2105 374 2124 unum
393 2104 502 2132 quoque
519 2098 674 2132 composito
690 2104 791 2125 nomen
826 2096 913 2131 aptari
949 2096 1031 2124 debet
1048 2096 1129 2130 eique
1155 2095 1240 2122 tribui
1267 2095 1409 2130 multiplex
1433 2096 1597 2131 proprietas,
1622 2102 1652 2123 ut
1674 2096 1710 2124 ob
1732 2095 1833 2123 divini—

205 2149 288 2171 tatem
316 2145 485 2177 increatum,
525 2144 561 2171 ob
581 2151 694 2172 carnem
733 2149 829 2171 contra
852 2148 986 2176 creatum,
1007 2147 1035 2171 et
1062 2150 1112 2178 per
1124 2143 1195 2171 hanc
1215 2143 1271 2177 pati
1289 2150 1368 2177 posse
1388 2151 1454 2171 vere
1471 2143 1589 2171 dicatur.
1609 2144 1643 2171 Et
1654 2143 1831 2179 quemadmo-

205 2190 270 2217 dum
290 2198 354 2217 cum
369 2190 406 2217 ab
419 2191 546 2225 apostolo
579 2190 666 2218 Paulo
687 2190 830 2217 Christum
867 2189 953 2216 fuisse
970 2197 1082 2224 passum
1108 2189 1247 2220 audimus,
1274 2189 1327 2216 hoc
1342 2189 1376 2215 de
1407 2193 1465 2216 toto
1479 2189 1601 2222 Christo,
1629 2197 1684 2216 non
1702 2189 1735 2216 de
1750 2194 1830 2224 parte

205 2235 309 2263 dictum
332 2237 494 2271 accipimus,
522 2243 614 2271 neque
642 2239 789 2270 propterea
818 2235 993 2262 divinitatem
1013 2241 1121 2269 passam
1143 2233 1229 2261 fuisse
1271 2233 1426 2266 credimus;
1452 2233 1489 2260 ita
1515 2241 1577 2260 cum
1602 2239 1722 2265 creatus,
1747 2241 1830 2268 atque

204 2288 301 2309 servus
315 2281 387 2309 idem
403 2281 581 2316 praedicatur,
616 2281 670 2308 hoc
683 2281 718 2308 de
732 2285 801 2313 toto,
826 2289 880 2308 non
901 2281 936 2308 de
952 2281 1010 2308 sola
1029 2284 1107 2315 parte
1133 2279 1245 2310 dicitur,
1269 2287 1358 2313 neque
1380 2283 1527 2314 propterea
1552 2279 1722 2323 divinitatem
1752 2286 1829 2305 crea—

204 2333 258 2357 tam
282 2333 365 2363 atque
384 2336 493 2355 servam
504 2327 598 2356 dicere
613 2327 736 2355 videtur.
753 2337 763 2354 ι

238 2373 317 2408 Quod
328 2374 480 2401 auctoritas
497 2373 555 2401 hac
564 2379 708 2409 perperam
722 2373 796 2402 Julio
814 2373 870 2408 (22)
898 2373 986 2401 ascri-

1076 2371 1184 2405 Ταύτην
1194 2371 1245 2407 τὴν
1256 2371 1354 2406 χρῆσιν
1365 2371 1432 2405 εἴγε
1443 2371 1629 2406 προσεχόντως
1640 2371 1830 2398 ἐπισκέπτοιεν

203 2421 296 2451 batur.
313 2420 444 2455 quodque
460 2425 605 2455 propterea
618 2420 693 2447 nulla
710 2420 737 2447 vi
752 2420 864 2456 polleat,
879 2420 906 2446 id
920 2427 987 2447 con-

1051 2419 1058 2444 i
1076 2417 1295 2453 ἐντυγχάνοντες,
1313 2416 1375 2443 οὗτε
1390 2416 1515 2451 διαϐολῆς
1535 2416 1648 2451 οἰόμεθα
1662 2417 1775 2452 χρῄζειν
1790 2418 1830 2450 εἰς

203 2465 335 2494 sideranti
359 2464 464 2499 liquido
480 2465 600 2499 patebit;
616 2473 668 2493 nec
682 2465 715 2492 ad
731 2472 792 2491 eam
809 2464 986 2492 evertendam

1047 2464 1267 2500 ‘Ieuﬁevrivpatgov,
1288 2463 1350 2489 οὕτε
1373 2463 1529 2498 ἀνατροπῆς
1555 2463 1593 2494 είς
1618 2463 1649 2489 τὸ
1667 2463 1830 2498 ἀνίσχυρον-

203 2511 329 2539 futilibus
343 2511 625 2538 commentationibus
644 2519 717 2546 opus
728 2519 791 2539 esse
807 2511 987 2538 arbitramur.

1047 2511 1099 2536 Ὀτι
1118 2509 1167 2543 μὲν
1178 2509 1232 2544 γὰρ
1249 2508 1403 2543 πρόσφατον
1417 2507 1434 2542 ἡ
1452 2507 1553 2541 ταύτης
1566 2507 1711 2541 σκαιωρία.
1730 2507 1831 2533 συνίδοι

203 2558 280 2592 Quod
307 2557 380 2584 enim
402 2565 500 2585 recens
524 2558 582 2585 haec
606 2557 652 2589 sit,
676 2557 901 2584 adversariorum
927 2563 986 2583 ma-

1047 2563 1077 2586 :tg
1094 2555 1190 2590 ῥᾷστα,
1215 2553 1253 2587 τῷ
1274 2553 1340 2588 μηδὲ
1359 2552 1498 2587 Διοσκύρῳ
1525 2552 1592 2588 μηδὲ
1622 2553 1732 2586 Σεόήρῳ
1763 2551 1832 2586 μηδὲ

203 2605 262 2632 litia
300 2603 472 2638 excogitata,
490 2603 581 2638 quivis
603 2611 637 2630 ex
666 2610 699 2630 eo
725 2602 805 2630 facile
830 2603 988 2637 perspicere

1047 2602 1093 2633 τοῖς
1109 2599 1301 2634 παλαιοτέροις
1313 2597 1395 2633 τῆσδε
1409 2598 1460 2633 τῆς
1488 2598 1613 2629 ἀσεϐείας
1638 2596 1834 2631 αἱρεσιὰρχαις

238 2669 294 2707 ('20)
311 2669 388 2697 Hane
403 2669 527 2711 eamdem
540 2669 684 2704 epistolam
697 2669 798 2698 refellit
812 2669 943 2698 Leontius
961 2672 989 2697 et
1076 2667 1131 2728 (ἓξ)
1152 2667 1231 2708 Edita
1253 2665 1305 2707 fuit
1329 2665 1387 2707 haec
1409 2665 1525 2701 epistola
1543 2671 1558 2691 a
1579 2664 1617 2704 1...
1632 2663 1784 2693 Munatorio
1804 2664 1833 2691 in

238 2712 275 2728 um
301 2705 336 2728 Dc
358 2709 519 2728 “£115.52”.
547 2704 573 2728 8.
1041 2703 1111 2728 Anci:
1130 2707 1180 2728 otes
1209 2701 1317 2728 ercts.
1335 2709 1382 2728 aut
1401 2705 1429 2728 et
1447 2701 1543 2727 eadem
1564 2699 1637 2725 Julto
1652 2705 1738 2728 papae,
1761 2698 1833 2726 duce

204 2698 336 2732 llb‘ro'Dc
358 2705 520 2737 sectis,seet.
547 2698 573 2732 8'.
1041 2698 1180 2730 Anecdotis
1209 2701 1317 2732 ercis,
1335 2702 1382 2737 qui
1401 2698 1435 2728 et~
1447 2701 1543 2727 eadem
1564 2699 1637 2737 Julio
1652 2705 1738 2732 papae,
1761 2698 1833 2737 duce

238 2739 293 2780 (ει.)
315 2733 450 2780 Intumui
466 2740 694 2780 amiserisetsi]!
710 2740 797 2780 leas,
812 2745 831 2767 ι-
845 2740 865 2773 ιι
884 2749 913 2775 ιιι
930 2739 990 2767 “8-
1043 2737 1196 2780 ρῐωείξειίξη
1221 2733 1352 2780 Menti?
1365 2733 1608 2780 ’39_‘_‘"'_-§E?£-_.§:
1623 2733 1841 2780 torsisti}:

204 2768 393 2809 Supplcmcni;
418 2775 449 2802 Ρ.
469 2768 605 2802 Dominiei
631 2768 754 2803 liansi.‘
792 2768 796 2773 ’
860 2768 865 2773 ’
885 2768 893 2775 ⁵
1044 2768 1195 2809 ἱιῑοονὶιηὶ-ιι
1211 2771 1341 2809 perdocta
1367 2777 1449 2809 quam
1469 2768 1844 2809 subtexuitdisquisitione,‘

312 2808 373 2838 Haec
386 2808 484 2837 leviter
491 2809 583 2846 attigit
594 2810 728 2838 Leontius
739 2814 766 2838 et
776 2810 848 2838 libro
859 2811 897 2838 De
906 2810 993 2842 sectis,

238 2852 248 2872 ι
265 2866 270 2872 .
306 2866 311 2872 .

204 2852 270 2873 SCCI.
286 2852 311 2873 δ.

1046 2811 1074 2834 et
1092 2803 1259 2841 Apollinaris
1290 2803 1414 2833 hruretici
1437 2811 1499 2832 esse
1524 2803 1652 2838 pervicit.
