1963 3077
149 158 215 190 13ῦ9

726 159 754 187 Ε(
763 158 873 188 )NTRA
892 156 1191 187 MONOPHYSITAS.

1705 154 1772 188 1870

147 211 337 248 παράγεσθαι·
357 210 434 246 δῆλον
449 210 502 244 γὰρ
524 210 565 236 ὅτι
590 210 604 245 ἢ
628 209 672 236 διὰ
690 210 737 243 τὴν
752 211 877 246 διαὸολὴν
893 211 938 237 τοῦ

998 213 1089 243 totest,
1108 209 1181 245 quod
1195 216 1254 236 eam
1270 216 1360 244 neque
1375 208 1530 241 Dioscorus,
1545 217 1631 245 nequc
1646 209 1774 243 Severus,

148 258 280 290 εἰπόντος,
307 257 325 292 ἢ
356 257 404 292 τὴν
429 255 581 292 ὑπερϐολὴν
604 255 650 282 τοῦ
679 257 864 292 ἀσεϐήματος,
892 256 938 283 καὶ

147 304 262 335 ἐκείνοις
275 305 333 334 τοῖς
349 302 410 329 λίαν
430 302 640 338 προσκειμένοις
661 302 701 337 τῷ
725 303 851 338 δόγματι,
866 311 938 337 παρ’

151 349 230 384 ὤφθη
243 349 334 375 πάντα
347 348 382 375 τὰ
404 348 513 374 Ἰουλίου
541 348 588 374 καὶ
613 348 667 374 τῶν
684 348 786 374 λοιπῶν
808 349 938 384 Πατέρων

154 395 284 431 μυριάκις
299 393 451 425 σπουδαίως
477 394 750 429 περιεργασαμένων,
767 394 810 421 ἵνα
825 403 851 420 τι
872 393 939 429 πρὸς

138 440 316 474 συνηγορίαν
340 439 389 465 τοῦ
416 439 518 465 οἰκείου
543 440 719 474 φρονήματος
746 437 937 471 ἀναλέξωνται.

153 485 258 517 Ἄλλως
270 494 300 511 τε
313 484 352 520 τῷ
372 493 404 518 γε
420 485 507 520 ψιλῶς
529 493 587 517 πως
608 487 664 517 τοῖς
690 485 875 520 Ἀπολιναρίου
895 486 939 511 ὲν-

151 531 313 565 τυγχάνοντι
329 529 555 565 προγενεστέροις
575 529 774 564 συγγράμμασι
796 529 862 563 ,περὶ
885 529 940 563 τῆς

152 575 334 609 οῖκονομίας,
357 575 414 601 ούδ⁸
432 574 597 609 ἀμφιϐολίας
622 573 692 601 εἶναι
718 575 792 607 ἄξιον
814 575 884 607 δόξει
909 575 940 602 τὺ

152 621 263 656 γνήσιον
278 620 350 655 αὐτῷ
366 620 449 654 τῆσδε
472 620 523 652 τῆς
539 621 664 656 χρήσεως
675 629 683 636 ⁸
707 620 762 647 ἄνω
783 629 814 659 τε¹
824 622 879 656 γὰρ
893 621 940 647 καὶ

153 667 224 693 κατὰ
239 667 273 693 τὰ
287 666 334 693 δύο
348 667 418 702 μέρη
432 666 481 701 τῆς
495 666 600 701 φύσεως
615 666 744 702 Χριστοῦ,
765 666 844 701 σῶμα
861 667 940 701 μόνον

155 713 203 739 καὶ
220 712 335 747 θεότητά
352 721 428 747 φησι,
443 713 532 747 σάρκα
555 713 603 748 τὴν
622 713 660 744 ὡς
682 713 770 747 σῶμα,
788 713 817 739 οὐ
834 713 886 748 μὴν
902 713 939 744 ὡς

153 758 203 785 ἀνθ
208 759 352 794 ρωπότητα
361 758 394 785 λα
399 758 572 793 μϐανομένην
581 759 626 784 καὶ
634 758 721 792 Λόγον
731 767 738 774 ·
754 758 801 784 ὀινο
807 767 891 793 ρωποε
898 758 939 793 ιδῆ

152 803 181 830 at
201 802 250 837 τὴν
275 802 394 838 Χριστοῦ
419 802 516 829 ἕνωσιν
540 802 636 829 καλεί-
653 803 722 838 ὅπερ
746 800 780 838 ἦν
796 803 938 830 ίδιαίτατον

153 847 258 874 ἐκείνου
278 848 366 882 δόγμα
384 847 520 881 λέγοντος,
538 847 623 874 πάλαι
641 848 690 883 μὲν
707 848 767 875 ἀντὶ
781 848 869 883 ψυχῆς
884 848 937 874 σώ-

156 901 222 928 ματι
237 893 400 929 ἀνθρωπείῳ
417 893 575 928 ἐγγενέσθαι
597 892 646 928 τὴν
670 892 783 927 Θεότητα
807 893 854 920 καὶ
878 892 940 928 μίαν

155 939 237 973 φύσιν
252 940 402 975 ἀπαρτίσαι
415 939 518 975 ἄψυχον
531 939 607 967 θείαν
621 940 667 966 τὸν
682 939 811 975 Χριστὸν,
828 938 941 975 ὕστερον

151 985 182 1012 δὲ
198 985 351 1020 ὕφήσαντος
371 985 463 1017 ποσῶς
486 987 519 1021 τῇ
547 985 659 1020 ἀσεϐείᾳ
674 985 734 1011 ἀντὶ
758 985 803 1011 νοῦ
826 984 942 1020 ψυχικοῦ

155 1032 257 1057 ἐνεῖναι
271 1031 321 1066 τὴν
337 1030 451 1066 θεότητα
471 1032 500 1057 ὲν
521 1030 631 1069 Χριστῷ
648 1031 718 1064 μετὰ
733 1031 780 1057 τοῦ
795 1031 882 1064 Λόγου
894 1031 944 1064 τῆς

153 1076 242 1111 ψυχῆς
259 1076 359 1111 μέρους
382 1075 604 1111 δογματίζοντος·
621 1075 678 1102 ἀλλ’
694 1075 766 1103 οὕτω
789 1076 837 1111 μὲν
855 1075 944 1109 εὐερώ-

153 1131 237 1157 ρατος
252 1123 268 1158 ὴ
287 1123 357 1150 κατὰ
373 1123 419 1149 τοῦ
436 1123 542 1158 Πατρὺς
559 1123 602 1150 διὰ
624 1123 674 1158 τῆς
686 1122 840 1157 ἐπιγραφῆς
858 1130 939 1148 συκο-

154 1168 257 1200 φαντία
272 1177 278 1184 ·
292 1168 309 1203 ἡ
324 1167 351 1194 δὲ
364 1167 434 1194 κατὰ
447 1168 494 1194 τοῦ
508 1168 611 1204 Κυρίου
623 1167 782 1203 βλασφημία
798 1167 847 1202 ὅση
868 1168 941 1193 ὲστ“.ν

110 1219 116 1225 “
154 1214 184 1240 ὲν
212 1213 301 1240 τοῖσδε
336 1216 392 1245 τοῖς
420 1214 566 1249 ρησειδίοις
598 1213 758 1245 ἐξεταστέον
788 1214 880 1240 λοιπὸν
909 1213 943 1240 τὰ

155 1259 269 1284 πλεῖστα
285 1259 314 1285 ὲν
330 1258 421 1290 αὖτοῖς
435 1257 562 1293 ἁλόγιστα
578 1257 638 1284 καθ’
654 1258 683 1284 ἓν
701 1257 905 1292 βασανίζοντας.

989 263 1041 283 nec
1066 255 1111 282 alii
1139 259 1248 282 veteres
1271 255 1354 290 hujus
1382 255 1531 290 impietatis
1556 256 1679 291 magistri
1710 265 1767 292 pro-

987 300 1130 329 duxerim.
1155 301 1333 336 Perspicuum
1355 302 1429 329 enim
1448 306 1491 330 est
1514 307 1542 329 et
1565 303 1615 329 hos
1637 303 1709 337 ipsos
1728 303 1774 338 qui

990 347 1056 374 huic
1068 347 1187 383 dogmati
1204 348 1325 382 impense
1342 347 1444 381 favent,
1459 349 1501 375 vel
1518 354 1611 383 aperta
1627 350 1775 382 calumnia,

990 393 1033 421 vel
1058 394 1142 420 nimia
1158 393 1297 428 impietate
1315 394 1472 427 deterritos,
1490 394 1542 422 hac
1554 395 1580 422 in
1595 403 1624 422 re
1638 395 1776 430 praeterire

991 439 1118 467 consulto
1143 440 1209 468 Julii
1232 440 1406 475 aliorumque
1423 441 1533 468 Patrum
1559 449 1642 475 opera
1672 443 1775 473 omnia,

987 493 1053 512 .cum
1070 485 1240 520 ceteroquin
1256 485 1283 512 in
1312 492 1346 512 eo
1369 485 1411 512 vel
1435 486 1552 513 maxlme
1574 486 1699 513 laborare
1712 494 1777 513 con-

992 532 1144 563 sueverint,
1160 535 1190 558 ut
1200 539 1234 558 ex
1249 539 1344 558 eorum
1357 531 1466 566 scriptis
1478 532 1657 559 auctoritates
1670 532 1777 568 aliquas

989 577 1023 604 ad
1036 584 1092 604 sua:
1100 577 1243 604 sententia:
1251 576 1442 611 probationem
1464 577 1668 612 depromerent.
1683 577 1775 610 Quan-

990 630 1072 657 quam
1089 622 1134 657 qui
1158 622 1323 657 Apollinaris
1337 626 1444 649 vetusta
1462 622 1499 649 De
1523 622 1621 649 Christi
1638 623 1775 658 dispensa—

991 668 1061 694 tione
1070 668 1171 703 scripta
1183 668 1280 702 primis
1290 667 1374 694 labris
1383 667 1482 703 attigit,
1495 675 1530 694 ne
1542 667 1652 703 dignum
1666 668 1778 703 quidem

990 714 1108 748 putabit,
1129 714 1201 748 quod
1221 714 1249 740 in
1275 713 1389 740 dubium
1409 713 1435 740 id
1455 717 1615 746 revocetur;
1640 713 1710 740 sitne
1733 721 1765 748 ge

989 760 1116 792 nuinum,
1140 766 1242 790 annon,
1268 758 1321 785 hoc
1342 757 1407 786 Julii
1436 758 1636 785 testimonium.
1674 759 1779 786 Passim

990 803 1063 830 enim
1082 811 1144 830 cum
1161 803 1231 830 duas
1252 801 1354 829 Christi
1371 806 1476 829 natura:
1489 807 1593 836 partes,
1607 809 1708 837 corpus
1725 803 1781 830 sci—

990 849 1055 876 licet
1083 849 1183 881 solnm,
1207 853 1287 884 atque
1305 847 1476 875 divinitatem
1498 852 1708 880 commemorat;
1722 853 1779 875 tum

958 891 976 917 Β
993 895 1111 922 Verbum
1133 895 1280 921 humanam
1297 894 1430 921 duntaxat
1443 901 1566 926 cantem,
1583 902 1686 929 corpus
1703 895 1778 922 scili-

991 945 1044 972 cet,
1060 948 1113 968 non
1127 940 1260 975 integram
1277 940 1474 967 humanitatem
1489 939 1669 974 assumpsisse
1681 940 1781 974 praedi-

992 990 1046 1016 cat,
1062 989 1144 1020 atque
1155 985 1258 1013 Christi
1271 984 1500 1020 compositionem
1521 985 1648 1013 humanae
1663 986 1781 1013 similem

993 1031 1124 1066 appellat,
1145 1031 1217 1065 quod
1243 1035 1304 1058 crat
1327 1031 1497 1066 praecipuum
1514 1031 1600 1066 ipsius
1620 1031 1781 1065 Apollinarii

995 1077 1104 1110 dogma,
1127 1077 1173 1110 qui
1193 1077 1312 1111 primum
1346 1077 1464 1104 asseruit
1490 1076 1662 1103 divinitatem
1687 1077 1784 1104 animae

993 1122 1082 1149 vicem
1104 1129 1209 1157 gerere,
1236 1129 1373 1156 unamque
1390 1122 1475 1149 solam
1490 1122 1518 1148 in
1532 1122 1642 1149 Christo
1656 1126 1782 1150 naturam

994 1167 1115 1194 divinam
1142 1167 1232 1193 anima
1258 1167 1418 1194 destitutam
1440 1175 1519 1198 esse;
1540 1168 1641 1195 deinde
1657 1168 1781 1195 nonnihil

995 1212 1029 1239 de
1047 1212 1186 1246 impietate
1202 1219 1250 1239 sua
1272 1212 1475 1246 quodammodo
1490 1212 1666 1245 remittendo,
1685 1213 1784 1240 mentis

996 1258 1122 1285 humanae
1136 1257 1268 1284 duntaxat
1279 1256 1366 1284 ollicio
1379 1256 1454 1292 fungi
1468 1257 1641 1285 divinitatem
1659 1257 1688 1284 in
1701 1257 1783 1285 Chri-

152 1303 192 1329 sti
216 1302 305 1330 anima
327 1303 432 1336 docuit,
458 1303 609 1337 asseritque
631 1303 752 1330 Verbum
769 1310 829 1330 esse
855 1301 941 1338 ipsius
960 1303 1057 1330 animai
1077 1306 1193 1337 partem.
1216 1301 1295 1335 Quod
1330 1303 1421 1336 itaque
1444 1302 1554 1331 laudata
1589 1302 1706 1336 epistola
1721 1311 1785 1337 per-

154 1356 253 1384 peram
275 1348 348 1376 Julio
371 1349 519 1382 tribuatur,
544 1356 578 1376 ex
595 1348 677 1375 dictis
690 1347 834 1375 manifeste
851 1347 937 1383 liquet
956 1357 962 1374 :
983 1353 1084 1383 quanta
1098 1355 1163 1375 vero
1186 1355 1235 1380 per
1248 1355 1308 1375 eam
1333 1346 1443 1375 Christo
1463 1348 1578 1375 Domino
1612 1348 1657 1375 liat
1672 1348 1792 1383 injuria,

163 1393 349 1420 consideranti
390 1393 512 1428 patebit,
534 1393 557 1421 si
587 1393 700 1420 voculas
738 1392 826 1428 ipsas,
852 1400 1004 1428 earumque
1046 1393 1163 1420 maxima
1206 1392 1325 1419 absurda
1368 1397 1496 1420 accurate
1527 1393 1699 1428 perpendere
1737 1402 1786 1421 ve-

154 1439 250 1466 limus.

192 1493 204 1510 ι
219 1483 276 1511 Μία
299 1484 379 1519 φύσις
394 1484 462 1516 ἐστὶ,
488 1485 565 1520 φησὶ,
588 1484 682 1520 ἐπειδὴ
703 1485 848 1521 πρόσωπον
870 1484 909 1512 ἓν.
929 1494 938 1510 ι

154 1527 231 1566 'Apa.
243 1528 290 1557 οὖν
299 1531 366 1557 ὃπου
382 1531 494 1558 πλείονα
506 1531 652 1567 πρόσωπα,
668 1531 774 1562 πάντως
789 1531 835 1557 καὶ
848 1530 942 1565 φύσεις

156 1576 282 1608 πλείους·
300 1578 349 1603 καὶ
368 1577 423 1612 μὴν
437 1577 502 1613 τρία
524 1577 558 1603 τὰ
576 1577 635 1603 θεῖα
657 1577 801 1612 πρόσωπα,
820 1576 899 1611 φύσις
916 1575 944 1603 δὲ

157 1623 209 1656 μία
221 1631 228 1638 ο
243 1619 284 1654 οἷς
297 1622 414 1657 ἔμπαλιν
429 1623 485 1658 ἔχει
498 1624 570 1658 ὁτῆς
588 1623 742 1657 οἰκονομίας
754 1623 846 1657 λόγος,
860 1619 877 1660 ᾖ
894 1631 945 1658 φη·
962 1643 984 1660 ρ

157 1676 202 1694 σιν
216 1669 230 1695 ὁ
243 1668 368 1702 θεολόγος
378 1669 539 1704 Γρηγόριος.
556 1668 616 1695 Ἔτι
629 1669 683 1705 μὴν
697 1669 758 1695 ἐπεὶ
771 1669 817 1695 καὶ
836 1669 882 1695 τοῦ
896 1669 948 1704 μύ-

153 1712 223 1746 δρου
236 1713 385 1745 ὑπόστασις
401 1714 460 1748 μία,
486 1714 574 1740 είτουν
599 1714 754 1749 πρόσωπον,
767 1713 817 1749 μία
833 1713 881 1740 ναὶ
902 1713 949 1740 τοῦ

156 1759 188 1784 ἔν
203 1758 278 1794 αὐτῷ
292 1759 378 1794 πυρὸς
389 1758 437 1785 καὶ
451 1759 561 1794 σιδήρου
577 1759 658 1793 φύσις
674 1759 764 1785 ἐστίν·
779 1759 796 1794 ἢ
812 1759 888 1793 παρὰ
900 1758 949 1790 τὰς

158 1801 254 1832 κοινὰς
269 1802 374 1833 ἐννοίας
397 1802 545 1838 δοξάζομεν
568 1802 641 1831 τάδε,
669 1800 737 1829 Εἶτά
766 1811 842 1838 φησι,
869 1812 878 1828 ι
894 1803 951 1829 Οὐκ

159 1846 223 1881 εχον
237 1848 277 1879 εις
293 1846 339 1874 δύο
354 1848 495 1884 διαίρεσιν,
514 1849 576 1875 ἐπεὶ
592 1848 629 1884 μὴ
649 1848 701 1875 ίδία
723 1849 803 1883 φύσις
820 1849 836 1884 ἡ
855 1847 951 1881 θεότης

159 1893 233 1919 κατὰ
250 1893 302 1926 τὴν
317 1893 464 1928 σάρκωσιν.
485 1902 495 1919 ›
515 1894 552 1920 To
575 1891 632 1926 οὖν,
648 1894 711 1926 ἰδία,
722 1894 801 1920 τοῦτό
812 1901 911 1929 φησιν⁴
927 1895 951 1920 εἰ

163 1937 214 1971 μὲν
229 1937 300 1964 κατὰ
312 1939 404 1971 τόπον,
428 1939 513 1971 ὅντως
536 1939 586 1965 οὐκ
603 1939 678 1965 εστιν
693 1940 747 1975 ἰδίᾳ
769 1939 882 1975 θάτερον
897 1940 951 1966 ἀπὸ

160 1982 299 2017 θατέρου·
323 1984 373 2010 οὐκ
391 1984 449 2011 ἔστι
473 1984 527 2020 γὰρ
547 1985 639 2016 αὐτοῖς
667 1985 779 2016 τοπικδς
801 1985 950 2020 διορισμὸς,

159 2028 203 2053 ὃτι
216 2027 246 2053 ἓν
257 2027 295 2062 τῷ
307 2028 468 2064 ἀνθρωπίνῳ
482 2029 529 2055 τοῦ
553 2028 672 2065 Χριστοῦ
702 2031 825 2056 κατοικετ
849 2030 903 2056 πᾶν
921 2029 952 2055 τὸ

160 2072 301 2107 πλήρωμα
315 2073 366 2107 τῆς
381 2073 506 2108 θεότητος
523 2073 703 2108 σωματικῶς”
721 2075 745 2100 εί
768 2073 797 2100 δὲ
811 2073 881 2100 κατὰ
898 2073 951 2100 Λό-

160 2127 222 2151 γον,
237 2119 287 2145 οὐκ
303 2119 376 2145 ἐστιν
393 2120 510 2153 ἑκατέρα
526 2119 664 2150 ίδιάζουσσ.
679 2119 759 2153 φύσις
777 2119 809 2146 ὲκ
823 2118 950 2154 οατέρας·

160 2163 242 2190 τοῦτο
255 2164 310 2199 γὰρ
325 2164 470 2206 ἐσαηὴνιξε
495 2164 540 2191 διὰ
561 2165 615 2191 τῶν
634 2165 703 2200 μετὰ
718 2164 832 2200 βραχέα,
844 2165 931 2198 λέγων
944 2172 950 2178 ·

165 2218 176 2234 ι
195 2209 269 2236 Μίαν
295 2209 480 2244 ὁμολογοῦμεν
507 2210 587 2244 φύσιν
609 2211 658 2245 τῆς
680 2210 801 2241 ἀπαθοῦς
823 2209 952 2241 θεότητος

162 2254 211 2280 καὶ
237 2253 287 2287 τῆς
304 2254 430 2288 παθητῆς
449 2254 566 2288 σαρκός·
591 2254 638 2280 καὶ
652 2253 714 2279 οὔτε
735 2253 750 2287 ἡ
773 2252 892 2279 ἀπάθεια
905 2252 951 2278 τοῦ

163 2299 263 2333 Λόγου,
280 2299 342 2325 οὔτε
357 2299 388 2325 τὺ
404 2300 488 2331 πάθος
503 2299 551 2333 τῆς
567 2299 666 2334 σαρκὸς
684 2300 759 2331 ἴδιον,
776 2299 855 2334 δῆλον
869 2299 950 2324 πᾶσιν
964 2313 991 2341 D

158 2343 203 2374 ὡς
217 2345 264 2370 καὶ
276 2344 293 2370 ὁ
307 2344 392 2377 Λόγος
418 2344 503 2379 αὐτῆς
524 2345 564 2376 είς
582 2344 647 2370 ἴδιον
671 2344 750 2377 λόγον
767 2343 862 2375 ἔπαθε,
877 2344 922 2370 καὶ
935 2344 950 2377 ἡ

164 2389 235 2424 σὰρξ
248 2389 306 2425 ἰδίῳ
328 2389 399 2425 λόγῳ
410 2389 461 2416 οὐκ
474 2390 588 2417 ἔπαθενι
603 2390 770 2424 ὲζωοποίηᾶέ
783 2398 814 2415 τε
828 2390 859 2415 οί)
875 2389 953 2424 μόνον

162 2435 181 2459 ό
196 2435 279 2469 Λόγος
295 2436 346 2470 τὴν
362 2436 462 2470 σάρκα,
487 2435 555 2462 ἀλλὰ
580 2436 628 2462 καὶ
649 2437 666 2471 ὴ
694 2436 762 2471 σὰρξ
789 2435 835 2461 τὸν
858 2435 952 2468 Λόγον,

164 2480 254 2506 show
267 2480 285 2515 ἡ
300 2480 488 2516 ἁνθρωπότης,
500 2481 516 2515 ἢ
529 2481 566 2511 ὠς
581 2477 657 2512 οὗτος
669 2480 753 2514 λέγει,
768 2480 799 2505 τὸ
812 2479 891 2514 σῶμα
905 2478 954 2514 τὴν

164 2533 290 2560 οεστητα.
316 2536 326 2552 a

1033 1492 1043 1509 ι
1063 1485 1122 1513 Una
1145 1489 1244 1511 natura
1263 1489 1315 1516 est,
1339 1483 1388 1517 ait,
1414 1484 1637 1519 quandoquidem
1665 1493 1719 1512 una
1743 1493 1786 1518 es;

997 1536 1124 1564 persona.
1140 1538 1149 1554 ι
1167 1529 1296 1563 Nunquid
1310 1536 1375 1564 ergo
1393 1529 1440 1555 ubi
1461 1533 1525 1556 sunt
1538 1537 1666 1563 persona:
1681 1530 1785 1564 plures.

999 1574 1037 1601 ibi
1063 1581 1173 1608 quoque
1192 1577 1256 1600 sunt
1274 1577 1379 1601 natura:
1400 1573 1508 1608 plures?
1532 1573 1615 1608 Atqui
1632 1578 1688 1601 tres
1703 1574 1732 1601 in
1745 1574 1788 1601 di-

999 1620 1113 1647 vinitate
1135 1624 1200 1647 sunt
1221 1627 1356 1655 personm,
1373 1624 1470 1646 natura
1494 1623 1584 1646 tamen
1599 1627 1654 1646 una
1668 1628 1674 1645 :
1690 1624 1786 1646 contra

1001 1672 1068 1692 vero
1084 1671 1114 1692 se
1131 1672 1175 1691 res
1197 1665 1279 1691 habet
1303 1664 1330 1691 in
1355 1664 1413 1699 ipsa
1435 1663 1538 1691 Christi
1569 1663 1786 1698 dispensatione,

1001 1714 1072 1738 teste
1088 1710 1221 1745 Gregorio
1237 1709 1387 1744 Theologo.
1402 1709 1537 1737 Praeterea
1554 1717 1618 1736 cum
1633 1708 1701 1736 ferri
1719 1716 1787 1736 can-

1002 1754 1092 1782 dentis
1116 1762 1170 1782 una
1192 1754 1229 1782 sit
1244 1754 1432 1786 subsistentia,
1448 1762 1496 1782 seu
1514 1762 1642 1789 persona;
1662 1754 1786 1790 nunquid

1001 1807 1056 1827 una
1078 1799 1106 1827 in
1121 1807 1154 1827 eo
1167 1803 1195 1827 et
1213 1799 1293 1835 ignis,
1316 1804 1344 1826 et
1368 1799 1434 1826 ferri
1447 1799 1564 1826 natura?
1576 1799 1675 1827 Hmcne
1690 1803 1787 1826 contra

998 1853 1164 1873 communes
1184 1854 1201 1873 a
1226 1849 1325 1872 natura
1338 1845 1419 1872 nobis
1434 1845 1531 1873 insitas
1548 1845 1623 1880 leges
1638 1846 1676 1872 ita
1695 1853 1724 1873 se
1741 1846 1790 1872 ha-

1001 1892 1069 1919 bere
1091 1890 1241 1927 putamus!
1262 1890 1362 1925 Adjicit
1394 1890 1493 1917 deinde
1517 1898 1524 1917 :
1552 1899 1561 1916 ι
1576 1890 1643 1923 Quae
1671 1891 1698 1918 in
1721 1891 1790 1918 duas

1003 1938 1088 1965 dividi
1102 1937 1209 1972 nequit,
1220 1935 1441 1971 quandoquidem
1453 1935 1583 1963 divinitas
1592 1936 1665 1963 haud
1675 1937 1789 1963 seorsim

1003 1992 1018 2011 a
1038 1992 1120 2011 carne
1143 1987 1282 2018 assumpta
1300 1982 1328 2008 in
1339 1981 1452 2009 Christo
1471 1982 1608 2009 subsistit.
1625 1992 1634 2007 ι
1653 1982 1710 2009 Hoc
1731 1986 1789 2008 est:

1003 2029 1077 2064 quod
1102 2029 1201 2056 attinet
1216 2027 1250 2055 ad
1268 2028 1358 2055 locum
1372 2035 1437 2054 vere
1450 2034 1535 2054 unum
1550 2027 1665 2055 seorsim
1687 2027 1721 2054 ab
1737 2026 1791 2054 alio

1002 2082 1058 2102 non
1082 2074 1218 2106 subsistit,
1232 2072 1455 2108 quandoquidem
1469 2073 1529 2099 loco
1545 2080 1599 2099 non
1613 2072 1790 2107 distinguun-

1004 2125 1059 2151 tur,
1073 2127 1134 2147 cum
1159 2119 1187 2146 in
1207 2118 1326 2145 humana
1340 2117 1442 2145 Christi
1464 2124 1547 2145 carne
1563 2121 1620 2144 tota
1639 2117 1791 2145 divinitatis

1003 2165 1147 2201 plenitudo
1171 2163 1353 2198 corporaliter
1374 2163 1455 2198 degat
1474 2171 1480 2189 :
1505 2163 1581 2198 quod
1605 2170 1672 2190 vero
1686 2168 1791 2199 spectat

1003 2212 1037 2239 ad
1061 2210 1191 2239 Verbum.
1214 2209 1336 2244 profecto
1361 2208 1415 2235 dici
1441 2208 1538 2243 nequit
1565 2212 1692 2236 naturam
1710 2216 1791 2236 unam

1004 2257 1119 2285 seorsim
1143 2256 1178 2283 ab
1202 2255 1255 2282 alia
1270 2254 1420 2282 secundum
1447 2246 1476 2282 se
1494 2254 1604 2289 degere,
1621 2254 1693 2289 quod
1710 2255 1793 2290 paulo

1005 2303 1065 2335 post
1077 2299 1113 2326 ita
1125 2299 1274 2327 declaravit
1288 2309 1295 2326 :
1313 2309 1323 2326 ι
1335 2300 1433 2333 Unam,
1450 2300 1550 2334 inquit,
1563 2300 1727 2327 conﬁtemur
1743 2308 1792 2327 na-

1003 2351 1093 2372 turam
1126 2345 1305 2380 impassibilis
1337 2345 1506 2378 divinitatis,
1541 2350 1623 2380 atque
1655 2345 1794 2380 passibiiis

1001 2392 1104 2419 carnis.
1137 2391 1215 2424 Quod
1250 2399 1333 2426 porro
1365 2399 1455 2427 neque
1487 2399 1581 2418 carere
1619 2391 1794 2426 passionibus

1004 2436 1145 2472 proprium
1169 2437 1204 2464 sit
1225 2436 1318 2468 Verbi,
1343 2444 1394 2464 nec
1417 2436 1451 2464 iis
1479 2436 1628 2464 obnoxium
1652 2435 1710 2463 lteri
1725 2444 1794 2471 pro-

1004 2482 1097 2516 prium
1121 2482 1158 2509 sit
1184 2482 1292 2515 carnis;
1318 2482 1344 2509 id
1372 2491 1404 2510 ex
1428 2490 1461 2510 eo
1483 2482 1589 2517 liquido
1611 2486 1696 2516 patet,
1721 2482 1792 2517 quod

1006 2526 1126 2553 Verbum
1152 2526 1180 2553 in
1207 2527 1317 2561 propria
1332 2535 1449 2562 persona
1473 2534 1594 2562 passum,
1611 2535 1664 2554 non
1680 2527 1743 2553 item
1765 2527 1792 2553 in

163 2571 276 2606 proprio
302 2580 420 2607 persona
444 2581 523 2607 passa
550 2580 615 2600 caro
631 2580 695 2600 vere
717 2572 836 2600 dieatnr.
852 2571 887 2598 Et
901 2579 955 2599 non
977 2573 1058 2599 modo
1078 2572 1199 2600 Verbum
1225 2580 1346 2606 carnem,
1380 2573 1428 2601 sed
1445 2574 1527 2601 etiam
1544 2580 1610 2600 caro
1643 2571 1792 2598 viviﬁeav;t.

166 2618 298 2651 Verbum,
312 2619 418 2647 scilicet
431 2620 587 2648 humanitas
598 2620 661 2656 (vel,
677 2624 707 2647 ut
721 2619 767 2647 hic
778 2619 838 2652 ait),
852 2627 952 2654 corpus
974 2619 1120 2647 viviﬁcavit
1144 2619 1326 2648 divinitatem.
1340 2630 1349 2647 ι

199 2662 250 2691 Ὧν
266 2665 307 2697 τίς
323 2665 500 2701 βλασφημίας
527 2667 677 2703 ὑπέρτερος
700 2665 795 2700 λόγο;;
816 2665 896 2691 Ἀλλὰ
908 2665 953 2691 τὸν

164 2711 231 2746 περὶ
258 2711 307 2743 τὰς
333 2712 443 2744 ἀσεϐεῖς
466 2712 585 2744 διανοίας
614 2712 797 2747 συμϐαίνοντα
821 2711 902 2737 σάλον
925 2710 955 2742 ἐξ

166 2756 312 2791 ἀδρανείας
324 2757 372 2784 τοῦ
386 2757 511 2792 ψεύδους,
523 2758 570 2784 καὶ
583 2757 626 2784 διὰ
637 2758 691 2784 τῶν
709 2757 772 2792 ἑξῆς
787 2756 948 2791 σκοπητέον.

170 2810 179 2823 ε
193 2800 261 2828 Οὔτε
273 2802 327 2836 γὰρ
341 2802 372 2828 τὺ
391 2802 470 2836 σῶμα
490 2802 550 2829 καθ’
571 2802 652 2829 ἑαυτὸ
672 2801 764 2836 φύσις,
783 2801 859 2836 φησὶ,
887 2800 954 2836 μηδὲ

167 2847 296 2878 ζωοποιὺν
312 2848 373 2876 καθ’
387 2848 477 2882 ἑαυτὸ,
490 2848 557 2884 μηδὲ
576 2848 765 2884 διατέμνεσοαι
776 2848 949 2881 δυνάμενον.)

1042 2665 1148 2698 Quibus
1170 2666 1236 2700 quid
1261 2667 1408 2694 absurdius
1424 2666 1476 2694 dici
1495 2670 1603 2701 potest.
1627 2665 1694 2701 quid
1707 2673 1720 2694 a
1734 2666 1792 2700 pie-
1806 2663 1809 2666 ’

1005 2710 1071 2737 tatis
1100 2711 1208 2739 ratione
1230 2712 1363 2739 alienius?
1395 2711 1448 2739 Sed
1473 2711 1678 2739 consideremus
1703 2715 1732 2738 et
1760 2719 1793 2740 ex

1005 2757 1184 2791 sequentibus
1211 2758 1355 2792 impiarum
1371 2757 1568 2792 cogitationum
1583 2762 1681 2785 aestum
1694 2765 1727 2784 ae
1740 2756 1792 2783 llu—

1003 2806 1090 2834 ctum,
1114 2802 1160 2837 qui
1180 2803 1298 2830 instabili
1315 2803 1458 2831 mendacio
1474 2803 1634 2831 suscitatur.
1656 2811 1665 2828 ι
1680 2802 1787 2837 Corpus

1006 2847 1092 2879 enim,
1107 2847 1157 2881 ait,
1176 2855 1227 2875 nec
1247 2848 1336 2882 ipsum
1356 2856 1404 2882 per
1419 2857 1446 2875 se
1463 2848 1614 2876 subsistens
1631 2853 1727 2876 natura
1740 2853 1785 2875 ese
