1963 3077
190 152 254 183 1871

802 149 955 179 LEONTII
975 150 1175 180 BYZANTINI

1739 147 1804 180 1872

189 214 278 241 neque
304 213 352 241 per
378 213 406 233 se
428 206 520 238 vitale,
535 213 585 232 nec
605 204 771 240 hujusmodi,
790 204 862 239 quod
881 199 969 231 scindi

1023 205 1092 240 Ἀρι
1107 204 1172 238 γοῦν
1188 204 1280 239 ὥσπερ
1301 204 1350 230 οὐκ
1365 204 1419 238 ἔχει
1435 203 1464 230 τὸ
1484 203 1613 235 ζωοποιὸν
1631 204 1661 230 ἐκ
1675 203 1720 230 τοῦ
1740 204 1805 230 ἰδίου

189 256 279 287 queat.
298 261 306 278 ι
331 251 459 286 Nunquid
477 259 542 286 ergo
558 251 622 285 quia
641 258 695 277 non
719 250 801 277 habet
818 258 851 277 ex
876 250 971 277 intima

188 299 230 326 sui
255 304 364 329 natura,
386 303 416 324 ut
442 297 522 324 vitale
541 297 587 328 sit,
604 304 637 323 ne
663 296 729 323 illud
749 296 860 331 quidem
877 296 969 327 habet,

188 348 218 371 ut
242 343 331 371 scindi
353 343 458 378 possit?
476 350 512 369 an
536 350 620 368 unum
637 342 748 377 quidem
763 342 796 369 ab
812 342 908 369 intima
922 350 970 369 sua

188 395 283 417 natura
297 389 388 421 habet,
407 389 522 415 alterum
540 396 606 415 vero
625 388 819 423 nequaquam?
839 388 877 415 Ac
893 388 970 415 dein-

187 443 251 469 ceps
271 443 304 462 ex
327 434 520 469 conjunctione
541 442 603 461 cum
629 442 672 466 eo,
697 434 771 468 quod
797 439 896 461 natura
923 442 970 460 sua

187 480 324 507 viviﬁcum
348 484 391 507 est
406 484 434 507 et
456 480 640 510 individuum.
664 479 784 506 obtinuit
811 484 969 513 utrumque.

185 525 263 559 Quod
283 525 306 552 si
335 530 410 553 caret
424 525 481 552 suis
494 525 720 560 proprietatibus.
738 529 766 552 et
786 525 907 559 corporis
915 521 969 551 na-

186 574 247 597 tura
257 569 313 596 vim
329 577 406 597 suam
422 569 576 596 exserendo
587 569 673 596 dividi
695 577 724 597 se
744 577 824 604 posse
843 569 971 604 patefecit

186 615 214 641 in
235 614 346 642 Christo
363 623 369 641 :
387 615 409 641 si
426 622 515 650 neque
531 615 664 647 Verbum,
688 623 776 649 neque
793 622 857 642 caro
871 615 971 642 discin-

185 659 213 686 di
227 663 364 694 poterant,
379 659 441 694 quis
460 660 640 687 circumcisus
651 660 711 687 est?
727 660 789 694 quis
805 660 889 687 clavis
903 668 970 687 con-

187 704 272 731 ﬁxus?
289 704 350 739 quis
364 704 458 732 lancea
470 705 726 733 transverberatus?
736 705 793 732 Nisi
809 706 866 733 haec
879 706 970 740 specie

187 756 275 783 tenus,
300 755 328 777 et
350 751 455 778 umbra:
475 751 624 786 contigisse
649 751 752 778 dicant.

220 796 368 824 Videamus
385 801 475 824 autem
494 802 594 832 quanta
620 801 724 824 scateat
736 797 873 824 dementia
896 798 969 832 quod

185 842 324 878 adjicitur.
338 842 383 869 Ait
399 843 472 869 enim
490 852 495 870 :
519 853 527 869 ι
541 843 634 878 Neque
651 843 772 871 Verbum
789 843 815 870 in
830 844 968 878 propriam

186 892 309 914 naturam
326 889 490 922 secernitur,
510 897 592 924 quam
610 889 693 917 habet
709 889 735 916 in
754 890 845 918 carnis
858 895 970 924 experte

185 935 361 962 divinitate.»
383 935 494 962 Retinet
515 943 592 970 ergo,
610 934 804 970 sapientissimi
830 935 893 968 viri,
908 943 970 970 pro-

185 981 273 1015 priam
301 985 426 1008 naturam
451 981 571 1009 Verbum
595 981 660 1016 (qua
683 982 773 1008 carnis
799 988 898 1016 expers
916 982 969 1015 est)

184 1027 266 1054 etiam
289 1031 467 1062 posteaquam
498 1034 607 1054 carnem
642 1027 798 1061 assumpsit.
826 1027 970 1059 Quomodo

183 1080 249 1108 ergo
271 1077 378 1099 vestros
398 1079 454 1099 non
468 1071 658 1099 insectamini?
677 1072 781 1106 Ecquid
797 1073 829 1098 all
845 1072 903 1099 haec
917 1072 969 1099 alia

184 1117 351 1152 respondere
365 1117 446 1144 nobis
462 1117 606 1151 poteritis?
620 1117 661 1143 An
674 1122 702 1143 et
719 1117 875 1144 humanitas
889 1117 969 1144 Chri-

183 1160 217 1187 sti
245 1160 364 1191 Domini,
386 1167 438 1194 qua
456 1167 520 1186 caro
536 1164 588 1190 est,
611 1167 688 1187 suam
713 1160 813 1187 retinet
829 1165 967 1193 naturam,

182 1202 291 1232 etiamsi
316 1204 434 1231 Verbum
463 1211 523 1230 eam
550 1203 643 1230 statim
661 1209 831 1238 procreatam
850 1205 902 1232 sibi
922 1213 968 1233 co-

183 1249 288 1284 pulavit
302 1258 308 1275 :
330 1257 362 1276 an
379 1249 436 1276 sola
448 1253 546 1276 natura
559 1249 641 1276 Verbi
654 1250 749 1277 carnis
761 1257 861 1285 expers
876 1251 903 1277 in
919 1259 969 1278 suo

183 1300 255 1321 statu
276 1294 386 1325 mansit,
403 1299 486 1329 atque
501 1302 570 1321 mna
585 1295 708 1329 quaedam
727 1296 831 1330 species
846 1296 897 1324 fuit
912 1297 967 1328 illa,

182 1348 236 1375 qua
259 1340 387 1367 Christus
410 1340 529 1367 humana
558 1348 639 1368 carne
662 1341 792 1375 przeditus
822 1342 970 1376 apparuit?

183 1385 249 1411 Nam
276 1386 298 1412 si
318 1393 383 1412 vera
406 1392 471 1412 caro
497 1385 603 1418 fuisset,
627 1385 688 1413 dua:
719 1386 842 1420 profecto
865 1390 969 1414 naturae

183 1430 375 1458 convenissent
406 1430 434 1456 in
461 1438 558 1460 unam,
586 1429 765 1464 eamdemque
796 1438 969 1458 communem

1022 250 1111 284 λόγου,
1127 250 1211 282 οὕτως
1224 250 1284 276 οὐδὲ
1301 250 1330 276 τὸ
1347 249 1536 284 διατέμνεσοαι
1553 250 1608 284 ἔχει
1627 251 1658 276 ὲκ
1672 249 1719 276 τοῦ
1738 250 1805 276 ἰδίου
1820 251 1822 253 ’

1022 295 1101 329 λόγου
1118 296 1148 322 τὸ
1163 295 1259 330 σῶμα·
1277 296 1293 331 ῆ
1309 296 1340 322 ἐκ
1358 296 1407 330 μὲν
1425 295 1471 322 τοῦ
1494 295 1572 328 λόγου
1593 296 1642 329 τῆς
1670 295 1737 326 ιδίας
1756 295 1806 328 φύ-

1022 350 1089 372 σεως
1105 341 1217 376 θάτερον
1233 341 1298 375 ἔχει,
1324 341 1417 375 ἕτερον
1440 341 1467 367 δὲ
1499 340 1547 366 οὔ·
1571 342 1604 367 ὲκ
1623 340 1651 366 δὲ
1672 341 1722 375 τῆς
1737 341 1805 375 πρὸς

1022 386 1151 418 ζωοποιὺν
1169 387 1215 413 καὶ
1240 387 1406 421 ἁδιάτμητον
1428 386 1506 421 φύσει
1525 385 1553 412 ὃν
1570 385 1701 417 ὲνὼσεως,
1717 386 1805 420 ἀμφό-

1020 440 1086 466 τερα
1106 432 1217 458 ἔλαόεν·
1250 431 1336 463 ἄλλως
1355 431 1393 463 δὲ,
1419 432 1443 458 εἰ
1474 431 1511 466 μὴ
1536 431 1591 465 ἔχει
1616 431 1650 456 τὰ
1672 430 1737 463 ἴδια,
1758 432 1804 456 καὶ

1022 477 1177 509 ἐπεδείξατο
1191 478 1317 513 ἐνεργείᾳ
1338 478 1354 513 ἡ
1378 477 1457 511 φύσις
1475 477 1520 503 τοῦ
1542 477 1667 511 σώματος
1691 477 1720 502 τὸ
1744 477 1804 502 δια,

1020 523 1122 558 τμητὸν
1137 523 1221 556 αὐτῆς
1238 524 1266 549 ὲν
1289 522 1409 557 Χριστῷ,
1437 522 1497 548 οὔτε
1522 522 1571 555 τῆς
1598 521 1699 556 σαρκὸς
1723 520 1805 555 οὔσης

1020 567 1182 602 διατμητῆς,
1199 568 1240 599 τίς
1257 567 1446 602 περιετμήθης
1462 567 1503 598 τις
1523 567 1551 593 δὲ
1563 567 1637 601 ἥλοις
1654 574 1803 601 κατεπερο-

1021 613 1106 648 νήθη;
1124 613 1163 644 τις
1183 613 1210 639 δὲ
1233 613 1315 647 λόγχῃ
1332 612 1461 647 διῃρέθη,
1481 612 1549 648 πλὴν
1569 613 1592 637 εἰ
1617 611 1654 646 μὴ
1671 611 1805 646 φαντασία

1020 668 1061 690 τις
1076 659 1123 685 καὶ
1140 660 1218 690 σκιᾶς
1234 659 1327 690 τύπος.

1056 796 1092 822 Τὸ
1115 795 1143 822 δὲ
1171 796 1340 831 ἐπαγόμενον
1365 797 1429 831 ὅσης
1451 795 1530 831 γέμει
1546 795 1594 830 τῆς
1611 794 1703 825 ἀνοίας
1719 801 1805 829 προσ-

1021 842 1114 869 εκτέον
1126 850 1132 855 ·
1150 842 1217 876 φησὶ
1235 842 1299 876 γάρ·
1329 850 1338 867 ι
1353 841 1420 868 Οὔτε
1439 842 1453 867 ὁ
1474 841 1559 874 Λόγος
1578 841 1617 871 εις
1635 840 1702 866 ίδίαν
1728 839 1808 874 μερί-

1021 888 1095 919 ζεται
1113 887 1193 921 φύσιν
1206 887 1239 922 ἢν
1258 887 1313 922 ἔχει
1332 887 1402 914 κατὰ
1424 887 1453 913 τὸ
1474 886 1603 921 ἄσαρκον.
1625 895 1632 911 ι
1651 885 1727 920 Ἔχει
1748 883 1804 916 οὖν,

1019 930 1042 959 ὦ
1060 933 1145 967 σοφοὶ,
1169 932 1240 959 κατὰ
1256 932 1286 958 τὸ
1304 933 1424 967 ἄσαρκόν
1443 932 1509 958 ἰδίαν
1532 931 1611 965 φύσιν
1626 932 1639 957 ὁ
1661 924 1747 964 Λόγος
1765 929 1806 956 ἑτι

1020 979 1066 1005 καὶ
1085 978 1257 1013 ἐπιδημήσας
1277 979 1305 1004 ἐν
1325 978 1425 1014 σαρκί·
1444 977 1491 1004 καὶ
1510 978 1569 1009 πῶς
1592 977 1646 1003 τῶν
1666 976 1807 1011 ὑμετέρων

1019 1024 1068 1050 οὐκ
1095 1024 1237 1055 ὲπαῖοιτες
1264 1022 1289 1049 τί
1314 1031 1347 1054 ¹τε
1374 1024 1440 1057 ἡμῖν
1464 1021 1710 1058 προσεπερωτῶσιν
1734 1021 1806 1055 ὑμᾶς

1019 1067 1257 1103 ὰποκριθήσεσθε;
1281 1065 1335 1103 ἆρα
1349 1068 1403 1103 γὰρ
1416 1067 1462 1094 καὶ
1479 1068 1492 1094 6
1510 1066 1649 1101 Κυριακὺς
1664 1065 1806 1100 ἄνθρωπος

1019 1113 1075 1148 ἔχει
1094 1113 1162 1139 ἰδίαν
1179 1113 1259 1147 φύσιν
1277 1113 1348 1139 κατὰ
1371 1112 1400 1139 τὺ
1423 1112 1564 1148 σαρκικὺν,
1589 1111 1613 1137 εί
1636 1110 1683 1137 καὶ
1706 1109 1806 1139 ὲνθέως

1019 1159 1207 1193 ὲπεδήμησενν
1218 1159 1235 1194 ἢ
1251 1158 1298 1185 τοῦ
1315 1158 1402 1192 Λόγου
1429 1159 1508 1192 μόνον
1527 1157 1642 1189 σώζεται
1657 1156 1672 1191 ή
1695 1155 1775 1190 φύσις
1789 1155 1805 1189 ἡ

1018 1204 1156 1239 ἄσαρκος;
1174 1203 1284 1239 δόκησις
1311 1204 1338 1230 δὲ
1360 1201 1393 1238 ἦν
1418 1205 1434 1239 ἡ
1460 1203 1613 1238 φανέρωσις
1631 1202 1678 1237 τῆς
1705 1201 1807 1237 σαρκις

1017 1249 1064 1276 τοῦ
1081 1249 1202 1284 Κυρίου;
1219 1250 1243 1275 εἰ
1265 1257 1318 1284 γαρ
1345 1248 1459 1284 ἀληθείᾳ
1479 1245 1513 1284 ἦν
1535 1249 1551 1283 ή
1580 1248 1733 1282 φανέρωσις
1756 1247 1805 1281 τῆς

1020 1295 1119 1331 σαρκὸς
1133 1295 1180 1321 τοῦ
1196 1295 1313 1330 κυρίους
1336 1295 1361 1320 εἰ
1376 1294 1430 1330 γὰρ
1447 1293 1561 1329 ἀληθείᾳ.
1576 1291 1608 1329 ἦν
1631 1292 1677 1320 δύο
1698 1292 1804 1326 φύσεις,

1019 1341 1135 1375 ἑκατέρα.
1147 1340 1230 1367 τῶνδε
1243 1339 1402 1373 συνάγουσιν
1416 1341 1453 1370 εἰς
1471 1339 1532 1374 μίαν
1547 1339 1641 1374 κοινὴν
1656 1339 1806 1364 ὑπόστασιν

1020 1386 1191 1421 συνηγμένας
1205 1386 1254 1420 τὴν
1268 1385 1361 1413 αὑτοῦ.
1385 1385 1452 1412 Ἀλλ’
1468 1385 1514 1411 ἐπὶ
1538 1385 1642 1415 τούτοις
1663 1384 1688 1411 τί
1705 1392 1803 1419 φησιν;

1019 1433 1042 1458 εἰ
1058 1432 1085 1458 δὲ
1104 1432 1131 1457 ἓν
1149 1432 1279 1467 ἑκάτερόν
1293 1432 1350 1457 ἐστι
1368 1431 1439 1457 κατὰ
1451 1431 1502 1465 τὴν
1524 1431 1647 1457 σύνοδονο
1665 1426 1686 1456 ὦ
1701 1430 1806 1465 ἄνθρωε

183 1475 400 1505 subsistentiam.
423 1475 493 1508 Quid
517 1475 550 1502 ad
569 1476 645 1503 haec?
668 1484 758 1503 nonne
782 1484 831 1511 per
855 1478 969 1512 conjun-

1021 1487 1064 1510 πε,
1078 1479 1102 1504 εί
1124 1477 1164 1509 ἓν,
1193 1477 1250 1509 πῶς
1277 1477 1422 1513 ἐκάτερον;
1443 1478 1467 1504 sl
1488 1477 1516 1504 δὲ
1541 1477 1681 1513 ἑκάτερον,
1703 1476 1759 1508 πῶς
1777 1476 1806 1502 ἓν

183 1521 302 1549 σιίοηθιιι
317 1526 464 1556 utrumque
482 1521 511 1548 [it
523 1529 619 1553 unum,
633 1521 674 1548 vir
689 1521 807 1549 eximie?
828 1527 856 1549 at
869 1522 891 1549 si
905 1530 968 1550 vere

1021 1523 1089 1550 κατὰ
1103 1524 1133 1550 τὸ
1147 1523 1213 1550 αὐτὸ
1231 1523 1306 1550 ἔσται
1318 1532 1325 1556 ;
1339 1523 1442 1550 Οὐκοῦν
1467 1523 1550 1558 σαφὲς
1566 1524 1606 1550 ὅτι
1630 1523 1658 1549 ἒν
1673 1523 1720 1558 μὲν
1736 1523 1806 1549 κατὰ

185 1575 280 1598 unum,
303 1567 441 1602 quomodo
470 1566 639 1601 utrumque?
663 1566 691 1594 Si
716 1575 780 1594 vero
804 1572 969 1602 utrumque,

1021 1571 1048 1596 τὺ
1067 1569 1233 1604 πρώσωπον,
1250 1570 1378 1605 ἑκάτερον
1404 1570 1432 1596 δὲ
1456 1569 1526 1596 κατὰ
1546 1570 1594 1601 τὰς
1610 1569 1705 1603 φύσεις
1720 1568 1803 1595 ἐστίν.

183 1611 320 1646 quomodo
342 1610 492 1637 secundum
510 1610 582 1637 idem
599 1610 651 1637 erit
668 1612 775 1638 unum?
799 1611 894 1640 Nonne
910 1620 970 1647 per-

184 1657 309 1692 spicuum
323 1661 366 1683 est
379 1656 451 1683 idem
470 1656 524 1683 dici
544 1664 628 1683 unum
640 1656 674 1683 ob
688 1657 820 1684 unitatem
836 1665 969 1692 persona),

183 1707 211 1730 et
223 1707 369 1736 utrumque
384 1702 418 1729 ob
434 1707 558 1729 naturam
569 1702 723 1737 duplicem?
734 1703 854 1735 Minime,
871 1703 969 1738 inquit.

184 1749 230 1776 sed
245 1749 298 1776 hoc
313 1748 414 1775 dicitur
430 1748 465 1775 ob
476 1748 702 1783 compositionem
717 1748 843 1776 humana:
857 1757 971 1783 prorsus

183 1795 312 1822 similem.
336 1793 406 1827 Quid
429 1794 514 1828 ergo?
539 1793 618 1821 Salva
641 1800 769 1822 manente
791 1800 888 1823 natura
908 1803 969 1823 cor—

185 1841 260 1876 poris
281 1845 309 1867 et
333 1841 440 1872 animae,
474 1840 597 1875 nunquid
622 1844 650 1867 et
676 1841 756 1868 aliam
786 1841 839 1877 (~24)
870 1846 968 1876 praeter

184 1886 266 1913 hasce
293 1890 417 1912 naturam
433 1893 493 1913 esse
512 1885 539 1911 in
554 1886 665 1913 homine
697 1886 834 1917 novimus.
861 1888 972 1914 annon?

184 1931 213 1960 Si
238 1939 377 1967 negemus,
394 1939 445 1958 nec
458 1931 483 1958 in
497 1931 605 1959 Christo
620 1931 736 1959 Domino
755 1932 828 1959 salva
842 1937 970 1960 manente

184 1977 327 2005 divinitate
353 1983 380 2004 et
400 1977 581 2009 humanitateI
597 1985 710 2006 necesse
731 1979 812 2006 nobis
827 1979 881 2006 erit
896 1986 970 2006 com-

184 2023 292 2050 minisci
323 2022 546 2049 communionem
574 2022 655 2050 aliam
688 2027 832 2056 naturam;
853 2024 876 2051 si
902 2031 969 2060 vero

183 2067 359 2100 allirmemus,
371 2067 623 2102 contendamusque
636 2073 734 2102 praeter
745 2069 853 2100 animae,
866 2073 894 2097 et
905 2077 968 2096 cor-

1020 1615 1095 1649 Οὺχὶ,
1114 1615 1205 1650 φησιν,
1223 1615 1291 1641 ἀλλὰ
1310 1614 1381 1641 κατὰ
1396 1614 1445 1650 τὴν
1460 1614 1646 1650 ἀνθρωποειδῆ
1660 1613 1785 1640 σύνθεσιν
1795 1633 1803 1639 .

1020 1661 1051 1686 Τί
1074 1659 1135 1693 οὗν;
1162 1660 1318 1696 σωζομένης
1343 1660 1450 1695 φύσεως
1474 1660 1562 1695 ψυχῆς
1590 1659 1638 1686 καὶ
1668 1659 1804 1694 σώματος.

1020 1706 1100 1740 ἴσμεν
1113 1706 1160 1733 καὶ
1185 1706 1281 1741 ἑτέραν
1299 1706 1379 1740 φύσιν
1406 1704 1476 1732 εἶναι
1501 1706 1546 1732 τὸν
1571 1705 1713 1739 ἄνθρωπον
1728 1704 1805 1739 παρὰ

1019 1753 1110 1784 τάσδε,
1127 1753 1143 1787 ἢ
1159 1751 1218 1786 οὐχί
1231 1760 1238 1784 ;
1253 1753 1278 1778 εἰ
1293 1753 1340 1786 μὲν
1356 1752 1402 1779 οὖν
1416 1752 1485 1786 οὐχὶ,
1501 1751 1561 1778 οὐδὲ
1579 1751 1624 1777 ἐπὶ
1639 1750 1684 1777 τοῦ
1702 1749 1804 1786 Κυρίου

1022 1798 1178 1833 σωζομένης
1194 1797 1320 1833 θεότητος
1337 1797 1385 1824 καὶ
1406 1797 1625 1832 ἀνθρωπότητος,
1643 1796 1723 1829 φύσις
1745 1796 1805 1822 ἐστὶ

1021 1842 1094 1878 αὑτῷ
1105 1844 1121 1877 ἡ
1135 1842 1341 1877 καθολικωτέρα
1354 1842 1402 1876 μία
1415 1851 1421 1857 ι
1437 1842 1460 1867 εἰ
1475 1841 1502 1868 δὲ
1518 1841 1679 1876 σωζομένων
1690 1841 1803 1872 τούτων,

1019 1887 1132 1922 οἰόμεθα
1146 1886 1319 1925 ἐπιγενέσθαι
1336 1887 1383 1913 καὶ
1399 1886 1448 1921 τὴν
1461 1888 1617 1921 κοινοτέραν
1632 1885 1679 1912 τοῦ
1697 1885 1803 1920 ἀνθρὼ-

1019 1941 1069 1959 που
1084 1932 1163 1966 φύσιν
1176 1932 1252 1966 παρὰ
1265 1931 1365 1963 ταύτας
1381 1932 1475 1967 ἑτέραν
1486 1930 1580 1964 οὖσαν,
1594 1932 1635 1962 τίς
1651 1931 1684 1958 ἂν
1700 1931 1742 1966 εἴη
1757 1933 1804 1958 καὶ

1018 1978 1096 2012 ήὲπὶ
1118 1977 1237 2012 λριστοῦ
1260 1978 1276 2012 ἡ
1302 1977 1481 2012 ἐπιγενομένη
1506 1978 1597 2011 φύσις,
1623 1978 1639 2012 ἦ
1659 1977 1719 2003 οὔτε
1745 1977 1804 2003 θεία

1016 2023 1078 2049 οὔτε
1095 2023 1254 2058 ἀνθρωπίνη
1266 2022 1342 2056 Eni;
1363 2023 1410 2049 καὶ
1432 2023 1458 2050 τί
1474 2023 1504 2049 τὸ
1519 2023 1632 2057 φυσικὸν
1645 2023 1723 2049 τοῦτο
1734 2020 1804 2054 εἶδος

1017 2068 1047 2094 τὸ
1063 2068 1202 2103 ὑπέρθεον,
1216 2068 1311 2095 εἴπατε
1323 2076 1330 2083 ·
1346 2068 1402 2095 ἀλλ’
1415 2068 1500 2100 οὕτως
1517 2068 1566 2103 μὲν
1578 2068 1652 2096 τάδε.

185 2113 258 2147 poris
282 2112 464 2140 substantiam
484 2112 573 2140 inesse
593 2117 621 2139 et
645 2114 862 2141 communiorem
884 2114 966 2141 aliam
986 2114 1106 2141 hominis
1133 2118 1272 2146 naturam,
1285 2113 1320 2140 ab
1348 2117 1463 2148 utraque
1477 2113 1521 2141 illa
1532 2121 1644 2148 prorsus
1653 2113 1802 2141 diversam:

183 2165 308 2192 quaenam
331 2159 384 2185 erit
405 2157 432 2184 in
450 2157 560 2184 Christo
580 2158 679 2185 similis
702 2159 767 2185 huic
784 2163 893 2191 natura,
908 2167 968 2194 qua:
987 2168 1077 2195 neque
1099 2160 1192 2186 divina
1220 2160 1266 2192 sit,
1293 2167 1383 2195 neque
1417 2160 1672 2193 humana?Qualis,
1706 2159 1803 2186 amabo

184 2211 243 2233 vos.
266 2203 317 2230 ista
339 2203 445 2237 species
471 2203 604 2230 naturalis
619 2209 646 2232 et
663 2206 809 2239 suprema!

218 2250 281 2277 Hinc
297 2257 359 2276 cum
382 2250 419 2276 ita
441 2250 508 2281 sint,
530 2251 610 2285 quale
634 2253 787 2287 composito
801 2261 901 2281 nomen
920 2255 968 2282 tri-
981 2253 1006 2282 D

185 2295 323 2324 buendum
345 2296 466 2330 putatis?
482 2296 616 2330 Equidem
636 2297 658 2325 si
682 2299 735 2326 tale
754 2299 799 2332 sit,
816 2301 890 2334 quod
903 2301 967 2328 sub-

184 2342 335 2370 sistentiam
346 2341 492 2377 signiﬁcet,
508 2343 576 2370 nihil
591 2351 714 2378 oppono;
730 2345 753 2372 si
763 2353 828 2373 vero
841 2351 966 2374 naturam

184 2386 328 2422 signiﬁcet,
341 2394 433 2421 quaero
445 2394 570 2421 quaenam
589 2388 624 2415 sit
635 2388 693 2416 haec
704 2393 802 2416 natura
821 2397 870 2424 per
882 2390 966 2418 hocce

183 2441 282 2460 nomen
303 2432 472 2467 signiﬁcata?
486 2433 612 2461 Profecto
633 2434 655 2461 si
679 2434 786 2462 diversa
809 2435 918 2463 dicatur
932 2436 966 2464 ab

183 2477 275 2505 divina
291 2482 318 2505 et
333 2478 463 2508 humana,
482 2479 572 2514 qualis
595 2479 668 2506 erit?
688 2480 709 2507 si
729 2487 794 2507 vero
814 2480 851 2508 sit
870 2481 966 2508 eadem

182 2531 214 2551 ac
229 2523 333 2556 divina,
346 2530 401 2550 non
417 2522 471 2550 erit
482 2523 593 2558 propria
608 2523 752 2558 compositi
769 2524 966 2557 denominatio,

182 2568 285 2604 quippe
309 2576 371 2595 cum
404 2572 467 2596 ante
490 2568 714 2603 compositionem
741 2569 877 2596 exstiterit
904 2577 967 2597 cum

183 2618 291 2645 natura,
318 2618 376 2640 tum
399 2613 486 2648 ipsius
504 2621 602 2640 nomen
619 2623 624 2640 :
643 2614 664 2641 si
681 2621 747 2641 vero
765 2614 801 2641 sit
824 2614 921 2641 eadem
936 2623 968 2643 ac

220 2702 275 2735 (iii)
297 2702 396 2728 Putant
423 2702 546 2738 nonnulli
573 2703 663 2730 inesse
681 2703 796 2738 singulis
820 2702 970 2730 individuis

186 2741 312 2764 naturam
333 2737 479 2770 quamdam
494 2745 679 2769 communem,
697 2745 712 2764 a
730 2737 892 2771 'particulari
918 2745 968 2764 eu-

183 2773 282 2806 jusque
298 2775 395 2798 natura
410 2771 567 2798 distinctam
585 2780 591 2798 :
609 2779 670 2799 eum
693 2773 767 2799 enim
783 2780 860 2799 mens
874 2777 969 2799 nostra

186 2805 240 2833 Sibi
255 2805 456 2841 (luxeritrideas
466 2806 597 2840 quasdam
616 2814 787 2839 communes.
803 2815 863 2841 quae
876 2807 969 2841 singu-

188 2841 222 2869 lis
242 2839 392 2868 iudividuis
419 2839 558 2875 aptantur,
585 2841 649 2868 hinc
675 2839 819 2876 putaruut'
835 2839 967 2870 exsistére

1060 2251 1105 2278 Ἐν
1121 2252 1148 2279 δὲ
1163 2252 1202 2287 τῷ
1219 2251 1339 2286 συνθέτῳ
1355 2251 1440 2286 ὄνομα
1457 2251 1487 2278 τὸ
1503 2252 1577 2278 ποῖόν
1596 2259 1664 2285 φατε
1682 2259 1802 2287 προσαρ-

1021 2298 1151 2332 μόζεσθαι
1165 2306 1173 2331 ς
1198 2300 1221 2324 εί
1250 2299 1298 2333 μὲν
1314 2299 1344 2325 τὸ
1358 2297 1548 2330 ὑποστατικδν,
1579 2297 1775 2333 ἀναντίρρητος
1788 2299 1802 2323 6

1020 2344 1097 2378 λόγος
1107 2352 1113 2358 ·
1128 2344 1152 2370 εἰ
1165 2344 1194 2371 δὲ
1212 2345 1333 2378 φυσικὸν,
1346 2345 1388 2375 τίς
1405 2344 1478 2378 αὑτῷ
1496 2344 1512 2378 ἡ
1531 2344 1699 2378 ὑποκειμένη
1711 2342 1802 2377 φύσις.

1021 2391 1067 2416 καὶ
1081 2390 1123 2416 διὰ
1146 2390 1223 2417 τοῦδε
1239 2391 1512 2426 προσαγορευομένης
1533 2390 1558 2416 εἰ
1586 2389 1635 2424 μὲν
1649 2389 1704 2424 γὰρ
1723 2388 1804 2424 ἑτέρα

1021 2434 1095 2468 παρά
1109 2442 1138 2460 τε
1153 2434 1202 2469 τὴν
1218 2434 1332 2468 θεότητα
1342 2434 1387 2460 καὶ
1399 2434 1605 2469 ἀνθρωπότητα,
1618 2435 1680 2460 ποία
1695 2433 1728 2460 ἂν
1741 2433 1783 2467 εἴη
1795 2442 1801 2463 ;

1019 2480 1043 2506 εί
1057 2479 1085 2514 δὲ
1099 2480 1114 2515 ἡ
1132 2480 1182 2514 τῆς
1193 2479 1328 2515 θεότητος.
1345 2481 1375 2506 οὐ
1388 2479 1433 2506 τοῦ
1449 2480 1575 2506 συνθέτου
1592 2479 1664 2508 ἰδίως
1676 2480 1692 2514 ἡ
1704 2479 1804 2512 ὀνομα-

1022 2524 1066 2551 σία
1077 2525 1114 2556 ὡς
1128 2525 1257 2551 συνθέτου
1271 2533 1278 2539 ·
1295 2525 1342 2551 καὶ
1364 2525 1417 2560 πρὸ
1431 2525 1484 2560 γὰρ
1505 2526 1554 2561 τῆς
1572 2525 1723 2556 συνθέσεως
1740 2522 1772 2559 ἦν
1786 2524 1803 2558 ἥ

1020 2578 1049 2595 τε
1069 2569 1149 2603 φύσις
1165 2569 1212 2596 καὶ
1239 2569 1270 2596 τὸ
1292 2569 1394 2605 ὃνομα·
1420 2571 1445 2596 εἰ
1465 2571 1494 2597 δὲ
1515 2571 1564 2605 τῆς
1584 2569 1801 2605 ἀνθρωπότητος,

1020 2616 1067 2642 καὶ
1082 2615 1168 2647 οὕτως
1188 2616 1218 2642 οὑ
1237 2615 1283 2641 τοῦ
1303 2616 1430 2643 συνθέτου
1447 2617 1464 2652 ἡ
1481 2617 1650 2652 προσηγορία
1662 2622 1668 2629 “
1688 2615 1733 2642 καὶ
1750 2615 1803 2650 πρὸ

1022 2708 1049 2730 et
1072 2709 1185 2731 naturas
1201 2711 1360 2731 communes
1373 2705 1408 2731 ab
1425 2704 1494 2731 ideis
1512 2704 1565 2731 illis
1582 2707 1803 2738 repratsentatas.

1023 2738 1157 2765 Nimirum
1179 2739 1305 2773 ignorant
1326 2739 1411 2772 ideas,
1429 2743 1458 2766 ut
1480 2738 1559 2773 logici
1581 2737 1741 2772 loquuntur,
1755 2737 1804 2773 ab-

1017 2777 1137 2835 ;lraclas
1163 2772 1269 2801 nullum
1293 2774 1320 2800 in
1347 2781 1439 2800 rerum
1467 2772 1564 2800 natura
1588 2773 1727 2808 objectum
1753 2772 1802 2799 ha-

1041 2815 1097 2835 ere.
