1963 3077
155 135 223 168 1873

735 139 883 170 CONTRA
902 140 1191 171 MONOPHYSITAS

1712 139 1781 172 1874

151 191 206 226 γὰρ
220 192 267 224 τῆς
282 190 407 222 ἑνὼσεως
423 191 502 227 τῆσδε
516 190 550 228 ἦν
568 193 584 227 ἢ
604 201 634 219 τε
651 193 731 227 φύσις
750 194 794 220 καὶ
809 195 825 229 ἠ
846 194 940 230 κλῆσις

1002 203 1123 227 tumana,
1143 202 1177 222 ne
1204 195 1239 222 ita
1263 195 1376 229 qutdetn
1399 193 1510 228 propria
1526 194 1672 228 compositi
1694 194 1783 224 deno-

152 238 219 271 αὖτη
238 237 458 272 ὡμολογημένως
480 239 573 265 πᾶσιν.
608 239 679 265 Ἀλλ’
697 239 741 266 ἵνα
763 240 850 267 πάντα
871 249 940 275 παρ-

153 283 250 317 ίδωμεν
259 302 266 314 ,
285 282 344 313 πῶς
357 282 386 308 ἓν
403 282 488 317 ὗνομα
499 284 612 317 φυσικὸν
627 284 682 310 δεῖν
694 285 793 311 ειδέναι
810 285 880 311 κατὰ
894 284 941 312 τοῦ

154 327 280 354 συνθέτου
299 327 424 362 λέγοντες
446 328 517 361 ὅλου,
540 328 587 356 δύο
613 338 642 356 τε
660 330 707 356 καὶ
733 329 843 356 ὲναντία
858 329 941 356 αὐτοῦ

152 373 352 408 καταφάσκετε,
367 374 475 400 κτιστύν
486 383 515 400 τε
530 376 576 401 καὶ
588 375 715 402 ἀκτιστον
724 376 790 402 αὐτὸ
799 375 923 409 λέγοντες
933 384 940 409 ;

153 420 199 446 καὶ
213 419 243 446 τό
255 427 286 453 γε
300 419 360 446 λίαν
383 420 609 455 παραδοξότερον,
626 421 667 447 ὅτι
687 421 740 448 ἀπὸ
759 420 808 456 μὲν
823 421 871 455 τῆς
886 421 944 448 Θεό-

152 473 244 499 τητος,
274 465 354 499 μόνον
381 465 412 491 τὸ
440 465 568 492 ἀκτιστον
596 466 644 492 καὶ
665 466 770 498 ἀπαθὲς
794 467 943 500 φάσκοντες

154 508 222 536 εἶναι
234 510 326 543 αὑτοῦ,
343 510 396 537 ἀπὸ
411 511 438 537 δὲ
454 511 500 537 τοῦ
517 511 643 546 σώματος
664 512 693 538 τὸ
707 513 814 538 κτιστὺν
827 513 874 538 καὶ
893 521 944 538 πα-

153 556 245 590 οητδν,
264 555 326 582 οὔτε
350 558 471 591 μερικῶς
491 556 601 584 ἀκούειν
622 557 683 584 οὔτε
705 558 795 592 λέγειν
819 558 881 585 τάδε
898 558 944 584 ἐπὶ

154 601 272 637 Χριστοῦ
288 603 429 637 εἰρήκατε,
440 602 497 628 ἀλλ’
516 603 548 629 ὲκ
573 602 620 629 τοῦ
638 603 697 629 ὅλου
713 603 833 639 Χριστοῦ
849 612 856 636 ;
876 604 944 637 Συγ-

153 648 331 682 χωρήσαντες
353 648 383 674 δὲ
410 648 474 683 ὑμῖν
489 648 526 679 ὡς
541 647 574 675 ἂν
593 649 637 675 καὶ
666 648 793 684 βούλεσθε
815 649 943 675 παλιλλοο

153 694 225 727 γεῖν,
245 695 433 729 ὲτιαγάγοιμεν
447 696 504 726 τοῖς
527 694 590 731 παρ’
615 695 691 730 ὑμῶν
720 695 888 730 ἀναγκαίως,
907 695 944 726 ὡς

155 740 233 776 ειπερ
247 740 385 775 ὀμοτίμως
410 740 474 775 περὶ
504 739 634 775 ἐκατέρου
661 740 715 766 τῶν
731 742 759 767 ὲν
781 740 892 775 Χριστῷ
911 740 946 766 τὰ

155 784 265 810 ἐναντία
276 784 410 817 δοξάζετε,
427 785 473 810 καὶ
484 784 514 810 τὸ
524 784 585 810 ὅλον
601 785 671 811 κατὰ
684 785 764 818 φύσιν
778 784 835 810 ιστε
846 784 945 811 τοιόνδε

155 827 284 864 Χριστοῦ,
299 829 313 855 ὃ
329 829 363 856 ἂν
379 829 410 856 ὲκ
433 830 551 864 οατέρας
572 829 625 855 τῶν
645 831 674 856 ὲν
691 829 765 864 αὐτῷ
780 830 889 864 φύσεων
903 829 945 856 λὲο

155 882 234 907 γεται
251 874 321 901 κατὰ
350 875 399 910 τῆς
426 875 491 910 ὅλης
519 876 695 907 ὑποστάσεως
723 875 815 907 αὐτοῦ,
839 875 893 911 ἄρα
914 883 945 908 γε
960 867 983 896 Β

155 920 250 955 ὥσπερ
273 920 382 955 ἀληθῶς
404 921 513 956 παθητὴ
539 922 586 947 καὶ
607 921 702 956 κτιστὴ
725 922 740 956 ή
763 920 832 956 σὰρξ
851 921 945 952 αὑτοῦ,

154 966 243 997 οὕτως
252 975 285 1000 γε
299 967 346 993 καὶ
357 967 373 1001 ἡ
386 966 481 1001 θεότης
494 966 579 993 αὑτοῦ
590 975 597 983 ο
610 967 657 992 καὶ
671 966 766 1002 ὥσπερ
781 966 888 1001 ἀπαθὴς
900 966 946 992 καὶ

155 1011 309 1046 ἀκτιστοςή
325 1010 419 1046 θεότης
432 1011 525 1044 αὐτοῦ,
538 1011 624 1042 οὕτως
634 1019 665 1045 γε
680 1012 727 1037 καὶ
737 1012 754 1045 ἡ
766 1011 846 1046 σάρξ
855 1011 948 1046 atrpr

155 1056 195 1091 τῷ
211 1056 365 1091 βλασφήμῳ
380 1056 434 1091 ἔχει
450 1057 497 1083 καὶ
510 1057 541 1083 τὸ
563 1056 695 1083 ἀδύνατον
716 1056 826 1091 σαφῶς·
844 1056 874 1082 οὺ
892 1055 947 1091 γὰρ

155 1103 229 1129 ἔστιν
242 1103 270 1129 ὲν
283 1103 375 1138 ταυτῴ
387 1104 434 1130 καὶ
445 1103 517 1131 κατά
527 1104 557 1130 τὸ
570 1103 635 1130 αὐτὸ
649 1104 696 1130 καὶ
711 1104 842 1135 ὡσαύτως
857 1103 944 1138 πάντη

155 1148 191 1174 τὰ
205 1149 325 1182 ἐναντία,
344 1148 454 1176 πώποτέ
469 1158 541 1181 τινος
559 1150 795 1184 καταφάσκεσοαι.

993 239 1109 266 minatio
1124 239 1188 271 erit,
1201 238 1302 273 quippe
1320 245 1383 266 cum
1397 242 1460 265 ante
1476 238 1591 273 hujusce
1607 239 1781 274 conjunctio-

992 289 1097 313 nem.et
1109 289 1218 316 natura,
1230 288 1258 311 et
1270 283 1573 311 denominatiocuuetis
1586 283 1783 313 innoteseeret.

994 329 1048 358 Sed
1073 330 1157 357 missa
1187 329 1319 356 faciamus
1346 328 1404 356 hzec
1429 329 1534 356 omnia.
1562 329 1707 361 Quomodo
1732 329 1784 356 toti

995 377 1148 412 composito
1164 376 1291 403 naturale
1315 382 1416 402 nomen
1437 383 1521 402 unum
1538 374 1637 403 tribuit
1654 379 1784 409 oportere

994 423 1177 454 contenditis,
1200 426 1282 456 atque
1300 421 1333 448 de
1362 421 1422 456 ipso
1448 421 1589 448 contraria
1615 421 1783 456 praedicatis.

993 474 1115 497 creatum
1145 468 1250 496 scilicet
1270 471 1383 499 esse,_et
1400 467 1623 498 increatunﬂet,
1638 467 1712 501 qttod
1733 467 1787 494 ah-

994 514 1105 542 surdius
1125 518 1178 546 est,
1197 513 1335 547 quotnodo
1359 512 1451 540 dicitis
1476 511 1616 540 Christum
1633 512 1660 539 id
1682 513 1785 540 habere

995 567 1010 586 a
1033 563 1130 586 natura
1151 558 1255 590 divina,
1280 558 1351 592 quod
1377 558 1413 585 sit
1439 558 1577 586 increatus
1602 563 1630 585 et
1657 558 1785 593 impassi-

995 603 1060 631 hilis
1081 612 1086 629 :
1111 603 1145 630 ab
1159 603 1278 629 humana
1301 607 1409 634 contra,
1429 602 1502 637 quod
1518 603 1554 629 sit
1577 607 1688 630 creatus
1702 608 1785 638 atque

995 649 1150 684 passibilis;
1166 648 1302 683 simulque
1319 648 1486 675 contenditis
1504 648 1561 675 haec
1577 656 1630 675 non
1647 648 1680 675 de
1697 653 1784 683 parte,

996 694 1043 722 sed
1063 694 1097 721 de
1122 699 1180 721 toto
1198 693 1308 721 Christo
1331 693 1495 728 praedicari?
1514 694 1579 727 Qua:
1607 694 1628 721 si
1652 695 1787 722 concede-

996 747 1088 767 remus
1103 740 1138 767 ita
1153 747 1182 767 se
1197 739 1312 771 habere,
1328 739 1559 774 quemadmodum
1583 740 1677 772 vultis,
1691 741 1786 768 eadem

996 792 1105 819 semper
1124 784 1333 815 deblaterando,
1356 784 1455 811 vestris
1479 789 1570 811 tamen
1593 785 1674 812 dictis
1696 785 1787 812 adhuc

998 830 1137 857 instarent.
1162 829 1190 856 Si
1216 829 1249 857 de
1273 834 1389 864 utraque
1418 829 1519 857 Christi
1545 835 1622 864 parte
1648 831 1787 858 contraria

999 875 1164 910 praedicatis,
1182 878 1210 902 et
1226 875 1410 903 univcrsalem
1429 876 1513 903 totius
1538 875 1639 903 Chriin
1661 882 1786 915 naturam

999 921 1052 948 hoc
1075 920 1149 948 ferre
1169 921 1283 956 putatis,
1311 925 1341 948 ut
1360 921 1498 956 quidquid
1513 923 1596 950 unius
1617 922 1705 957 partis
1721 931 1788 957 pro—

999 966 1089 1001 prium
1116 971 1168 998 cst,
1186 967 1216 993 id
1241 966 1275 994 de
1303 971 1359 994 tota
1375 968 1435 1002 ejus
1455 975 1571 1002 persona
1589 972 1614 995 et
1633 968 1786 995 subsisten—

1000 1012 1036 1039 tia
1060 1011 1242 1046 praedicetur;
1260 1017 1294 1039 an
1315 1012 1547 1048 quemadmodum
1565 1021 1629 1040 vere
1650 1013 1788 1048 passibilis

998 1061 1051 1089 est,
1070 1061 1098 1085 et
1113 1062 1205 1085 creata
1221 1058 1280 1093 ejus
1295 1065 1370 1090 caro,
1384 1058 1419 1085 ita
1440 1062 1467 1085 et
1479 1059 1629 1086 divinitas?
1646 1063 1674 1086 et
1693 1067 1788 1094 quem-

998 1102 1147 1130 admodum
1179 1103 1234 1137 pati
1262 1103 1369 1137 nequit,
1401 1108 1429 1131 et
1452 1104 1602 1131 ereationis
1624 1112 1722 1139 expers
1746 1109 1789 1131 est

998 1148 1138 1180 divinitas,
1165 1149 1202 1175 ita
1220 1152 1248 1175 et
1272 1149 1332 1184 ejus
1354 1149 1435 1176 caro?
1448 1150 1514 1182 Quae
1534 1150 1657 1184 profecto
1674 1154 1786 1184 praeter-

156 1204 238 1231 quam
253 1197 326 1231 quod
340 1197 512 1226 manifestam
532 1206 588 1234 prae
606 1206 636 1226 se
669 1198 762 1226 ferunt
784 1198 962 1232 impietatem,
983 1195 1043 1224 ﬁeri
1068 1196 1144 1223 nullo
1168 1201 1248 1230 pacto
1285 1201 1409 1230 possunt.
1440 1196 1507 1223 Nam
1537 1196 1594 1224 ﬁeri
1623 1197 1729 1231 nequit,
1759 1201 1789 1223 ut

158 1243 206 1270 uni
218 1244 363 1278 eidemque
375 1244 530 1272 secundum
542 1245 616 1272 idem
628 1245 782 1279 eodemque
796 1244 882 1271 modo
893 1243 1030 1270 contraria
1057 1241 1235 1269 conveniant.

160 1299 217 1326 Τοῦ
229 1299 322 1327 αὑτοῦ
335 1300 464 1327 Ἰουλίου
480 1301 514 1327 ἐκ
537 1301 590 1327 τοῦ
616 1301 681 1335 περὶ
702 1300 756 1335 τῆς
780 1300 814 1327 ἐν
832 1299 949 1333 Χριστῷ

418 1345 420 1347 ’
482 1335 630 1369 ἐνώοέως.

198 1398 207 1415 ι
230 1390 408 1425 Ὠμολόγηται
425 1390 453 1417 δὲ
481 1391 509 1417 ὲν
536 1390 611 1425 αὐτῴ
627 1390 658 1417 τὸ
678 1390 728 1424 μὲν
752 1388 822 1418 εἶναι
840 1390 949 1418 κτιστδν

159 1437 188 1462 ιν
204 1436 309 1471 ἑνότητι
330 1436 378 1462 τοῦ
400 1435 539 1468 ἀκτίστου,
557 1436 664 1470 φύσεως
689 1437 755 1471 μιᾶς
775 1435 805 1468 ἐξ
819 1436 949 1472 ἑκατέρου

162 1482 261 1517 μέρους
281 1482 492 1517 συνισταμένης,
526 1481 642 1517 μερικὴν
673 1482 814 1516 ἐνέργειαν
839 1483 886 1508 καὶ
902 1481 949 1508 τοῦ

160 1528 245 1561 Λόγου
264 1527 475 1558 συντελέσαντος
492 1528 532 1558 εις
553 1527 583 1553 ut
605 1527 675 1560 ὅλον,
701 1528 769 1562 μετά
789 1528 839 1562 τῆς
855 1527 949 1563 Θεῖκῆς

159 1573 338 1608 τελειότητος,
354 1573 422 1607 ὅπερ
444 1573 492 1598 ἐπὶ
508 1572 556 1599 τοῦ
582 1572 672 1598 κοινοῦ
695 1571 839 1608 ἀνθρώπου
856 1573 886 1598 ἐκ
905 1571 952 1598 δύο

1035 1298 1161 1333 Ejusdem
1183 1297 1248 1324 Julii
1264 1305 1296 1324 ea;
1307 1296 1418 1332 cpistola
1431 1298 1463 1324 de
1481 1298 1576 1324 unione
1593 1298 1618 1324 in
1639 1297 1752 1325 Christo.

1038 1404 1046 1420 ι
1061 1393 1232 1421 Conﬁtentur
1258 1393 1285 1419 in
1303 1399 1335 1420 eo
1353 1399 1413 1420 esse
1438 1395 1561 1419 creatum
1584 1399 1646 1420 cum
1666 1393 1794 1420 increato

1001 1439 1120 1471 unitum,
1144 1438 1280 1474 siquidem
1309 1447 1363 1466 una
1391 1442 1491 1465 natura
1517 1446 1551 1465 ex
1577 1444 1692 1474 utraque
1714 1443 1791 1474 parte

1000 1484 1187 1520 componitur,
1207 1489 1234 1511 et
1258 1483 1388 1514 Verbum.
1407 1483 1558 1511 secundum
1582 1484 1702 1512 divinam
1726 1492 1791 1519 per-

1001 1530 1160 1562 fectionem,
1174 1529 1316 1564 partialem
1329 1529 1518 1564 operationem
1531 1529 1559 1556 in
1573 1535 1659 1557 totum
1673 1530 1791 1566 perﬁcit,

1001 1576 1075 1612 quod
1094 1576 1123 1603 in
1145 1576 1256 1603 homine
1280 1575 1386 1610 vulgari
1414 1575 1445 1602 [lt
1467 1576 1620 1610 composito
1636 1584 1671 1603 ex
1684 1576 1794 1603 duabus

163 1617 254 1652 μερῶν
272 1617 375 1644 ἀτελῶν
398 1618 513 1651 γίνεται,
531 1617 596 1651 μίαν
614 1616 694 1650 φύσιν
717 1617 892 1651 πληρούντων
907 1616 949 1643 καὶ

1003 1621 1139 1656 partibus,
1163 1628 1224 1655 qua:
1243 1628 1325 1648 unam
1342 1621 1517 1648 constituunt
1536 1627 1661 1648 naturam
1683 1627 1712 1648 et
1737 1629 1794 1648 uno

161 1663 202 1689 ἑνὶ
214 1662 327 1698 ὀνόματι
341 1662 523 1698 δηλουμένων.
539 1672 548 1688 ι
566 1662 653 1696 Σαφὲς
666 1662 721 1697 ἄρα
733 1661 770 1693 ὼς
780 1662 830 1697 τῆς
842 1661 949 1696 φύσεως

161 1708 208 1735 τοῦ
222 1708 324 1739 οἰκείου
350 1708 411 1734 ὅλου
433 1708 484 1742 τῆς
509 1709 583 1742 μιᾶς,
601 1707 686 1742 ἠγουν
711 1707 760 1741 τῆς
784 1707 914 1741 Χριστοῦ,
933 1708 949 1742 ἡ

163 1755 239 1790 licini;
253 1755 388 1789 τελειότης
398 1762 405 1768 ·
422 1755 503 1790 μέρος
514 1752 560 1781 οὖν
572 1753 685 1788 φυσικὸν
701 1754 746 1779 καὶ
759 1753 878 1779 ἐλάττων
892 1753 951 1779 ἐστὶ

162 1801 254 1834 φύσις,
270 1801 317 1826 καὶ
332 1800 363 1826 οὑ
379 1800 457 1835 μόνον
472 1800 562 1835 γυμνὴ
583 1800 683 1834 σαρκὸς
700 1798 818 1834 κρίνοιτο
832 1798 879 1825 τοῦ
898 1799 951 1826 A6-

164 1855 212 1880 γου
227 1846 295 1882 πρὸς
309 1846 425 1881 Χριστόν
438 1854 445 1862 ·
460 1846 529 1881 ὅπερ
543 1846 568 1872 εί
582 1847 596 1872 ὁ
619 1845 728 1878 Ἰούλιος
743 1847 807 1880 ἔφη,
832 1845 916 1876 ὅντως
938 1846 952 1871 ὁ

165 1891 327 1926 βουλόμενος
344 1892 490 1918 σκοπείτω.

163 1947 330 1982 I‘pnroplov
347 1947 401 1974 τοῦ
422 1949 664 1983 Θαυματουργοῦ,
683 1948 722 1981 ὥς
739 1957 844 1983 φασιν,
866 1948 901 1975 ἐν
915 1947 952 1981 τῇ

404 1983 480 2009 κατὰ
491 1982 582 2018 μέρος
598 1985 709 2010 Πίστει.

199 2040 236 2066 Τὸ
249 2039 373 2072 δοξάζειν
389 2039 437 2066 δύο
453 2040 549 2074 φύσεις
563 2040 608 2066 τὸν
625 2040 672 2066 ἕνα
687 2041 815 2075 Χριστδν,
838 2040 954 2074 τετράδα

164 2086 213 2120 τὴν
228 2086 308 2119 ἁγίαν
322 2086 424 2120 Τριάδα
440 2088 520 2117 ποιεί,
535 2086 612 2121 φησί’
628 2086 679 2120 ἔφη
693 2086 746 2120 γὰρ
760 2085 856 2117 οὕτως·
874 2095 883 2112 ι
901 2086 954 2112 Καὶ

163 2132 221 2157 ἔστι
237 2131 302 2162 Θεὸς
317 2131 443 2166 ἀληθινὸς
458 2132 472 2157 ὁ
489 2132 610 2165 ἄσαρκος
625 2133 652 2158 ὲν
677 2132 760 2165 σαρκὶ
785 2131 954 2166 φανερωθεῖς

164 2178 267 2209 τέλειος
281 2179 314 2213 τῇ
329 2178 442 2213 ἀληθινῇ
469 2178 517 2204 καὶ
539 2177 600 2212 θείᾳ
621 2178 781 2213 τελειότητι,
797 2178 826 2204 οὐ
842 2177 888 2204 δύο
904 2176 955 2211 φύι

166 2230 232 2254 σεις,
249 2222 310 2249 ob}.
329 2222 475 2258 τέσσαρας,
492 2223 654 2257 προσκυνεῖν
674 2222 801 2257 λέγομεν,
815 2221 891 2253 Θεὸν,
909 2221 956 2248 καὶ

166 2267 228 2293 Υίὲιν
237 2267 314 2300 Θεοῦ,
323 2267 371 2294 καὶ
380 2266 531 2302 ἄνθρωπον,
539 2267 586 2293 καὶ
596 2267 707 2302 Πνεῦμα
718 2267 753 2300 ay
758 2275 805 2293 ιον.
821 2276 831 2292 r
846 2267 955 2302 Πρῶτον

169 2313 216 2346 μὲν
230 2312 367 2346 ἀγνοεῖται
389 2301 436 2339 καί
456 2312 658 2346 ἀμφιϐάλλεται
672 2301 740 2338 νλίαν
762 2313 778 2347 ἡ
797 2301 895 2347 χρῆσις
909 2313 956 2338 καὶ
968 2301 994 2331 D

165 2358 212 2391 ἣδε
225 2365 232 2373 ⁸
252 2359 326 2392 ὅμως
339 2357 430 2392 μέντοι
449 2357 486 2393 μὴ
505 2357 552 2384 δύο
566 2358 700 2392 πρόσωπα
715 2357 760 2384 ἐπὶ
777 2357 896 2391 Χριστοῦ
909 2357 954 2383 λέ-

167 2411 226 2436 γειν
240 2404 318 2438 φησὶ,
335 2403 380 2430 ἵνα
396 2403 433 2438 μὴ
461 2403 654 2438 ὁμολογοῦντες
671 2402 752 2429 αὐτὸν
776 2403 843 2429 Θεὸν
864 2403 910 2429 καὶ
925 2404 953 2428 ὲν

167 2449 257 2485 τελείᾳ
271 2448 389 2483 θεότητι,
401 2449 448 2475 δύο
461 2449 489 2476 δὲ
498 2449 579 2476 αὐτοῦ
593 2449 735 2484 πρόσωπα,
751 2448 868 2483 τετράδα
882 2457 953 2484 παρ-

168 2495 289 2530 ιστῶμεν
318 2494 373 2521 τῶν
395 2495 475 2522 θείων
501 2494 665 2531 προσώπων,
695 2495 762 2521 Θεοῦ
786 2495 833 2521 τοῦ
849 2495 954 2530 Πατρὺς

167 2540 206 2572 ιν,
224 2540 270 2567 καὶ
282 2540 347 2567 Υίοῦ
363 2540 430 2567 Θεοῦ
456 2540 494 2571 ἓν,
515 2541 562 2567 καὶ
584 2540 727 2576 ἀνθρώπου
741 2540 780 2572 ἓν,
803 2539 850 2566 καὶ
870 2539 954 2566 Πνεύ-

170 2594 253 2619 ματος
268 2586 344 2619 ἁγίου
362 2585 402 2618 ἐν,
418 2586 599 2622 ἀριθμοῦντες
611 2595 618 2602 ·
642 2587 699 2613 ἀλλ’
718 2587 778 2613 οὐδὲ
798 2586 844 2613 δύο
860 2586 955 2621 φύσεις

168 2631 244 2664 θείας
258 2632 350 2667 μέντοι
367 2633 465 2660 ειδέναι
479 2633 562 2659 αὐτοῦ
577 2642 653 2668 φησι,
669 2633 726 2659 ἀλλ’
742 2634 770 2659 ἑν
789 2633 838 2668 μιᾷ
853 2633 954 2667 φυσικῇ

168 2678 229 2713 θείᾳ
240 2678 399 2713 τελειότητι,
422 2679 524 2705 τέλειον
544 2679 626 2705 αὑτὸν
648 2679 714 2706 Θεὸν
736 2679 887 2713 ὁμολογεῖν,
908 2680 955 2705 καὶ

168 2723 218 2750 οὐκ
231 2724 259 2750 ὲν
271 2723 317 2750 δύο
328 2732 336 2740 ’
352 2724 393 2750 ὅτι
403 2724 456 2760 γὰρ
471 2724 612 2760 ἀτρέπτως
625 2724 768 2760 ἑσαρκὼθη
782 2725 826 2751 καὶ
843 2724 955 2751 ἀδιπλα-

204 2802 260 2835 (‘25)
270 2803 380 2830 Nullum
390 2801 514 2837 Gregorii
525 2803 720 2837 Thaumaturgi
733 2810 802 2837 opus
812 2802 845 2829 ad
858 2810 954 2830 manus

169 2843 276 2865 nostras
299 2838 457 2873 pervcnissc
481 2844 582 2874 praeter
607 2839 691 2866 solam
710 2837 801 2871 ﬁdem,
821 2845 902 2873 quam
925 2838 952 2864 in

1003 1665 1116 1692 nomine
1143 1665 1326 1699 appellantur.
1342 1674 1351 1690 ι
1378 1664 1500 1699 Apparet
1529 1665 1623 1700 igitur,
1646 1665 1794 1700 perfectio-

1004 1719 1067 1738 nem
1084 1711 1209 1738 divinam
1219 1710 1255 1737 ad
1265 1717 1347 1737 unam
1364 1714 1491 1737 naturam
1507 1718 1540 1738 ex
1556 1708 1643 1745 ipsius
1660 1710 1795 1737 totalitate

1004 1756 1196 1791 compositam,
1215 1755 1242 1782 id
1265 1759 1307 1782 est
1328 1755 1362 1781 ad
1379 1755 1521 1782 Christum
1548 1755 1687 1790 pertinere
1704 1764 1711 1782 :
1730 1763 1794 1790 pars

1004 1800 1138 1828 naturalis
1149 1804 1232 1835 atque
1247 1799 1336 1826 minor
1347 1803 1389 1826 est
1403 1804 1512 1831 natura,
1531 1807 1581 1827 nec
1593 1800 1680 1827 solum
1703 1800 1792 1827 carnis

1005 1853 1104 1880 expers
1117 1845 1258 1880 judicetur
1269 1845 1351 1872 Verhi
1365 1845 1454 1879 quoad
1470 1844 1620 1872 Christum.
1638 1844 1715 1878 Quod
1728 1853 1793 1872 num

1005 1891 1094 1919 Julius
1112 1898 1179 1918 vere
1199 1890 1312 1922 dixerit,
1330 1890 1488 1925 quicunque
1511 1890 1631 1918 voluerit
1647 1891 1794 1925 expendet.

1006 1947 1124 1983 Gregorii
1136 1947 1342 1983 T/taumaturgi,
1365 1947 1392 1973 in
1417 1946 1575 1983 [articulari
1604 1947 1666 1981 ﬁdei
1691 1948 1793 1982 exposi-

1323 1982 1393 2008 tione
1412 1981 1476 2016 (25).

1041 2038 1160 2066 Credere
1181 2037 1250 2065 duas
1270 2042 1384 2065 naturas
1408 2045 1467 2065 esse
1483 2046 1566 2065 unutn
1583 2038 1734 2070 Christum,
1751 2039 1794 2066 in-

1007 2084 1116 2119 quiunt,
1150 2083 1203 2110 hoc
1227 2083 1440 2117 quaternitatem
1472 2083 1500 2110 in
1531 2083 1674 2111 Trinitatis
1703 2084 1794 2112 locum

1008 2129 1124 2157 inducit.
1148 2129 1188 2156 Ita
1212 2129 1286 2156 enim
1310 2128 1435 2163 loquitur
1454 2138 1460 2156 :
1480 2138 1489 2154 ι
1502 2129 1535 2156 Ει
1552 2134 1596 2156 est
1614 2130 1686 2157 Deus
1712 2138 1796 2159 verus

1009 2176 1066 2210 (qui
1079 2175 1170 2202 carnis
1184 2182 1283 2209 expers
1305 2173 1334 2200 in
1346 2181 1428 2201 carne
1450 2181 1479 2200 sc
1495 2174 1641 2201 visendum
1654 2174 1795 2210 praebuit),

1008 2225 1036 2247 et
1059 2219 1207 2255 perfectus,
1223 2226 1289 2245 vera
1311 2223 1339 2245 et
1354 2217 1448 2245 divina
1466 2217 1636 2252 perfectione
1648 2218 1800 2256 praeditus;

1009 2267 1036 2294 in
1051 2274 1107 2302 quo
1122 2273 1211 2300 neque
1224 2265 1293 2292 duas
1313 2272 1444 2299 personas
1460 2272 1512 2292 nos
1537 2264 1652 2292 adorare
1667 2264 1803 2296 dicimus,

1007 2318 1097 2346 neque
1123 2310 1192 2337 duas
1213 2314 1337 2340 naturas,
1356 2316 1408 2337 nec
1425 2309 1477 2336 ista
1492 2313 1621 2344 quatuor,
1637 2309 1723 2336 Deutn
1741 2309 1796 2336 sci-

1007 2357 1082 2388 licet,
1109 2361 1137 2384 et
1161 2355 1260 2383 Filium
1289 2355 1348 2387 Dei,
1381 2359 1410 2382 et
1436 2354 1592 2387 hominem,
1613 2359 1640 2382 ct
1664 2355 1795 2390 Spiritum

1007 2407 1144 2430 sanctum.
1156 2411 1165 2427 ι
1178 2401 1219 2429 Ad
1236 2401 1294 2428 hzec
1305 2401 1425 2435 primum
1439 2400 1558 2428 dicimus
1571 2401 1707 2427 incertum
1723 2408 1794 2431 esse,

1005 2453 1032 2476 et
1050 2447 1170 2476 dubitari
1189 2447 1306 2474 maxime
1322 2446 1404 2474 etiam
1425 2445 1458 2473 de
1476 2446 1528 2473 hac
1539 2446 1714 2476 auctoritate,
1730 2453 1794 2473 num

1005 2493 1123 2529 genuina
1148 2493 1185 2520 sit
1205 2501 1211 2519 :
1228 2492 1328 2519 deinde
1348 2495 1459 2519 sanctus
1480 2492 1562 2519 Pater
1590 2493 1628 2519 ait
1659 2499 1712 2518 non
1735 2499 1795 2518 esse

1005 2539 1086 2567 nobis
1104 2539 1137 2566 de
1158 2538 1269 2566 Christo
1285 2545 1417 2573 personas
1436 2537 1504 2565 duas
1525 2536 1732 2572 prmdicandas;
1747 2543 1790 2562 ne-

1006 2587 1071 2613 dum
1099 2587 1188 2620 ipsunt
1207 2584 1292 2611 Deum
1316 2583 1438 2618 perfecta
1465 2583 1609 2610 divinitate
1637 2581 1794 2617 praeditum,

1007 2631 1190 2665 eumdemque
1210 2630 1319 2658 duabus
1341 2629 1468 2664 personis
1487 2633 1616 2656 ornatum
1635 2627 1794 2658 asscrimus,

1007 2677 1181 2708 inducamus,
1203 2680 1323 2711 quatuor
1344 2675 1452 2702 divinas
1473 2680 1615 2708 perSonas,
1638 2672 1685 2699 Dei
1705 2672 1796 2699 Patris

1008 2730 1100 2755 unam,
1125 2722 1186 2750 Filii
1205 2722 1251 2749 Dei
1268 2722 1393 2753 alteram,
1417 2719 1537 2747 hominis
1552 2718 1670 2750 tertiam,
1687 2722 1713 2744 cl
1735 2717 1797 2753 Spi-

1007 2801 1113 2861 visionq
1127 2798 1312 2861 coqspexcrit,
1331 2802 1446 2826 testatur
1465 2797 1604 2833 Nysscnus
1619 2795 1645 2824 itt
1659 2796 1718 2832 eius
1733 2803 1795 2824 ora-

1007 2838 1080 2861 tione
1115 2843 1166 2861 uuc
1178 2843 1221 2861 )t't.
1443 2849 1452 2855 -

1007 2838 1080 2864 tione
1103 2838 1221 2862 t'uucln't.
1443 2849 1452 2855 -
