1963 3077
173 129 240 163 18Τὸ

805 128 960 158 LEONTII
981 129 1182 160 ΒΥΖᾹΝΤΙΝΙ

1732 130 1799 162 18ῗὸ

171 190 240 216 ritus
254 187 342 216 sancti
360 193 497 222 quartam.
516 187 608 222 Neque
623 186 689 213 dicit
705 185 775 212 duas
800 185 827 211 in
845 184 955 212 Christo

1015 185 1123 217 ιιάστως
1142 186 1190 221 τὴν
1213 187 1328 222 θεότητα
1353 186 1418 222 ἔχει,
1440 187 1566 222 βούλεται
1581 187 1685 220 δεῖξαι·
1701 188 1715 214 ὸ
1732 187 1800 222 γοῦν

168 241 199 262 se
216 241 297 262 nosse
309 239 421 261 naturas
442 233 560 265 divinas,
584 232 631 259 sed
646 232 673 258 in
691 239 744 259 una
761 233 824 266 (non
842 231 868 258 in
885 233 953 258 dua-

168 279 230 314 bus)
257 278 376 306 naturali
406 278 498 306 divina
528 276 697 312 perfectione
721 283 784 303 eum
803 276 956 310 perfectum

167 331 197 351 se
212 323 293 351 fateri
319 322 460 358 praedicat.
490 321 546 348 Hoc
565 321 639 348 enim
666 321 781 347 innuere
798 320 867 352 vult,
886 321 957 348 Ver-

170 374 234 397 bum
254 376 365 397 carnem
394 367 586 402 assumpsisse,
613 367 709 394 eadem
731 367 758 393 in
782 366 957 400 simplicitate

170 421 219 441 sua
240 417 368 440 manente
387 411 541 439 divinitate.
565 410 671 438 Idcirco
698 411 770 438 idem
789 411 870 445 pattlo
894 416 958 438 ante

171 458 261 486 dicit:
282 467 291 483 ι
311 457 379 485 Cum
405 464 469 484 caro
491 456 602 484 dolores
623 457 740 488 subiret,
761 460 790 483 et
813 456 959 484 affectibus

1007 231 1087 262 αὐτὸς
1101 232 1152 266 πρὸ
1167 232 1282 268 βραχέος
1296 233 1360 268 φησί
1374 242 1380 248 ·
1404 243 1412 258 ι
1429 234 1482 260 Καὶ
1502 233 1556 260 τῶν
1569 234 1631 269 περὶ
1643 234 1731 269 σάρκα
1747 242 1800 260 πα-

1010 275 1064 302 θῶν
1081 277 1242 312 γινομένων,
1259 279 1308 313 τὴν
1336 279 1468 305 ἀπάθειαν
1493 280 1510 314 ἡ
1537 279 1652 313 δύναμις
1676 277 1732 314 εἶχε
1752 278 1802 314 τὴν

1011 321 1120 356 ἑαυτῆς.
1135 332 1143 348 ι
1163 323 1275 358 Ἀσεϐὴς
1289 323 1336 350 οὖν
1351 325 1364 350 ὁ
1375 324 1405 350 τὸ
1419 324 1502 356 πάθος
1518 325 1626 358 ἀνάγων
1641 325 1680 354 εἰς
1696 325 1745 359 τὴν
1757 323 1802 350 δύ-

1012 375 1094 400 ναμιν
1106 376 1112 382 ·
1130 369 1143 394 ὁ
1157 367 1212 404 γὰρ
1228 369 1275 404 τῆς
1291 369 1368 404 δόξης
1394 369 1494 405 Κύριος
1515 371 1543 398 ἐν
1557 369 1718 405 ἀνθρωπίνῳ
1733 369 1800 405 σχή-

1014 422 1079 447 ματι
1095 414 1208 449 πέφηνε,
1231 415 1280 451 τὴν
1303 415 1477 452 ἀνθρωπίνην
1496 416 1653 450 οἰκονομίαν
1669 415 1799 450 ἀναδεξά-

1014 467 1105 494 μενος.

170 504 342 536 traheretur;
372 510 493 537 superna
515 505 638 537 potestas
656 501 754 528 horum
772 501 895 528 omnium
928 501 1058 530 immunis
1084 505 1194 532 mansit.
1211 515 1219 530 ι
1248 505 1378 541 Quisquis
1409 514 1474 541 ergo
1490 506 1600 534 dolores
1629 510 1658 533 et
1690 509 1804 541 pertur-

169 551 247 577 batos
262 550 377 576 affectus
401 550 427 576 in
454 555 601 583 supernam
626 552 793 583 potestatem
821 547 894 574 illam
917 546 1034 582 inducit,
1063 544 1165 584 impius
1200 555 1258 584 est;
1293 552 1395 579 ett-nim
1428 552 1562 579 Dominus
1583 552 1677 587 gloria:
1691 559 1721 580 se
1735 559 1788 579 con

171 594 344 631 spicicndum
365 594 393 621 in
417 594 537 621 humana
555 592 644 620 forma
664 592 791 627 praebuit,
813 592 959 619 humanam
980 593 1169 622 conditionem
1190 595 1344 623 subeundo.

206 653 324 688 Gregorii
337 651 473 688 [Nysseni]
489 659 520 679 ex
535 659 612 687 opere
626 655 718 677 contra
733 650 925 686 Apollinarem.

1099 653 1345 694 I‘pqropiovyoﬁ
1357 648 1504 694 ΔΝύσσηέ]
1521 654 1555 681 ἐκ
1571 653 1624 680 τοῦ
1640 653 1716 680 κατὰ

1273 689 1518 723 Ἀπολιναριτῶν.

210 752 218 767 ι
239 742 378 770 Accusant
400 749 449 769 nos
472 741 550 777 quasi
570 741 639 769 duas
660 746 783 772 naturas,
799 740 902 768 divisas
917 740 959 768 vel

1050 755 1059 771 ι
1074 745 1280 781 Κατηγοροῦσιν
1294 745 1372 781 ἡμῶν
1393 745 1431 778 ὡς
1448 745 1496 772 δύο
1511 745 1606 779 φύσεις
1623 744 1802 778 εἰσαγόντων,

170 788 323 815 contrarias
343 788 568 818 introducamus.
589 793 617 814 ct
641 787 878 822 supranaturaletn
910 787 959 814 ad-

1015 791 1208 826 Ξιπηρτημὲνας
1235 792 1251 827 ἢ
1280 792 1450 826 μαχομένας.
1483 791 1531 819 καὶ
1561 791 1728 826 μεριζόντων
1751 790 1803 825 τὴν

172 835 381 869 mirandamquc
394 835 524 862 unionem
537 835 739 862 discernamus.
752 844 762 859 ›
782 833 841 861 Jam
854 841 930 864 vero,
943 841 959 860 ο

1015 835 1138 870 {imponi
1153 835 1200 862 καὶ
1225 835 1380 870 θαυμασίαν
1405 835 1513 862 ἓνωσιν.
1532 845 1542 861 ι
1563 835 1645 866 Ἀλλ’,
1669 832 1691 861 ὦ
1715 832 1800 866 οὗτοι,

173 880 247 912 boni,
274 880 438 908 divisionem
464 888 496 907 ac
526 888 645 915 pugnam
672 879 766 906 dicere
786 878 820 906 de
840 879 958 911 naturis,

173 926 319 953 manifesto
335 933 473 961 nusquam
492 930 535 954 est
551 930 683 953 statutum
697 925 767 952 :hoc
780 924 854 952 enim
875 924 963 952 admi-

174 971 284 999 randam
303 972 411 999 dirimit
424 972 566 999 unionem.
579 971 752 1006 Oportuisset
766 974 858 998 autent
874 969 962 997 solum

171 1016 253 1044 ntodo
270 1017 365 1045 dicere
387 1026 393 1044 :
413 1017 492 1052 quasi
523 1016 591 1044 duas
612 1021 726 1044 naturas
753 1015 964 1044 introducantus

171 1068 199 1090 et
224 1063 415 1091 admirandam
444 1062 574 1090 unionem
590 1063 791 1090 discernanms.
810 1071 819 1088 ι

303 1118 397 1155 Cyrilli
424 1127 456 1146 es
476 1119 587 1154 epistola
615 1119 650 1146 ad
681 1118 837 1146 Sua-ensum.

209 1184 217 1200 ι
231 1174 390 1209 Quanquam
413 1175 608 1209 conjunctione
630 1174 710 1203 facta.
729 1178 759 1201 ut
786 1174 814 1200 in
834 1175 962 1201 confesso

171 1224 222 1251 est.
241 1227 296 1247 non
312 1220 430 1255 amplius
451 1221 486 1248 ab
503 1228 532 1247 se
548 1220 665 1247 invicem
682 1220 886 1255 disjunguntur,
900 1227 962 1254 quae

171 1266 317 1300 conjuncta
336 1270 400 1292 sunt
413 1275 420 1298 ;
441 1266 490 1293 sed
503 1273 576 1293 unus
586 1270 709 1293 remanet
724 1265 820 1297 Filius,
835 1273 889 1293 una
901 1266 961 1301 ejus

170 1312 218 1348 qui
234 1319 346 1339 carnem
358 1312 518 1347 assumpsit,
534 1316 642 1339 natura.
664 1321 674 1338 ι

207 1357 307 1386 Verum
331 1363 458 1385 accurate
479 1358 579 1392 pieque
594 1365 653 1385 rem
671 1357 846 1393 perpendere
860 1357 962 1385 volenti

171 1403 347 1438 perspicuum
362 1402 402 1435 ﬁt,
422 1411 502 1430 unam
525 1410 587 1430 eum
603 1410 727 1430 asserere
748 1402 808 1429 Filii
825 1407 962 1435 naturam,

171 1453 308 1484 quatenus
333 1453 431 1476 natura
450 1448 536 1475 Filius
549 1452 609 1480 est;
624 1455 687 1476 nam
710 1447 770 1475 fieri
787 1455 840 1475 non
863 1452 964 1483 potest,

174 1499 203 1522 ut
217 1495 264 1529 qui
287 1494 373 1522 semel
390 1499 489 1522 natura
504 1494 590 1521 Filius
603 1493 667 1526 fuit,
685 1493 783 1521 evadat
800 1493 882 1521 etiam
898 1494 963 1520 ado-

172 1539 275 1574 ptionis
298 1539 383 1566 Filius
401 1546 449 1573 per
464 1539 591 1574 gratiam.
609 1538 714 1566 etiamsi
729 1539 822 1565 carnis
835 1542 960 1565 naturam

173 1584 361 1620 assumpserit,
379 1585 413 1612 ab
439 1592 468 1612 se
483 1592 623 1619 nunquam
643 1583 855 1619 segregandam;
881 1583 960 1617 quasi

1014 882 1097 915 σαφὲς
1124 881 1166 908 ὅτι
1191 880 1240 917 τὴν
1269 881 1424 916 ἀπάρτησιν
1452 881 1500 908 καὶ
1528 881 1619 917 μάχην
1645 880 1733 914 λέγειν
1756 881 1802 907 ἐπὶ

1012 926 1066 953 τῶν
1085 926 1202 960 φύσεων,
1220 926 1251 952 οὐ
1280 926 1426 953 συνέθετιν
1457 926 1522 953 τάδε
1550 927 1604 963 γὰρ
1631 926 1737 962 μερίζει
1751 927 1803 961 τὴν

1013 971 1174 1006 θαυμαστὴν
1189 971 1302 998 ἕνωσιν·
1327 972 1390 998 ἐπεὶ
1419 971 1473 998 ἔδει
1494 971 1584 1006 λέγειν
1609 972 1688 1007 μόνον
1703 972 1802 1005 οὕτως,

1013 1016 1050 1049 ὥς
1074 1017 1121 1043 δύο
1151 1016 1246 1051 φύσεις
1271 1017 1456 1051 εἰσαγόντων,
1483 1017 1531 1045 καὶ
1559 1016 1725 1051 μριζᾶντων
1751 1017 1803 1052 τὴν

1014 1060 1142 1095 ὑπερφυᾶ
1161 1061 1270 1088 ἕνωσιν.

1041 1119 1193 1152 Ruptum;
1208 1119 1243 1146 ἐκ
1258 1118 1311 1152 τῆς
1327 1118 1402 1153 πρὸς
1421 1119 1594 1147 Σούκεννσον
1606 1117 1782 1152 ἐπιστολῆς.

1051 1184 1061 1200 ι
1086 1175 1160 1210 Πλὴν
1192 1174 1242 1210 τῆς
1275 1174 1398 1206 ἑνώσεως
1435 1175 1677 1210 ὁμολογουμένης,
1709 1175 1802 1201 οὐκέτι

1011 1221 1162 1247 διίστανται
1189 1220 1311 1255 ἀλλήλων
1336 1220 1370 1246 τὰ
1390 1220 1538 1253 ὲνωθέντα,
1562 1221 1621 1247 ἀλλ’
1645 1219 1685 1252 εἷς
1709 1219 1802 1246 λοιπον

1013 1266 1087 1297 Υἱὸς,
1105 1265 1155 1300 μία
1168 1265 1251 1300 φύσις
1265 1264 1347 1292 αὑτοῦ
1360 1265 1398 1297 ὠς
1411 1265 1608 1300 σαρκωθέντος.
1626 1274 1636 1290 ι

1047 1353 1105 1380 Νῦν
1115 1353 1194 1389 δῆλόν
1209 1355 1266 1380 ἐστι
1280 1354 1361 1380 παντί
1377 1353 1416 1388 τῷ
1427 1353 1517 1388 σοφῶς
1532 1353 1590 1388 ἅμα
1614 1353 1661 1380 καὶ
1682 1351 1802 1384 εὗσεσῶς

1013 1399 1205 1427 ἒπισκέπτοντι
1220 1399 1262 1426 ὅτι
1286 1399 1351 1434 μίαν
1373 1399 1455 1434 φύσιν
1468 1399 1533 1426 Υῑοῦ
1557 1407 1651 1434 φησιν,
1668 1397 1706 1430 ὡς
1722 1397 1804 1433 φύσει

1013 1445 1080 1472 Υίοῦ
1090 1454 1096 1461 ι
1111 1445 1142 1471 οὺ
1158 1445 1212 1480 γάρ
1228 1445 1287 1471 ἐστι
1309 1445 1356 1472 καὶ
1375 1445 1467 1480 χάριτι
1480 1444 1543 1476 Υἱὸς
1562 1445 1576 1471 ὀ
1600 1443 1673 1477 ἅπαξ
1690 1443 1740 1479 τὴν
1754 1443 1803 1470 τοῦ

1014 1491 1094 1525 φύσει
1113 1490 1178 1517 Υῑοῦ
1203 1490 1284 1524 φύσιν
1309 1489 1388 1525 ἔχων,
1412 1491 1437 1517 εἰ
1465 1490 1513 1517 καὶ
1539 1489 1588 1525 τὴν
1605 1489 1704 1525 σαρκδς
1721 1488 1804 1524 φύσιν

1014 1537 1223 1573 προσεκτήσατο
1250 1536 1383 1571 μηδέποτε
1408 1535 1491 1563 αὐτοῦ
1514 1535 1715 1563 ἀποδιαστᾶσαν
1728 1554 1735 1567 ,
1759 1534 1804 1562 ἴνα

1015 1584 1062 1610 καὶ⁵
1075 1583 1124 1618 τῆς
1137 1583 1208 1609 κατὰ
1218 1582 1299 1618 χάριν
1314 1581 1450 1613 υἱοθεσίας
1464 1581 1560 1615 δέοιτο,
1575 1581 1624 1616 τῆς
1638 1580 1708 1607 κατά
1722 1580 1805 1615 φύσιν

173 1635 252 1666 egeat
278 1636 306 1658 et
329 1630 485 1666 adoptionis
507 1630 605 1666 gratia,
630 1630 678 1665 qui
692 1630 748 1665 jam
764 1634 861 1657 natura
877 1629 959 1657 Filius

1015 1630 1064 1656 οὐκ
1082 1628 1240 1663 ἢξιωμὲνη·
1259 1629 1302 1655 ἀεὶ
1330 1627 1384 1662 γὰρ
1410 1627 1440 1660 ἐξ
1462 1624 1547 1662 οὗπέρ
1577 1629 1635 1654 ἐστι
1661 1628 1694 1661 τῇ
1722 1626 1803 1660 φύσει

173 1671 272 1703 evasit.
296 1676 404 1703 Etenim
430 1684 463 1702 ex
487 1683 542 1711 quo
567 1681 705 1703 momento
731 1675 850 1702 huntana
864 1679 962 1702 natura

174 1719 202 1746 in
219 1727 364 1755 personam
377 1720 439 1747 Filii
454 1719 588 1747 naturalis
602 1720 722 1753 transiit,
742 1727 774 1746 ea
787 1727 896 1754 semper
910 1719 962 1754 ipsi

173 1766 319 1800 conjuncta
339 1766 455 1798 mansit;
473 1770 619 1802 propterea
640 1769 716 1793 tanto
733 1765 838 1793 honore
852 1765 963 1800 dignata

175 1818 228 1838 una
243 1818 306 1838 cum
322 1811 381 1845 ipso
395 1811 496 1838 colitur
508 1811 702 1846 adoraturque.

208 1855 268 1883 Jam
279 1863 431 1888 vero,cum
452 1856 568 1889 nullum,
592 1861 728 1892 quatenus
752 1857 781 1884 in
806 1856 886 1884 nobis
908 1860 962 1888 est,

174 1904 335 1934 praetextum
360 1900 510 1928 inimicitiae
535 1908 589 1935 qua
616 1901 655 1928 illi
672 1909 722 1928 nos
739 1904 960 1935 persequuntur,

174 1946 311 1982 negligere
324 1946 450 1980 velimus,
464 1946 634 1982 objectiones
657 1947 692 1974 ab
722 1946 804 1973 eisin
827 1946 961 1974 orationis

173 1990 292 2019 decursu
306 1991 452 2019 adversum
468 1999 519 2019 nos
532 1991 651 2026 proferri
667 1991 762 2018 solitas
775 1991 961 2018 indicabimus

174 2037 227 2064 hoc
239 2036 310 2070 loco,
327 2040 409 2072 atque
420 2037 460 2064 sic
474 2036 680 2065 mendaciorum
697 2040 793 2063 contra
810 2036 959 2063 Ecclesiam

174 2082 298 2110 fusorum
316 2082 510 2110 refutationem
530 2082 564 2109 ad
590 2081 671 2109 finem
686 2081 864 2108 deducemus.
887 2081 961 2114 Quo-

173 2127 247 2155 niam
263 2127 337 2155 enim
361 2135 450 2162 neque
473 2127 627 2155 rationibus
655 2127 689 2154 ad
713 2127 958 2154 demonstrandum

173 2173 254 2208 aptis.
271 2181 359 2207 neque
371 2173 536 2201 testimoniis
552 2181 567 2200 e
582 2173 723 2208 Scriptura
738 2173 780 2199 vel
800 2180 814 2198 e
830 2172 959 2199 Patribus

172 2217 345 2253 depromptis
355 2218 507 2245 doctrinam
527 2225 605 2244 suam
629 2221 754 2244 astruere
768 2217 869 2249 valent,
892 2225 958 2245 cau-

172 2271 228 2295 sas,
243 2269 292 2290 cur
308 2271 323 2290 a
337 2263 418 2290 nobis
429 2262 606 2294 dissentiant,
623 2261 775 2290 afferentes
788 2262 828 2290 sic
842 2262 901 2290 fere
913 2263 957 2290 di-

172 2314 255 2336 cunt:

209 2364 218 2381 ι
235 2353 291 2381 Etsi
309 2353 352 2388 pia
370 2352 500 2380 videntur
521 2352 659 2388 dogmata,
676 2360 738 2388 qum
755 2360 828 2380 nunc
842 2352 963 2380 traditis,

171 2402 290 2426 vestram
306 2402 397 2424 tamen
414 2397 573 2424 societatem
587 2397 724 2432 fugimus;
738 2403 884 2433 propterea
898 2398 963 2433 quia

171 2443 263 2470 colitis
287 2450 320 2470 ac
345 2443 478 2470 veremini
502 2443 727 2471 Chalcedonense
750 2444 918 2475 concilium,
935 2448 963 2471 et

172 2487 265 2515 Romae
283 2487 466 2522 patriarcham
479 2487 516 2523 (6)
534 2488 665 2521 Leonem,
678 2489 724 2523 qui
738 2489 848 2524 quidem
868 2489 909 2522 (ut
921 2489 960 2516 ait

171 2531 218 2566 qui
242 2539 271 2558 se
301 2532 462 2567 magistrum
497 2533 620 2568 ipsorunt
638 2534 746 2568 jactitat
769 2533 958 2560 Antiocltenus

169 2577 325 2612 patriarcha
336 2577 374 2614 (7)
387 2578 523 2614 Severus)
536 2586 566 2606 se
578 2579 606 2606 in
618 2587 702 2606 unum
712 2579 860 2606 convenire
871 2580 958 2607 simu-

205 2653 294 2689 (96-5)
306 2653 372 2688 Quae
383 2659 537 2689 sequuntur
552 2654 626 2689 apud
636 2655 721 2682 Manet
736 2655 828 2682 concil.
841 2654 902 2681 coll.
913 2662 957 2682 re-

172 2689 329 2721 periuntur.
347 2693 367 2716 t.
391 2690 448 2722 Vll,
473 2698 499 2717 c.
526 2689 588 2717 719.

206 2723 258 2765 (6)“
271 2723 356 2765 Vetus
376 2725 605 2765 _nomenclatura.
640 2733 693 2765 qua
706 2725 802 2765 primis
825 2724 958 2765 Ecclesia:

169 2758 275 2795 ungulis
287 2759 442 2793 gaudebant
457 2760 572 2787 Romani
586 2758 729 2794 pontifices
740 2761 785 2795 qui
805 2763 832 2787 et
849 2759 957 2794 episco-

171 2793 196 2827 pi
208 2793 314 2835 lion-rm.
330 2798 359 2835 et
371 2795 569 2829 archiettianpi
586 2793 815 2835 appellabantur.

206 2828 244 2863 (7)
263 2827 382 2866 Eapulso
395 2836 444 2864 per
467 2827 601 2856 summam
615 2827 750 2865 'i'njnriam
778 2829 915 2862 Flaviano,
930 2829 956 2855 in

1015 1675 1134 1710 υίωμένη
1158 1674 1249 1706 οὐσία,
1270 1673 1396 1709 ἡνωμένη
1416 1673 1477 1699 εστὶ
1497 1673 1545 1700 καὶ
1561 1674 1594 1708 τῇ
1620 1671 1670 1706 τῆς
1684 1671 1803 1706 φυσικῆς

1014 1719 1134 1751 υἰώσεως
1162 1719 1240 1755 ἀξίᾳ·
1267 1718 1487 1754 συντετιμημένη
1513 1717 1560 1745 οὖν
1588 1717 1730 1749 δοξάζεται
1756 1717 1805 1744 καὶ

1015 1768 1268 1801 συμπροσκυνεῖται
1273 1787 1279 1793 .

1047 1854 1139 1888 Μηδὲν
1164 1853 1192 1880 δὲ
1220 1853 1408 1889 ἀθεράπευτον
1433 1852 1594 1880 καταλιπεῖν
1624 1852 1662 1883 ὡς
1692 1848 1748 1879 οἶόν
1772 1860 1804 1879 τε

1013 1900 1209 1932 σπουδάζοντες
1230 1900 1322 1931 αὐτοῖς
1342 1899 1395 1926 τῶν
1405 1899 1455 1934 τῆς
1473 1899 1542 1934 πρὸς
1559 1898 1634 1932 ἡμᾶς
1648 1897 1804 1932 φιλεχθιίας

1012 1945 1258 1980 προφασισμάτων,
1276 1945 1322 1972 καὶ
1347 1945 1395 1977 τὰς
1420 1945 1449 1971 ὲν
1472 1943 1629 1980 παραϐάσει
1650 1943 1697 1970 τοῦ
1722 1943 1804 1977 λόγου

1011 1991 1137 2022 εἰωθυίας
1152 1991 1244 2023 αὐτοῖς
1268 1990 1471 2026 προσφέρεσθαι
1497 1990 1615 2025 μέμψεις
1640 1989 1701 2016 καθ’
1723 1989 1803 2024 ἡμῶν

1011 2037 1230 2073 παραγαγόντες,
1255 2037 1380 2065 ἐνταυθοῖ
1397 2046 1449 2064 που
1475 2037 1520 2063 τὸν
1538 2037 1647 2072 ἔλεγχον
1669 2035 1717 2063 τοῦ
1733 2036 1803 2062 κατὰ

1010 2083 1060 2115 τῆς
1079 2084 1244 2119 Ἑκκλησίας
1257 2083 1369 2118 ψεύδους
1385 2083 1657 2118 ἀποτερματίσωμεψ
1674 2083 1734 2109 ἐπεὶ
1749 2082 1803 2117 γὰρ

1012 2129 1080 2163 μήτε
1094 2129 1293 2160 ἀποδεικτικοῖς
1313 2129 1512 2163 ἐπιχειρήμασι
1528 2128 1714 2163 παραστῆσαι,
1731 2127 1801 2162 μήτε

1011 2173 1188 2210 Γραφικοῖςῆ
1208 2175 1356 2210 [ἰατρικοῖς
1380 2175 1581 2210 μαρτυρὴμασι
1605 2173 1753 2209 βεϐαιῶσαι
1769 2173 1803 2199 τὰ

1009 2219 1096 2245 οἰκεῖα
1122 2221 1285 2255 φρονήματα
1306 2219 1475 2254 δεδύνηνται,
1502 2220 1531 2245 ἐν
1556 2218 1732 2254 ἐσχατοὶογίᾳ
1747 2217 1802 2243 τῶν

1010 2265 1105 2291 αἰτιῶν
1118 2265 1167 2299 τῆς
1183 2265 1230 2300 ἀφ’
1244 2265 1323 2300 ἡμῶν
1338 2266 1532 2300 ὲκφοιτήσεως,
1544 2265 1625 2298 φασὶν
1641 2263 1681 2289 ἔτι
1696 2263 1740 2294 (26
1760 2262 1800 2295 ὃν

1051 2364 1059 2380 ι
1088 2355 1132 2386 Ὦς
1148 2355 1200 2382 κᾶν
1223 2354 1312 2382 τοιάδε
1337 2355 1416 2389 ὑμεῖς
1443 2353 1610 2388 εὐσεὸοφανῆ
1628 2352 1676 2380 νῦν
1695 2330 1800 2387 ὲογμα-

1011 2399 1110 2432 τίςετε,
1125 2400 1157 2426 οὐ
1178 2398 1470 2434 συνεκκλησιαζόμεθα
1495 2399 1577 2433 ὑμῖνο
1605 2397 1716 2432 δέχεσθε
1749 2398 1803 2433 γὰρ

1014 2445 1061 2471 καὶ
1078 2445 1172 2471 σέϐετε
1195 2445 1245 2480 τὴν
1271 2445 1300 2470 ὲν
1322 2444 1473 2477 Χαλκηδόνι
1498 2443 1617 2475 σύνοδον,
1634 2443 1682 2469 καὶ
1700 2442 1803 2469 Λέοντα

1008 2490 1055 2516 τὸν
1078 2490 1254 2525 πατριάρχην
1273 2489 1399 2525 Ῥώμης,
1431 2489 1455 2516 οἳ
1473 2488 1558 2524 (καθά
1579 2497 1662 2524 φησιν
1680 2489 1771 2520 αὐτοῖς
1789 2489 1804 2515 ὀ

1011 2534 1097 2568 λέγων
1113 2534 1173 2561 τινὰ
1195 2535 1291 2561 ἑαυτὸν
1317 2532 1386 2560 εἶναι
1410 2534 1570 2561 διδάσκαλον
1587 2533 1687 2565 αὐτῶν,
1711 2533 1726 2560 ό
1749 2533 1804 2561 ἀπὸ

1012 2580 1189 2616 πατριαρχῶν
1220 2581 1385 2615 Ἀντιοχείας
1416 2580 1561 2616 Σεὸἦρος),
1592 2579 1728 2615 πρόφασιν
1754 2579 1804 2615 μὲν

1008 2656 1226 2698 ipsius-locum
1257 2655 1390 2683 suffectus
1401 2660 1446 2696 est
1480 2655 1602 2695 Severus
1635 2654 1801 2698 tponaghup,

1006 2689 1240 2726 Eutychianorum
1255 2695 1346 2726 caput,
1361 2691 1408 2726 qui
1423 2698 1486 2726 cum
1499 2690 1706 2726 proscripsisset
1718 2689 1801 2717 Chal-

1007 2723 1163 2752 cedonense
1178 2723 1326 2753 concilium
1351 2723 1380 2754 ei
1398 2726 1427 2753 S.
1445 2723 1576 2756 Leonem,
1590 2723 1760 2758 proscriptus
1774 2729 1802 2752 et

1007 2759 1064 2795 ipse
1076 2760 1128 2787 fuit
1138 2760 1165 2787 in
1181 2761 1299 2788 concilio
1313 2760 1365 2788 ΟΡ.
1379 2760 1533 2795 episcopor.
1544 2767 1581 2789 vt.
1594 2759 1629 2786 ab
1641 2759 1684 2788 Jo.
1699 2758 1791 2794 Cpolit

1005 2803 1050 2830 ep.
1071 2800 1232 2830 convocato,
1247 2799 1304 2823 tom
1324 2795 1344 2824 ν
1356 2795 1439 2824 Cone.
1451 2815 1459 2828 ,
1475 2802 1536 2830 pag.
1553 2795 1612 2822 170.
