1963 3077
133 126 194 159 1877

705 132 852 163 CONTRA
870 132 1170 164 MONOPHYSITAS.

1684 130 1751 163 1878

129 182 201 217 ἔιχον
228 181 276 217 τῆς
296 181 343 208 ἐπὶ
359 182 389 209 τὸ
406 183 471 210 αὐτὸ
498 185 682 218 συνελεύσεως
700 187 749 220 τὴν
769 187 908 222 Εὑτυχοῦς

963 189 1060 220 larunt,
1075 193 1104 214 ιιι
1115 187 1295 223 Eutychetem
1305 186 1468 222 dejicercnt,
1482 193 1544 214 cum
1556 185 1645 221 rcipsa
1659 191 1749 214 tamen

130 227 290 263 καθαίρεσιν⁸
308 228 469 263 σπούδασμα
485 229 512 257 δὲ
528 228 599 266 ἦσαν
613 232 772 268 Νεστορίου.
789 243 799 259 ι

160 273 248 300 Ταῦτα
259 274 324 307 γοῦν
345 272 507 307 οῑ¹λέγοντες
524 277 581 309 πῶς
595 277 625 304 οὐ
639 278 782 314 τολμηταὶ,
795 279 842 305 καὶ
858 278 908 305 αὖα

129 319 211 350 θάδεις
225 319 304 352 λίαν;
322 319 402 352 δόξαν
417 321 471 356 γὰρ
486 322 516 348 οὐ
530 323 660 358 τρέμουσι
669 323 906 359 βλασςςημοῦντες,

130 364 152 389 οἳ
166 364 239 398 λόγον
253 365 302 399 μὲν
317 365 433 392 δώσουσι
445 366 482 401 τῷ
492 368 607 403 ετοίμως
623 368 709 404 ἔχοντι
727 371 818 404 κρῖναι
838 369 908 401 ζῶν-

130 418 174 440 τας
196 409 242 436 καὶ
257 411 372 446 νεκροὺς
382 432 390 444 ,
407 412 437 444 ὃς
452 413 499 439 καὶ
521 413 655 441 ἀποδώσει
669 415 778 450 ἑκάστῳ
792 415 862 442 κατὰ
878 415 908 442 τδ

129 455 204 490 ἔργον
218 455 300 483 αὐτοῦ
311 475 318 488 ,
334 457 382 484 καὶ
402 458 572 494 ἀποκαλύψει
585 460 635 492 τὰς
655 460 753 495 βουλὰς
770 461 824 487 τῶν
840 469 908 496 καρ-

129 500 196 526 διῶν.
221 501 349 536 Δειξομεν
373 501 402 528 δὲ
431 504 479 529 καὶ
495 505 575 538 ἡμεῖς
602 505 651 531 σὺν
674 505 733 541 Θεῷ
745 507 778 541 τῇ
795 506 909 541 ἀληθείᾳ

129 546 192 571 πᾶσι
206 547 261 577 τοῖς
274 547 424 583 ἀκροαταῖς
438 548 532 579 τῶνδε,
553 550 590 581 ὡς
613 550 661 576 καὶ
683 552 792 585 κριταῖς
809 551 909 577 ἀπολο-

129 590 262 625 γούμενοι,
284 592 326 617 ὅτι
341 593 420 627 χείλη
438 593 513 620 δόλια
532 595 561 620 ὲν
582 595 682 630 καρδίᾳ
698 596 801 629 αὐτοῖς,
815 596 863 622 καὶ
877 596 909 622 ἐκ

128 636 237 670 καρδίας
262 637 396 672 ἐλάλησαν
421 639 518 672 κακὰ,
534 640 620 676 θυμδς
645 642 739 673 αὐτοῖς
763 641 833 668 κατὰ
859 642 909 676 τὴν

128 681 251 714 ὁμοίωσιν
266 683 313 709 τοῦ
327 683 417 718 ὄφεως
432 684 572 721 φθονερὸς,
588 686 636 713 καὶ
660 686 863 721 μισάνθρωπος.
878 687 907 713 οὺ

128 726 259 762 θεόζηλος.
282 729 312 755 0t
335 729 390 765 γὰρ
405 729 469 762 τούς
484 739 513 757 τε
537 731 791 767 ἀναθεματίσαντας
806 733 909 759 Νεστό-

128 780 190 806 ριον.
204 773 289 808 ἤγουν
300 774 348 809 τὴν
365 774 395 801 ὲν
416 775 521 810 Ἐφέσῳ
535 775 644 802 σύνοδον
660 776 850 811 ποτνιώμενοι,
862 776 909 802 καὶ

128 817 159 843 τὰ
175 818 243 844 κατὰ
258 819 408 854 Νεστορίου
436 820 620 855 γεγραμμένα
634 821 673 855 τῷ
693 821 830 855 ὁσιωτάτῳ
851 822 907 848 Κυ-

129 863 214 898 ρίλλῳ,
232 865 280 891 καὶ
296 866 343 897 τὰς
361 866 433 892 κατὰ
445 866 523 893 τοῦδε
536 867 628 900 φωνὰς
642 867 732 898 πάσας
744 866 906 901 ὁμολογοῦν·
920 857 943 886 Β

126 917 178 940 τες,
190 910 239 936 καὶ
259 911 297 942 ὡς
314 911 398 946 μύσος
411 920 438 938 τι
453 911 537 938 αὑτοῦ
549 912 705 948 πανταχόσε
722 912 907 947 μνημονεύον-

126 961 180 985 τες,
194 954 242 980 καὶ
266 956 320 989 πρό
334 963 367 988 γε
382 956 492 983 πάντων
507 956 562 982 τῶν
575 956 732 984 ὑπευθύνων
745 958 779 992 τῇ
794 956 908 992 ἀσεϐείᾳ

125 998 170 1024 καὶ
184 999 254 1033 μετὰ
279 1000 383 1032 πάντας
401 1001 496 1028 τοῦτον
510 1001 767 1037 ἁναθεματίζοντες,
784 1002 832 1028 καὶ
845 1003 908 1034 τοὺς

125 1043 156 1071 τὰ
174 1045 257 1072 αὐτοῦ
278 1046 455 1082 φρονοῦντας,
477 1048 560 1075 πόθεν
586 1048 705 1082 εὐλόγως
718 1047 754 1079 ὡς
766 1047 908 1083 Νεστορίῳ

125 1089 319 1123 σπουδάζοντες
334 1091 515 1127 διεϐλήθησαν
528 1101 536 1125 ;

956 233 1084 260 Nestorio
1099 233 1242 268 suffragari
1257 233 1279 261 si
1297 233 1449 261 studerent.
1468 242 1477 258 ι
1731 266 1736 269 _

992 278 1094 305 Verum
1101 279 1148 313 qui
1155 278 1360 310 hazceﬂ‘utiunt,
1368 286 1460 306 nonne
1467 287 1527 306 sese
1535 278 1613 306 valde
1622 278 1751 313 petulan~

958 326 999 349 tes
1013 325 1040 349 et
1060 322 1176 349 audaces
1200 323 1365 349 ostendunt?
1382 322 1508 350 Nostram
1527 323 1628 358 quippe
1651 321 1750 349 famam

957 366 1079 394 lacerare
1089 373 1143 393 non
1152 366 1291 399 dubitant,
1308 367 1354 401 qui
1366 368 1489 402 profecto
1498 375 1593 403 poenas
1603 367 1707 395 dabunt
1725 366 1751 394 ci

958 413 1004 448 qui
1017 412 1094 439 vivos
1107 417 1134 440 et
1148 417 1272 440 mortuos
1284 412 1458 448 iudicaturus
1476 418 1528 446 est,
1544 413 1647 448 quique
1659 413 1752 448 singu-

958 457 1048 484 lorum
1060 464 1144 491 opera
1161 456 1265 484 debitis
1280 457 1400 491 prmmiis
1415 458 1458 484 vel
1474 457 1616 492 suppliciis
1639 457 1750 488 alliciet,

959 503 1159 538 patelacietque
1176 502 1268 530 cordis
1283 502 1380 530 intima
1391 507 1420 530 ct
1433 503 1603 531 abscondita.
1631 503 1685 530 Nos
1707 503 1750 529 in-

960 549 1039 576 terim
1064 557 1116 584 ope
1147 548 1239 577 divina
1265 549 1328 576 freti
1353 549 1464 584 planum
1486 549 1618 576 faciemus
1634 549 1749 576 istorum

959 594 1127 622 nebulonum
1140 595 1325 627 auditoribus,
1340 595 1418 630 quasi
1431 602 1521 622 coram
1531 594 1673 630 judicibus
1683 602 1750 621 cau-

959 648 1016 669 sam
1029 645 1150 676 agentes,
1167 641 1402 676 ostendcmnsquc
1427 649 1492 668 vere
1510 641 1537 667 in
1552 647 1648 667 eorum
1667 638 1750 667 corde

959 695 1020 715 esse
1036 688 1108 714 labia
1123 687 1226 720 dolosa,
1246 694 1348 722 eosque
1365 687 1468 714 nefario
1483 686 1568 713 verba
1584 685 1750 720 protulisse;

959 741 1028 768 quos
1041 733 1163 768 profecto
1177 741 1232 760 non
1249 741 1326 760 amor
1342 741 1405 768 erga
1436 733 1522 760 Deum
1547 730 1684 764 accendit,
1702 730 1750 758 sed

960 778 1016 806 acri
1036 778 1171 813 serpentis
1200 778 1296 810 instar,
1312 778 1340 805 in
1363 778 1490 805 homines
1506 777 1600 804 odium
1622 783 1654 803 ac
1680 775 1752 802 livor

961 822 1119 850 inﬂammat.
1136 824 1201 850 Nam
1219 823 1358 858 quomodo
1373 824 1522 851 verisimile
1548 827 1600 854 est,
1618 821 1692 857 quod
1711 821 1753 848 eis

958 869 1088 905 objicitur
1104 869 1153 904 (8),
1164 869 1292 896 Nestorio
1309 869 1413 896 scilicet
1432 876 1482 897 eos
1499 868 1611 897 favisse.
1624 867 1670 903 qui
1686 875 1753 894 con-

959 914 1052 942 eilium
1070 914 1238 950 Ephesinum
1258 922 1314 949 quo
1329 915 1352 941 is
1368 914 1528 950 proﬂigatus
1543 918 1586 942 est
1602 913 1650 949 (9),
1667 918 1753 940 vene-

957 961 1064 989 rantur,
1087 958 1260 992 probamque
1280 965 1342 984 cum
1376 958 1432 985 divi
1453 957 1549 993 Cyrilli
1579 961 1676 984 contra
1698 956 1753 983 Nc-

957 1003 1072 1030 storium
1084 1003 1172 1038 ipsum
1181 1003 1293 1037 scripta,
1304 1006 1361 1029 tum
1375 1008 1521 1038 usurpatas
1533 1002 1666 1030 adversus
1676 1008 1753 1029 eum-

956 1047 1018 1075 dem
1034 1054 1115 1074 voces
1130 1055 1226 1074 omnes
1237 1048 1249 1074 Y
1260 1048 1306 1082 qui
1323 1047 1357 1075 de
1371 1048 1430 1083 ipso
1446 1053 1574 1082 tanquam
1595 1048 1629 1075 de
1643 1046 1752 1082 piaculo

956 1093 1076 1128 quodam
1091 1093 1193 1128 ubique
1212 1095 1381 1122 mentionem
1402 1094 1641 1129 faciunt?quique
1660 1093 1751 1128 ipsum

125 1134 191 1163 inter
211 1137 312 1171 impios
331 1138 454 1165 omnium
481 1138 536 1174 (ID)
561 1139 679 1173 primum
695 1146 726 1166 ac
743 1146 903 1173 supremum
925 1147 978 1166 una
1000 1147 1062 1166 cum
1086 1139 1146 1175 ejus
1165 1141 1276 1168 asseclis
1294 1141 1364 1168 idem
1382 1141 1575 1173 sentientibus,
1601 1138 1752 1174 explodunt

123 1182 290 1218 ejiciuntque
304 1192 319 1211 a
336 1183 438 1212 Christi
455 1184 577 1213 ﬁdelium
601 1185 799 1214 communitate
819 1185 830 1212 ἓ

158 1238 167 1254 ι
183 1230 248 1262 Ναὶ,
264 1228 335 1265 ἦσάν
348 1239 431 1264 τινες,
441 1231 534 1266 φησὶν,
550 1231 579 1258 ὲν
593 1233 625 1267 τῇ
633 1231 732 1266 συνόδῳ
757 1231 781 1258 οἳ
797 1231 907 1267 ἐφωρά-

123 1274 203 1309 θησαν
222 1274 365 1310 Νεστορίῳ
380 1276 464 1302 πάλαι
478 1276 683 1311 προσκείμενοι.
700 1286 708 1302 ι

155 1320 213 1346 Ἷνα
228 1318 277 1347 οὖν
290 1321 337 1346 καὶ
353 1321 425 1347 κατὰ
442 1321 594 1356 συνδρομὴν
610 1321 690 1348 τοῦτο
699 1320 790 1356 δῶμεν
813 1320 906 1353 αὐτοῖς

123 1365 225 1401 (τὸγὰρ
248 1365 444 1400 οὐκαθαίρετον
464 1366 512 1393 τοῦ
539 1367 619 1401 λόγου
638 1367 748 1399 εἰδότες,
764 1368 804 1399 εἰς
820 1368 908 1403 μῆκος

122 1410 167 1444 τὴν
185 1411 335 1445 ἀπολογίαν
359 1411 491 1438 ἐκτείνειν
525 1412 659 1447 περιττῶς
684 1411 714 1439 οὐ
732 1412 906 1448 βουλόμεθα),

122 1455 178 1487 πῶς
198 1456 284 1483 πέντε
310 1457 358 1490 μὲν
382 1457 496 1484 δικαίων
515 1457 598 1485 ἕνεκα
625 1457 712 1492 μόνων
730 1457 777 1484 καὶ
792 1457 907 1492 Σόδομα,

1005 1240 1015 1257 ‹
1032 1231 1169 1264 Aderant,
1196 1231 1305 1266 inquis,
1333 1231 1361 1259 in
1386 1231 1504 1258 concilio
1530 1230 1665 1263 nonnulli,
1683 1237 1753 1265 quos

955 1278 1022 1304 olim
1039 1277 1166 1305 Nestorio
1184 1277 1283 1305 favisse
1298 1281 1416 1305 constat.
1439 1286 1448 1304 ι

990 1322 1026 1351 Ut
1040 1322 1131 1351 obiter
1148 1323 1176 1350 id
1186 1323 1228 1350 eis
1245 1323 1427 1351 concedamus
1444 1323 1585 1359 (nolumus
1599 1323 1685 1355 enim,
1700 1323 1746 1351 imv

957 1367 1135 1396 becillitatem
1147 1369 1262 1404 hujusce
1275 1369 1336 1396 vani
1351 1368 1500 1396 commenti
1516 1368 1600 1403 probe
1617 1369 1746 1401 scientee.

959 1413 1042 1441 nimis
1068 1414 1221 1442 orationem
1238 1414 1401 1449 protrahere
1416 1413 1425 1449 )
1453 1418 1495 1446 ut,
1520 1413 1651 1448 inqua-n1,
1668 1413 1695 1440 id
1709 1415 1750 1441 εἰς

961 1459 1159 1490 concedamus.
1182 1459 1322 1494 quomodo
1339 1460 1413 1487 solos
1425 1459 1460 1487 ob
1473 1459 1596 1495 quinque
1616 1459 1691 1487 viros
1705 1462 1751 1496 ju-

121 1501 165 1527 καὶ
175 1501 304 1537 Γομόρρα
318 1502 366 1537 ὅλη
382 1502 517 1536 ὲσώζετο;
533 1500 566 1538 ἧς
580 1503 596 1538 ὴ
611 1502 719 1537 κραυγὴ
735 1502 786 1537 τῆς
794 1502 909 1537 ἀνομίας

963 1508 1020 1532 stos
1035 1505 1183 1533 incolumis
1195 1513 1211 1533 a
1223 1506 1279 1534 Deo
1291 1510 1398 1533 servata
1409 1505 1461 1533 fuit
1475 1505 1594 1534 Sodoma
1603 1511 1614 1521 ⁸
1627 1525 1639 1538 ,.
1651 1509 1709 1533 tota
1724 1509 1751 1532 et

122 1547 165 1573 καὶ
179 1547 232 1578 ἓως
248 1547 304 1574 τῶν
316 1547 436 1582 ὑψίστων
449 1548 542 1583 ἁνέἦη·
555 1549 584 1576 ὲν
597 1549 624 1574 δὲ
640 1547 745 1579 τούτοις
760 1547 804 1574 διὰ
820 1547 909 1574 δεύτε-

963 1547 1127 1581 Gomorrha,
1143 1557 1259 1584 quarum
1282 1549 1388 1576 nefaria
1405 1549 1525 1576 facinora
1544 1549 1645 1577 malum
1661 1549 1752 1584 ipsum

120 1601 175 1626 ρον,
201 1594 218 1629 ἢ
242 1593 336 1629 τρίτον
362 1594 422 1620 τινὰ
445 1594 708 1629 δεισιδαιμονοῡντα,
727 1596 751 1621 εξ
783 1595 830 1621 καὶ
853 1594 908 1629 ἄρα

963 1601 1071 1621 rumore
1097 1601 1149 1621 suo
1166 1594 1361 1629 complebant:
1380 1594 1427 1622 hic
1445 1597 1539 1622 autem
1557 1593 1593 1621 ob
1615 1593 1696 1625 duos,
1707 1593 1751 1621 vel

119 1638 267 1671 ύγνὼστως
280 1647 309 1665 τε
325 1640 354 1665 ὲν
367 1639 459 1670 αὐτοῖς
470 1639 630 1672 ἀσεὸοὗντα,
645 1641 721 1666 πᾶσα
734 1641 751 1675 ἡ
765 1639 909 1674 ὁσία¹πλη-

120 1682 176 1714 οὓς,
199 1684 251 1710 καὶ
272 1683 337 1715 λαὸς
353 1684 368 1710 ὸ
389 1684 467 1717 ἅγιος
491 1683 538 1710 τοῦ
560 1684 613 1710 τῶν
638 1684 677 1718 χλ¹
698 1683 904 1718 ἱερατεύματος,

119 1729 154 1760 ὡς
168 1729 271 1766 γνώμῃ
285 1730 478 1761 δυσσεόοὖντες
496 1729 533 1765 μὴ
549 1729 694 1764 διαθρῆσαι
715 1729 764 1763 τὴν
779 1729 908 1763 ἀλήθειαν

119 1773 371 1808 ἐγκατελείφθησαν
395 1774 447 1801 ὑπὸ
469 1774 516 1801 τοῦ
534 1773 659 1808 λέγοντος
682 1773 760 1800 Θεοῦ·
785 1772 825 1801 Οὗ
848 1774 906 1800 εἱσι

119 1818 180 1851 δύο,
195 1819 215 1853 ἢ
233 1819 323 1852 τρεῖς,
352 1819 537 1854 συνηγμένοι
561 1819 610 1845 ἐπὶ
635 1819 676 1851 τῷ
702 1819 825 1852 ὀνόματί
836 1827 906 1852 μου,

118 1865 179 1891 ἐκεῖ
188 1866 252 1899 ειμι
264 1864 300 1891 ἐν
312 1864 396 1898 μέσῳ
408 1863 518 1892 αὐτῶν.
532 1865 586 1891 Καὶ
597 1864 676 1890 τοῦτο
693 1864 743 1890 οὐκ
755 1865 794 1895 εἰς
809 1863 908 1894 αὐτοὺς

120 1909 197 1943 μόνον
212 1910 405 1944 συντεινούσης
418 1910 467 1945 τῆς
482 1910 557 1941 θείας
572 1910 761 1945 παροράσεως,
778 1908 847 1935 ἀλλὰ
861 1909 908 1936 καὶ

118 1957 156 1986 εἰς
183 1957 280 1983 πᾶσαν
305 1955 423 1991 Χριστοῦ
444 1956 494 1992 τὴν
516 1955 575 1982 καθ’
592 1955 656 1990 ὅλης
672 1956 721 1991 τῆς
744 1954 908 1990 οἰκουμένης

117 2001 197 2034 ἁγίαν
235 2001 404 2036 Ἐκκλησίαν
432 2001 487 2028 τῶν
516 2001 665 2036 πανδήμων
693 2001 740 2027 καὶ
769 2000 909 2027 πανεΘνῶν

116 2046 187 2074 λειῶν
206 2047 413 2082 ἀφειδέστερον·
434 2048 476 2073 ὅτι
493 2047 552 2073 οὐδὲ
577 2046 766 2082 προσκαίρως,
783 2046 831 2072 ἀλλ
856 2045 909 2076 ἓως

119 2092 233 2124 altovid;
264 2092 441 2127 παραδόσεως
463 2093 543 2127 ἥκειν
569 2092 666 2127 ἔμελλε
688 2092 722 2118 τὰ
739 2091 800 2118 τότε
822 2091 909 2126 ψηφι-

118 2138 214 2164 σθέντα
230 2138 404 2173 φρονήματα,
423 2138 460 2169 ὡς
473 2137 581 2173 ὁρῶμεν
608 2138 656 2164 σὺν
679 2137 739 2172 Θεῷ
761 2137 841 2172 μέχρι
862 2136 910 2163 καὶ

117 2183 172 2210 νῦν.
186 2181 267 2219 *Αρα
282 2184 332 2210 οὐκ
346 2183 386 2215 εἰς
398 2184 442 2210 τδν
455 2184 504 2218 τῆς
518 2184 592 2214 θείας
605 2184 737 2218 Προνοίας
748 2184 826 2218 λόγον
843 2183 909 2210 ἀσε-

957 1643 1015 1667 tres
1027 1640 1149 1668 nefarios
1166 1640 1304 1672 homines,
1322 1641 1392 1668 clam
1410 1640 1495 1675 impie
1511 1640 1674 1672 sentientes,
1693 1643 1752 1667 tota

958 1685 1124 1713 venerabilis
1137 1686 1285 1713 multitudo
1306 1686 1374 1722 (ll),
1391 1680 1558 1720 sanctusque
1571 1685 1627 1721 (l2)
1640 1685 1692 1713 650
1706 1693 1752 1713 sa—

957 1735 1068 1755 crorum
1087 1729 1234 1763 prmsulum
1247 1733 1344 1761 cattus,
1360 1730 1439 1764 quasi
1451 1737 1547 1757 omnes
1559 1729 1637 1764 impii.
1647 1733 1751 1762 essent,

957 1781 972 1800 a
1010 1774 1065 1801 Deo
1081 1774 1118 1802 ita
1129 1773 1305 1806 deserentur,
1317 1778 1347 1802 ut
1363 1782 1459 1801 verum
1472 1781 1587 1802 cernere
1596 1778 1751 1808 nequeant.

957 1820 1110 1854 praesertim
1137 1827 1201 1847 cum
1220 1820 1294 1847 Deus
1318 1820 1376 1854 ipse
1391 1820 1567 1854 polliceatur,
1591 1819 1638 1847 Ubi
1653 1819 1755 1854 fuerint

957 1862 1020 1896 duo,
1037 1863 1079 1890 vel
1100 1868 1152 1890 tres
1171 1864 1324 1899 congregati
1340 1864 1369 1890 in
1389 1865 1495 1891 nomine
1516 1871 1583 1895 mea,
1601 1863 1637 1890 ibi
1651 1871 1711 1892 sum
1724 1864 1753 1891 in

958 1909 1045 1937 media
1061 1909 1175 1936 eorumb
1188 1910 1200 1936 ’ἒ
1214 1909 1292 1943 Quod
1309 1913 1402 1936 autem
1423 1909 1542 1936 Numine
1554 1909 1648 1936 divino
1665 1909 1753 1937 desti—

957 1960 1053 1984 tuatur
1076 1955 1246 1987 concilium,
1273 1955 1404 1982 damnum
1431 1955 1484 1982 hoc
1514 1962 1569 1982 non
1596 1955 1630 1982 ad
1659 1955 1750 1990 ipsum

958 2000 1106 2030 concilium
1129 2000 1217 2028 solum
1245 2001 1418 2034 pertineret,
1444 2000 1493 2027 sed
1520 1999 1554 2026 ad
1584 2000 1752 2031 universam,

959 2046 1045 2075 totius
1058 2045 1202 2073 christiani
1215 2045 1293 2072 orbis
1308 2049 1429 2072 sanctam
1449 2044 1601 2071 Ecclesiam
1614 2043 1689 2071 omni
1703 2051 1752 2078 po.-

960 2093 1089 2128 pulorum
1116 2098 1218 2126 genere
1243 2089 1389 2118 conﬂatam
1407 2094 1532 2117 manaret
1547 2093 1630 2124 atque
1649 2089 1753 2117 diﬂun-

960 2139 1093 2166 deretur.
1120 2136 1264 2171 Siquidem
1280 2136 1356 2164 illius
1374 2136 1488 2164 concilii
1507 2136 1620 2163 decreta
1641 2143 1697 2163 non
1718 2136 1753 2162 ad

961 2184 1045 2212 breve
1057 2187 1166 2218 tempus
1174 2181 1298 2217 aliquod,
1308 2181 1356 2209 sed
1367 2181 1395 2209 in
1406 2185 1572 2216 perpetuum
1582 2181 1618 2208 ad
1628 2185 1754 2216 posteros

117 2228 209 2264 ϐήσειε
229 2218 356 2264 σερῶτυς,
372 2229 385 2254 ὸ
411 2229 455 2255 τὸν
471 2229 521 2263 τῆς
545 2228 663 2260 πίστεως
683 2227 734 2263 τῆς
747 2228 908 2262 οἰκονομίας

964 2230 1114 2258 transitura
1130 2233 1227 2259 erant,
1249 2232 1279 2254 ut
1302 2227 1357 2255 huc
1384 2235 1471 2262 usque
1490 2227 1539 2254 Dei
1569 2235 1622 2262 ope
1651 2227 1752 2255 factum

117 2274 237 2309 Χριστοῦ
253 2274 335 2307 λόγον
351 2273 454 2300 ἀθετῶν
469 2273 642 2308 κηρυχθῆναι
657 2274 690 2308 τῇ
704 2272 851 2308 οἰκουμένῃ
866 2272 911 2298 διὰ

117 2319 169 2346 τῶν
188 2320 282 2354 ἁγίων
298 2320 426 2353 συνάδων,
452 2321 499 2346 καὶ
525 2319 707 2354 βεϐαιωθῆναι
728 2319 756 2345 ἐν
778 2319 836 2350 ταῖς
849 2318 914 2353 ἑξῆς

118 2368 225 2398 γενεαῖς
246 2365 446 2400 λογιζόμενοςς
469 2367 494 2392 ει
511 2366 541 2392 δὲ
566 2366 633 2401 μηδὲ
654 2365 686 2391 ἐκ
711 2363 758 2391 τοῦ
772 2364 821 2399 τῆς
836 2364 913 2396 θείας

121 2411 255 2446 Προνοίας
281 2412 364 2446 λόγου
386 2411 424 2446 μὴ
439 2410 654 2446 εὐπαραδέκτως
669 2410 745 2445 ἔχετε
768 2410 837 2445 πρὸς
863 2409 913 2444 τὴν

120 2457 199 2490 ἁγίαν
219 2457 345 2489 σύνοδον,
363 2457 420 2483 ἁὶλ⁹
442 2457 482 2483 ἑτι
497 2456 667 2483 ὑποπτεύετε
682 2458 714 2483 ὲκ
727 2456 777 2491 τῆς
792 2456 911 2487 παλαιᾶς

150 2517 164 2533 ⁸
181 2515 288 2543 Genes.
305 2513 435 2549 “111,52.
463 2514 477 2534 b
494 2513 590 2542 Matth.
603 2522 677 2547 xvtn,
688 2514 734 2542 20.

151 2574 190 2609 (8)
203 2572 354 2600 Nestorius
369 2570 566 2609 monach_us_,_a_d
581 2569 914 2609 sedem‘Constantinopo-

118 2604 231 2636 litan'am
250 2611 365 2635 evectus
388 2606 416 2632 in
436 2606 530 2633 Sisinii
549 2606 652 2638 locum,
666 2605 782 2632 docebat
805 2604 872 2631 duas
887 2604 915 2632 in

118 2645 233 2671 Christo
250 2649 395 2677 personas,
406 2641 487 2677 cujus
499 2648 579 2668 error
596 2640 742 2677 damnatus
755 2639 809 2677 fuit
826 2639 853 2666 in
867 2647 917 2675 ge-

119 2679 203 2706 nerali
219 2674 350 2706 concilio
363 2674 503 2710 Ephesino
521 2683 538 2708 ι,
556 2679 624 2702 tom.
642 2675 663 2706 l,
681 2674 816 2710 pagi555.

152 2715 190 2748 (9)
204 2714 288 2748 Patet
303 2711 330 2738 id
345 2708 451 2748 enitet“
465 2719 472 2737 ι
489 2714 517 2737 et
534 2718 592 2748 seq.
608 2709 719 2748 concilii
729 2708 868 2748 _Chalccd._

152 2744 208 2782 (ιω
219 2747 291 2775 Nam
304 2745 411 2782 concilii
423 2746 517 2782 Patres
526 2744 586 2782 Act.
599 2753 617 2777 ι,
630 2744 917 2782 Nestoriumomnium

120 2779 240 2818 primum
271 2780 500 2818 proscribendum
521 2781 649 2812 clamant,
663 2783 690 2806 et
706 2779 733 2805 in
747 2779 809 2806 aliis
822 2780 919 2807 subse-

120 2815 306 2853 quentibusid
318 2817 406 2851 ipsum
415 2815 449 2842 ad
461 2824 544 2843 unum
554 2823 650 2843 omnes
658 2822 713 2841 uno
722 2821 769 2842 ore
779 2819 916 2850 repetunt.

963 2276 1104 2303 videmus.
1122 2275 1220 2301 Annon
1235 2281 1302 2309 ergo
1321 2273 1421 2301 divinae
1435 2273 1618 2300 Providentia’
1643 2280 1753 2308 gravent

963 2320 1069 2347 faceret
1088 2318 1227 2353 iniuriam,
1246 2317 1295 2352 qui
1313 2317 1423 2344 inﬁcias
1443 2317 1505 2350 iret,
1525 2316 1589 2345 ﬁdci
1604 2321 1704 2344 nostrae
1720 2316 1754 2344 de

964 2364 1068 2392 Christi
1081 2364 1287 2398 dispensatione
1308 2363 1436 2398 dogmata
1450 2371 1499 2398 per
1515 2367 1608 2390 sancta
1634 2361 1754 2389 concilia

964 2415 1102 2437 terrarum
1121 2409 1181 2435 orbi
1204 2408 1285 2439 tradi,
1309 2411 1393 2443 atque
1413 2408 1567 2443 posteritati
1583 2407 1672 2435 solide
1686 2414 1754 2434 con-

965 2455 1086 2490 signari?
1105 2453 1183 2487 Quod
1207 2453 1282 2481 sine
1305 2453 1377 2481 ratio
1406 2453 1519 2489 quidem
1542 2453 1601 2481 haec
1622 2460 1638 2480 a
1662 2452 1755 2480 divina

1004 2569 1200 2606 (ﬂ)Sanctum
1240 2570 1393 2606 appellatur
1424 2569 1572 2606 concilium
1604 2569 1755 2606 Chalcedo—

971 2603 1065 2636 nense,
1092 2605 1166 2640 quod
1187 2603 1319 2640 tantaﬂin
1335 2605 1512 2632 veneratione
1536 2603 1753 2640 fuitprzescrtim

967 2640 1040 2675 apud
1051 2638 1170 2671 Graécos.
1187 2644 1217 2666 ut
1228 2639 1287 2674 ejus
1300 2639 1400 2666 festum
1413 2640 1564 2674 quotannis
1576 2639 1594 2665 ii
1612 2638 1755 2666 celebrare

967 2675 1172 2702 consueverint.

1003 2710 1164 2745 (l2)Talem
1201 2709 1286 2738 fuisse
1314 2710 1426 2738 Patrum
1449 2716 1614 2745 ﬁnumcrum
1640 2711 1756 2745 testatur

968 2745 987 2781 S
1015 2742 1252 2781 SimeonStylitcs
1275 2745 1385 2780 epistola
1399 2745 1434 2772 ad
1446 2744 1530 2772 Busil.
1546 2744 1665 2771 Antioch.
1683 2742 1754 2780 apud

968 2780 1050 2816 Evng.
1067 2789 1096 2814 ιι,
1109 2780 1188 2813 Hist,
1217 2788 1241 2808 c.
1262 2780 1303 2808 l0.
