1963 3077
191 143 202 174 i
209 143 261 174 879

818 135 992 173 'LEoNTtI
1013 144 1216 175 BYZANTlNl

1755 146 1823 180 1830

189 197 363 226 Providentia
383 198 467 232 petita
484 206 532 225 vos
547 202 639 225 movet
650 194 687 224 ad
694 202 820 225 sanctum
834 199 980 226 concilium

1045 200 1195 236 τρολήψεώς
1209 211 1284 234 τινας
1303 203 1395 235 tamn;
1414 202 1467 231 τῶν
1483 205 1511 231 ὲν
1523 205 1591 241 αὐτῇ
1613 205 1737 236 ὑπούλως
1752 206 1824 241 ἔχειν

187 245 240 271 hoc
254 244 438 279 probandum,
459 243 507 271 sed
523 243 614 270 adhuc
631 243 716 270 veteri
730 243 870 278 opinionis
886 252 981 273 errore

187 289 294 324 decepti
308 288 487 323 suspicamini
499 289 632 323 qu05dam
646 289 756 317 concilii
768 289 863 317 Patres
877 290 983 317 occulte

189 335 289 362 fovisse
313 342 425 370 pravum
441 334 562 361 Nestorii
580 335 691 370 dogma,
705 335 770 362 licet
792 340 886 370 aperte
901 344 983 363 unam

188 387 284 407 omnes
302 387 357 406 uno
385 387 432 406 ore
453 380 618 407 sententiam
633 381 846 415 proﬁterentur;
858 382 985 409 conside-

189 433 281 452 remus
297 433 331 452 an
343 425 395 452 hac
406 424 441 452 de
460 432 543 453 causa
556 425 677 461 synodus
691 426 820 454 universa
834 427 984 462 rejicienda

145 499 146 502 η
188 471 327 498 videatur.
353 470 496 506 Nunquid,
525 479 618 506 quaeso
640 480 698 504 vos,
716 472 776 500 ﬁeri
803 480 859 499 non
877 478 986 507 poterat

190 522 221 544 ut
245 516 291 551 qui
314 521 393 544 antea
421 518 490 544 male
521 518 725 553 opinabantur,
752 523 847 554 postea
876 524 983 547 mutata

189 562 325 588 sententia
351 562 394 596 pie
425 567 555 598 recteque
592 564 744 596 sentirent;
769 564 892 599 profecto
910 565 984 599 quod

189 614 203 632 a
223 606 333 633 concilii
350 606 478 635 Patribus
505 613 612 643 gestum
628 613 669 636 est
685 631 692 642 ,
707 610 758 637 hoc
776 615 871 645 aperte
888 611 984 638 decla-

189 655 231 678 rat
247 658 295 678 eos
318 652 458 686 videlicet,
477 654 499 681 si
518 661 571 681 non
585 655 621 682 ita
639 655 757 690 pridem,
774 660 801 682 at
814 664 848 683 eo
861 661 984 692 tempore

189 696 234 731 pie
258 702 388 733 recteque
411 700 532 727 sensisse
554 709 560 727 ι
591 707 653 728 cum
669 701 774 729 nefaria
795 702 915 730 Nestorii
933 702 984 730 do-

189 746 281 778 gmata
298 743 401 779 scripta
423 746 559 774 sententia
572 746 729 774 damnarint
745 748 983 783 proﬂigarintque.

188 786 269 819 Quod
289 789 356 816 sane
376 788 436 817 ﬁeri
459 790 583 824 potuisse
605 791 669 826 quis
693 793 986 828 neget?qnemadmo‘

190 832 256 859 dum
281 837 310 860 et
327 834 394 861 illud
416 835 542 863 accidere
565 836 689 871 potuisse
713 845 796 865 nemo
822 839 934 874 negabit
955 843 985 866 ut

190 878 302 912 quidam
321 879 368 906 alii
391 880 438 914 qui
456 885 512 908 tum
533 880 561 908 in
575 881 694 908 concilio
711 883 755 916 pie
769 887 899 917 recteque
920 891 984 911 sen-
999 900 1022 929 Β

191 922 297 950 tiebant
355 928 450 958 postea
487 925 515 952 in
555 925 724 960 impietatem
759 927 983 961 prolaberentur.

191 969 290 996 Nonne
302 974 331 997 et
346 970 449 998 Paulus
460 971 505 1005 qui
519 975 600 998 antea
611 971 753 999 Christum
764 973 986 1007 persequebatur

193 1019 289 1048 postea
305 1015 466 1049 praedicavit
481 1024 542 1044 eam
560 1016 641 1044 iidem
657 1025 740 1052 quam
755 1017 926 1051 perdendam
937 1026 988 1045 cu-

191 1060 322 1088 raverat?
346 1061 442 1088 Nonne
453 1061 537 1089 Judas
550 1062 607 1096 (qui
621 1070 675 1089 una
688 1070 750 1089 cum
768 1063 899 1090 undecim
922 1071 991 1098 apo-

192 1105 271 1132 stolis
279 1104 426 1132 Dominum
438 1105 615 1140 praedicabat,
627 1114 689 1134 cum
702 1107 758 1134 bini
772 1114 821 1141 per
830 1107 925 1135 orbem
939 1111 992 1135 ter-

192 1155 284 1176 rarum
299 1149 334 1176 ab
349 1157 383 1176 eo
406 1149 593 1181 mitterentur)
608 1150 679 1177 idem
705 1151 763 1186 ipse
783 1155 878 1185 postea
898 1151 989 1178 eidem

192 1193 310 1221 Domino
322 1195 425 1221 struxit
443 1195 576 1223 insidias?
593 1195 694 1223 Verum
707 1200 735 1222 et
753 1196 775 1222 si
793 1197 905 1223 concilii
922 1201 992 1223 tem-

1036 247 1083 272 καὶ
1101 247 1163 274 τότε
1179 248 1227 283 τὴν
1243 248 1391 285 Νιστορίου
1411 251 1581 284 κακοδοξίαν,
1604 252 1627 278 et
1648 251 1694 278 καὶ
1710 254 1764 283 τοῖς
1781 252 1825 278 λε-

1037 291 1162 324 γομένοις
1188 292 1241 319 ὑπὸ
1257 293 1346 320 κοινοῦ
1362 296 1560 329 συναπήγοντο,
1578 297 1761 330 σκοπήσωμεν
1777 296 1825 322 καὶ

1035 336 1121 368 οὕτως
1142 337 1184 367 τίς
1198 338 1290 365 δικαία
1313 340 1477 375 κατάκρισις
1498 341 1529 367 ἐκ
1543 340 1620 367 τοῦδε
1636 342 1684 376 τῆς
1702 342 1823 368 συνόδου’

1035 383 1132 409 εῐπατε
1147 383 1212 418 γὰρ,
1226 386 1251 411 εὶ
1265 385 1396 412 ἀδύνατον
1410 384 1445 421 ἦν
1467 394 1545 418 τινας
1562 387 1647 413 πάλαι
1659 387 1708 413 οὐκ
1725 388 1824 422 εὐφρο-

1035 427 1157 460 νοῦντας,
1176 430 1206 455 ὲν
1230 430 1287 460 τοῖς
1309 429 1373 464 ἑξῆς
1393 430 1500 465 χρόνοις
1527 431 1695 466 μεταμαθεῖν
1715 431 1764 466 τὴν
1780 432 1825 457 εὑ-

1036 473 1153 506 σέϐειαν,
1175 475 1223 501 καὶ
1247 475 1441 511 ὀρθοδοξῆσαις
1468 476 1534 503 αὐτὸ
1553 477 1608 510 γὰρ
1630 476 1662 511 δὴ
1685 476 1763 503 τοῦτο
1778 476 1824 502 ὑπ’

1036 519 1124 546 αὐτῶν
1149 521 1289 556 πραχθὲν,
1315 523 1390 548 τουτὶ
1415 522 1475 557 βοᾷ,
1501 522 1584 556 ἠγουν
1609 522 1640 548 τὺ
1663 522 1722 548 κατ’
1737 523 1826 548 ἐκεῖνο

1036 566 1132 600 καιροῦ
1151 566 1310 602 ἁκραιφνῶς
1327 567 1459 598 εὐσεϐεῖν,
1482 568 1506 592 εί
1528 567 1574 593 καὶ
1592 567 1629 602 μὴ
1654 567 1760 601 πρώην,
1779 567 1827 600 ἐγ-

1035 612 1149 646 γράφως
1164 611 1422 646 ἁναθεματισάντων
1437 613 1470 638 τὰ
1486 612 1634 646 Νεπορίου
1649 613 1823 647 φρονήματα.

1035 657 1101 683 Τόδε
1118 657 1184 692 γὰρ,
1207 658 1237 684 οὔ
1262 657 1316 684 τῶν
1335 657 1520 692 ἐνδεχομένων
1543 658 1632 690 ὲστίν;
1653 657 1748 694 ὥσπερ
1761 658 1827 691 γοῦν

1035 703 1095 730 οὐδὲ
1112 703 1222 739 ἐτέρους
1237 703 1319 730 πάλιν
1334 704 1411 736 τινὰς
1425 704 1480 730 τῶν
1497 705 1526 730 ὲν
1537 705 1570 740 τῇ
1584 704 1684 740 συνόδῳ
1698 704 1828 732 ἀδύνατόν

1036 751 1093 777 ἐστι
1116 750 1176 777 κατ’
1193 751 1283 776 ὲκεῖνη
1300 750 1396 785 καιροῦ
1412 750 1602 782 εὑσεὸοὖντας,
1619 750 1731 786 ὕστερον
1745 760 1828 786 μεταα

1036 798 1128 823 πεσεῖν
1143 797 1183 828 εἰς
1194 796 1332 823 ἁσὲὅειαν.
1347 796 1382 822 Ἦ
1395 796 1455 831 οὐχὶ
1470 796 1517 823 καὶ
1528 796 1642 827 Παῦλος,
1655 798 1669 823 6
1685 797 1749 831 πρὶν
1763 797 1827 823 διώ-

1036 849 1115 876 κτης,
1144 840 1261 876 ὓστερον
1297 841 1489 875 εὐηγγελίζετο
1507 842 1557 877 τὴν
1574 841 1676 874 πίστιν,
1693 842 1725 877 ἣν
1744 842 1827 868 πάλαι

1036 887 1165 922 ἐπόρθει;
1187 887 1287 918 Ἰούδας
1304 887 1331 913 δὲ
1352 888 1366 913 ὁ
1388 887 1484 923 πρώην
1503 888 1550 914 σὺν
1569 889 1625 920 τοῖς
1644 891 1678 914 ια’
1714 888 1828 921 εὐαγγε-

1038 933 1179 968 λιζόμενος
1193 933 1239 960 τὸν
1255 934 1368 968 Κύριον,
1388 934 1432 960 ὅτε
1447 934 1497 960 ἀνὰ
1514 934 1559 960 δύο
1576 934 1768 969 ἀπεστάλησαν
1782 935 1828 961 ὑπ’

1039 979 1132 1012 αὐτοῦ,
1148 979 1261 1014 ὕστερον
1277 979 1324 1006 καὶ
1339 980 1536 1006 ἐπεϐούλευσεν
1553 980 1626 1015 αὐτῷ
1639 989 1646 1013 ς
1661 980 1748 1012 ἄλλως
1761 980 1788 1007 δὲ
1805 981 1829 1007 εἰ

1042 1026 1091 1052 καὶ
1104 1025 1176 1052 κατὰ
1187 1025 1232 1052 τὴν
1251 1027 1299 1061 τῆς
1324 1026 1433 1052 συνόδου
1449 1027 1544 1060 καιρὸν
1560 1026 1642 1052 αὑτὸν
1660 1027 1830 1061 κακόφρςνες

1041 1068 1113 1106 ἦσάν
1123 1079 1193 1102 τινες
1207 1071 1236 1097 ὲν
1250 1071 1352 1103 αὐτοῖς,
1368 1071 1443 1105 ὅμως
1464 1072 1512 1098 ἐπὶ
1536 1072 1592 1103 τοῖς
1607 1072 1695 1103 καλῶς
1709 1080 1830 1106 πραττο-

1044 1117 1135 1151 μένοις
1162 1118 1340 1150 συνετίθεντο,
1357 1119 1398 1151 τίς
1416 1121 1432 1154 ἠ
1450 1119 1555 1155 μέμψις
1580 1121 1612 1146 ὲκ
1639 1120 1715 1146 τοῦδε
1737 1120 1784 1146 καὶ
1796 1121 1830 1156 τῇ

1044 1163 1161 1198 συνόδῳ;
1182 1163 1262 1197 μόνου
1281 1164 1334 1199 γὰρ
1352 1163 1420 1191 εἶναι
1435 1165 1503 1191 Θεοῦ
1525 1166 1555 1191 τὸ
1573 1166 1688 1200 καρδίας
1709 1165 1757 1192 καὶ
1785 1175 1831 1192 νε-

1045 1211 1129 1244 φροὺς
1143 1211 1250 1243 ὲτάζειν
1268 1212 1387 1247 εἴρηται.

193 1257 261 1284 pore
278 1251 405 1279 nonnulli
415 1251 527 1279 Patrum
544 1252 619 1280 intus
636 1253 663 1280 in
678 1254 760 1281 corde
769 1262 820 1281 suo
833 1262 916 1289 prave
928 1255 1092 1289 sensissent,
1103 1263 1165 1284 cum
1178 1259 1347 1292 cateroquin
1366 1259 1452 1293 ipsius
1462 1257 1571 1286 concilii
1581 1264 1654 1287 recte
1663 1264 1736 1295 gesta
1750 1265 1832 1294 atque

193 1297 269 1325 dicta
284 1297 416 1332 suﬂ‘ragio
427 1298 546 1334 quisque
555 1307 606 1326 suo
615 1299 759 1334 probarint
769 1309 776 1331 ;
786 1307 868 1335 quam
886 1300 921 1327 ob
937 1300 963 1327 id
977 1302 1219 1336 reprehensionem
1233 1310 1385 1332 mereretur
1400 1312 1478 1333 sacra
1492 1305 1633 1342 synodus?
1644 1306 1776 1340 scriptum
1791 1310 1833 1333 est

193 1343 280 1375 enim,
295 1343 382 1371 solius
395 1344 444 1371 Dei
455 1352 515 1372 esse
526 1345 610 1372 corda
623 1346 740 1372 serutari
758 1350 840 1381 atque
856 1354 956 1375 nervos
969 1353 992 1374 α.

232 1397 241 1414 ι
254 1391 289 1416 At
310 1389 333 1416 si
358 1395 464 1424 partem
490 1390 622 1425 aliquam,
641 1391 746 1426 inquis,
765 1393 988 1426 reprehensione

196 1433 306 1469 dignam
334 1434 449 1468 habuit;
475 1438 563 1463 totum
585 1436 660 1471 quod
682 1438 820 1472 reliquum
835 1443 889 1471 est,
908 1439 943 1466 ob
961 1439 988 1466 id

195 1479 377 1515 rejiciendum
393 1481 516 1509 videtur.
539 1491 548 1507 ι

230 1533 391 1568 Rejicienda
424 1535 508 1569 igitur
532 1535 586 1563 erit
611 1541 639 1563 et
665 1544 729 1564 area
761 1542 816 1565 tota
841 1538 930 1565 solum
955 1539 989 1566 ob

196 1577 305 1610 lolium,
321 1583 350 1606 et
374 1579 566 1608 universorum
587 1582 775 1615 apostolorum
790 1583 891 1610 chorus
905 1592 990 1611 unum
1005 1568 1026 1599 Ο

196 1623 232 1649 ob
246 1623 342 1650 Judam
362 1625 554 1659 cxplodendus
567 1646 573 1652 .
588 1627 725 1654 Praeterea
739 1628 762 1655 si
780 1632 865 1655 totum
883 1636 898 1655 a
912 1634 990 1664 parte

197 1668 344 1703 dijudicari
367 1670 460 1701 debet.
482 1679 545 1699 cum
572 1672 650 1699 multi
678 1681 694 1700 e
717 1673 829 1701 concilii
854 1674 986 1708 Ephesini

196 1715 324 1742 Patribus
335 1716 441 1751 synodo
452 1716 670 1747 Chalcedonensi
683 1719 874 1753 interfuerint;
893 1721 993 1749 rationi

197 1764 413 1786 consentaneum
436 1760 491 1787 erit
505 1768 538 1788 ex
560 1761 638 1789 hisce
661 1762 754 1796 potius
773 1762 856 1797 hujus
882 1759 994 1790 concilii

198 1807 297 1830 contra
309 1804 467 1832 Nestorium
477 1806 599 1833 animum
612 1811 695 1841 atque
709 1811 829 1834 mentem
843 1808 994 1842 conjicere,

199 1856 282 1884 quam
297 1857 331 1877 ex
347 1850 400 1878 illis
417 1851 512 1886 paucis
528 1851 632 1880 inferre
652 1853 836 1881 contrarium.
860 1853 902 1880 An
915 1853 994 1889 igno-

198 1896 268 1923 ratis
282 1900 338 1924 ete
357 1897 467 1924 concilii
494 1897 550 1933 (l5)
577 1897 680 1925 Nicaani
707 1897 759 1924 5l8
782 1898 912 1925 Patribus
940 1899 995 1933 (M)

200 1941 397 1976 septemdecim
420 1942 532 1969 circiter
548 1942 712 1977 dejectionis
739 1947 813 1970 metu
853 1943 996 1978 perculsos

199 1988 368 2022 approbasse
384 1988 447 2016 ﬁdei
466 1989 588 2025 regulam
600 1993 695 2016 contra
710 1988 815 2020 Arium,
833 1990 915 2023 eique
929 1989 996 2017 sub-

200 2033 364 2068 scripsisse!
374 2033 421 2069 qui
440 2039 534 2068 postea
553 2039 580 2060 et
597 2033 690 2060 divum
702 2033 881 2061 Athanasium
895 2035 998 2062 acriter

203 2078 332 2106 insectati
349 2079 434 2107 sunt?
447 2079 483 2106 ob
495 2079 521 2106 id
536 2083 627 2106 tamen
650 2078 724 2106 baud
758 2078 916 2113 exploditur
939 2083 997 2107 tota

202 2124 332 2159 synodus.
346 2124 424 2158 Quod
440 2125 462 2152 si
479 2132 533 2152 non
553 2132 569 2151 a
585 2124 728 2151 manifesta
743 2129 821 2159 parte
839 2124 874 2151 de
888 2125 998 2155 concilii

204 2169 290 2197 totius
304 2170 427 2197 bonitate
448 2169 655 2205 dijudicandum
665 2171 788 2204 putatis;
801 2169 849 2196 sed
863 2170 899 2197 ob
913 2169 998 2198 dubia

204 2215 298 2249 potius
325 2219 412 2242 totum
437 2215 640 2250 explodendum
671 2214 859 2247 contenditis;
879 2222 942 2242 cum
962 2215 998 2243 ob

1081 1404 1090 1420 ε
1115 1395 1186 1421 Ἀλλ’
1209 1396 1233 1421 εἰ
1251 1395 1318 1426 ὅλως
1343 1396 1424 1431 μέρος
1444 1396 1506 1430 ἔσχε
1522 1395 1630 1430 ψεκτὸν,
1646 1396 1675 1422 τὸ
1692 1395 1762 1428 ὅλον,
1779 1403 1832 1430 φη-

1043 1439 1080 1471 σὶ,
1096 1440 1189 1467 λοιπὸν
1206 1441 1335 1475 ἀδόκιμον
1351 1442 1484 1476 κρῖνεται.
1508 1451 1517 1468 ι

1078 1529 1134 1555 Καὶ
1148 1530 1238 1556 πᾶσαν
1259 1529 1310 1564 τὴν
1326 1529 1383 1556 ἅλω
1401 1529 1455 1565 ἄρα
1478 1529 1523 1556 διὰ
1538 1530 1567 1556 τὸ
1588 1529 1617 1554 ἒν
1640 1528 1769 1560 ςι-ζάνιον,
1786 1528 1834 1554 καὶ

1045 1574 1089 1601 τὸν
1114 1574 1174 1600 ὅλον
1190 1575 1271 1609 χορὸν
1293 1574 1347 1601 τῶν
1371 1575 1528 1601 ἀποστόλων
1549 1574 1706 1608 διαῦλητέον
1726 1573 1770 1600 διὰ
1785 1572 1834 1607 τὴν

1047 1621 1087 1650 εἱς
1097 1620 1190 1646 τούσδε
1211 1619 1257 1646 τοῦ
1276 1619 1361 1646 Ἰούδα
1384 1619 1647 1654 συγκαταρίθμησιν.
1665 1619 1723 1645 Ἔτι
1740 1618 1793 1653 μὴν
1811 1619 1836 1644 εἰ

1048 1667 1079 1692 ἐκ
1104 1665 1151 1692 τοῦ
1170 1666 1273 1700 μέρους
1296 1666 1326 1691 τὸ
1341 1665 1400 1692 ὅλον
1422 1666 1525 1701 κρίνειν
1541 1665 1591 1698 δεῖ,
1608 1665 1669 1691 ἐπεὶ
1684 1664 1775 1691 πολλοὶ
1789 1664 1836 1690 καὶ

1046 1711 1101 1736 τῶν
1113 1712 1145 1737 ὲκ
1158 1711 1207 1746 τῆς
1221 1712 1249 1737 ὲν
1271 1711 1377 1746 Ἐφέσῳ
1390 1711 1499 1737 συνόδου
1513 1708 1582 1746 ἦσαν
1595 1711 1624 1735 ὲν
1637 1709 1700 1745 τῇδε
1716 1710 1748 1743 τῇ
1760 1709 1820 1735 Χαλ
1832 1726 1838 1730 -

1048 1755 1159 1790 κηδόνος
1175 1755 1285 1790 συνόδῳ,
1298 1755 1377 1790 δῆλον
1392 1755 1428 1786 ὡς
1444 1755 1475 1781 ἐκ
1488 1755 1570 1780 τῶνδε
1592 1754 1691 1789 μᾶλλον
1705 1753 1750 1780 τὸν
1765 1754 1838 1780 κατὰ

1049 1801 1196 1836 Νεοτορίου
1222 1801 1323 1828 σκοπὸν
1343 1799 1413 1828 εἶναι
1436 1802 1484 1827 καὶ
1505 1800 1587 1835 τῆσδε
1605 1799 1768 1834 στοχάσεσθε
1793 1799 1839 1826 εὖ·

1049 1849 1138 1882 λογον.
1156 1849 1191 1876 Ἦ
1208 1849 1331 1883 ἀγνοεῖτε
1354 1849 1396 1875 ὅτι
1411 1847 1524 1874 καὶτῶν
1545 1849 1573 1874 ὲν
1591 1847 1694 1881 Νικαίᾳ
1707 1846 1761 1881 τιη’
1778 1847 1838 1872 lla.-

1049 1895 1136 1929 tépm’)
1157 1895 1221 1925 τοὺς
1242 1894 1310 1920 δέκα
1332 1893 1381 1920 καὶ
1401 1892 1472 1919 ἑπτὰ
1494 1892 1569 1927 φὸὂῳ
1585 1892 1634 1926 τῆς
1649 1891 1838 1924 καθαιρέσεως

1051 1939 1214 1973 ὑπέγραψαν
1231 1939 1301 1965 κατὰ
1322 1938 1427 1974 Ἀρείου
1440 1947 1447 1969 ;
1461 1938 1486 1964 οἳ
1501 1938 1546 1964 καὶ
1556 1937 1728 1972 ἐπολέμησαν
1742 1936 1838 1968 δεινῶς

1053 1985 1122 2020 μετὰ
1136 1985 1222 2011 ταῦτα
1247 1984 1293 2010 τὸν
1321 1984 1407 2019 μέγαν
1429 1983 1608 2014 Ἀθανάσιονς
1634 1982 1681 2009 καὶ
1709 1983 1740 2008 οὐ
1760 1982 1839 2016 παρὰ

1051 2031 1131 2057 τοῦτο
1144 2032 1160 2065 ὴ
1177 2030 1285 2061 σύνοδος
1302 2029 1348 2065 ὅλη
1368 2028 1552 2055 διαϐάλλεται.
1569 2028 1600 2054 Εἰ
1615 2027 1644 2053 δὲ
1665 2028 1697 2053 ὲκ
1711 2027 1757 2053 τοῦ

1053 2076 1157 2110 σαφοῦς
1173 2076 1272 2112 μέρους
1289 2075 1338 2101 οὐκ
1358 2075 1493 2101 εὐδοκεῖτε
1510 2073 1629 2100 συνιέναι
1642 2073 1692 2108 τὴν
1708 2072 1753 2098 τοῦ
1775 2072 1838 2099 ὅλου

1052 2120 1218 2155 ἀγαθότητα,
1242 2121 1273 2146 ὲκ
1296 2120 1324 2146 δὲ
1339 2118 1385 2145 τοῦ
1401 2117 1551 2153 ἀμφιϐόλου
1567 2117 1723 2143 διαῦάλλειν
1741 2116 1841 2151 πειρὰ-

1053 2166 1123 2199 ζετε·
1139 2164 1193 2202 ἆρά
1208 2173 1240 2199 γε
1255 2166 1287 2192 ἐκ
1301 2165 1399 2200 μέρους
1411 2163 1600 2199 διαϐληθείσης
1612 2162 1676 2196 ὑμῖν
1691 2161 1774 2196 τῆσδε
1790 2162 1841 2196 τῆς

1054 2208 1133 2246 ἁγίας
1149 2211 1257 2238 συνόδου
1272 2210 1322 2245 τῆς
1343 2209 1468 2244 ὁλότητος
1492 2208 1593 2242 πάσης,
1611 2206 1840 2241 συνδιασεῦλημέ-

205 2247 287 2288 unam
301 2265 407 2297 partem
425 2270 439 2289 a
454 2247 532 2289 vobis
552 2261 716 2296 explodatur
740 2264 826 2288 totum
844 2261 991 2289 Chalcedo-

1051 2266 1106 2284 νων
1123 2257 1162 2291 τῷ
1178 2256 1231 2290 ὅλῳ
1245 2256 1292 2282 καὶ
1308 2255 1361 2282 τῶν
1380 2255 1412 2281 ἐκ
1438 2254 1488 2289 τῆς
1503 2254 1531 2280 ὲν
1548 2253 1653 2288 Ἐφέσῳ
1669 2251 1839 2297 εὑρεθέντων

204 2314 291 2334 nense
316 2307 479 2338 concilium,
499 2311 527 2334 et
543 2314 597 2334 una
616 2314 677 2334 cum
694 2310 752 2334 toto
770 2314 802 2334 ea
818 2314 929 2341 quoque
945 2307 996 2333 Pa-

206 2355 279 2379 trum
297 2360 362 2388 pars
378 2352 558 2387 improbanda
575 2352 702 2380 videatur
715 2352 763 2388 qui
775 2352 895 2379 concilio
907 2352 999 2387 Ephe-

205 2397 266 2424 sino
293 2396 488 2429 interfuerunt,
508 2397 623 2432 ejusque
648 2403 754 2432 partem
775 2398 998 2432 componebant;

206 2442 330 2476 nunquid
351 2449 386 2468 ex
408 2442 460 2468 hac
476 2446 553 2476 parte
570 2449 630 2476 quae
654 2449 738 2476 prava
755 2441 926 2476 deprehensa
946 2445 998 2473 est,

207 2492 295 2516 totum
314 2487 462 2514 concilium
483 2488 572 2522 ipsum
593 2488 773 2523 Ephesinum.
795 2492 924 2522 tanquam
944 2487 998 2514 Ne-

206 2533 293 2561 storio
302 2534 516 2568 patrocinatum,
527 2534 684 2562 necessario
693 2533 872 2570 rejiciendum
884 2533 996 2568 putabi-

244 2597 255 2612 ε
269 2592 342 2620 Psul.
354 2600 402 2624 vn,
430 2591 474 2618 10.

246 2650 301 2687 (l3)
320 2651 506 2687 Convocatum
524 2648 576 2676 fuit
600 2648 748 2687 concilium
767 2648 825 2687 line
839 2647 935 2674 Nicaea:
954 2646 998 2673 Bi-

210 2683 313 2721 tltvliim
329 2690 426 2721 contra
443 2684 550 2721 Arium,
570 2684 616 2718 qui
635 2683 682 2710 Dei
711 2683 831 2721 Verbum
843 2686 999 2721 creaturam

211 2716 294 2761 im'pie
318 2720 446 2761 docebat.
469 2719 548 2761 Circa
573 2716 718 2761 numerum
743 2718 944 2761 episcoporum
950 2716 1002 2761 Lqui

211 2751 277 2792 huic
286 2754 403 2792 concilio
417 2753 613 2792 interfoernnt,
626 2753 785 2792 discrepant
797 2752 868 2792 inter
877 2759 905 2792 se
914 2751 999 2792 Atha-

212 2790 307 2818 nasius
320 2789 404 2823 Epist.
421 2789 455 2814 ad
468 2788 538 2815 salit.
554 2789 690 2817 Eusebius
703 2788 747 2815 lib.
762 2796 788 2814 lll
804 2787 841 2814 De
860 2787 913 2814 vita
932 2787 1001 2812 (Jon-

213 2825 336 2853 stuntiui.
348 2830 376 2851 ct
394 2823 450 2850 alii.

249 2859 305 2895 (14)
321 2857 523 2894 Septemdecim
538 2858 656 2893 primum
672 2859 794 2891 luerunt,
809 2856 854 2892 qui
870 2855 931 2884 ﬁdei
942 2854 998 2883 for-

1052 2304 1081 2329 έν
1099 2302 1178 2336 αὐτῇ.
1194 2300 1218 2327 οἳ
1243 2299 1312 2336 ἦσαν
1330 2300 1415 2335 μέρος
1440 2299 1557 2333 ἐκείνης,
1582 2297 1713 2331 κάκείνην
1728 2296 1838 2331 ἀνάγκη

1051 2349 1101 2385 τὴν
1116 2348 1232 2383 ὁλότητα
1253 2348 1284 2374 ἐκ
1308 2346 1355 2373 τοῦ
1379 2345 1526 2380 ληφθέντος
1542 2342 1749 2377 αὐτῆςμέρους
1766 2351 1841 2376 μεμ-

1052 2393 1134 2426 πτοῦ,
1162 2393 1200 2424 ὡς
1227 2391 1390 2426 σπούδασμα
1412 2389 1561 2425 Νεπορίου
1581 2387 1838 2416 συνδιαϐάλλεσθαι,

1051 2440 1098 2467 καὶ
1122 2440 1154 2466 ὲκ
1171 2439 1217 2466 τοῦ
1234 2438 1438 2473 ὑπολείμματος
1463 2437 1518 2463 τῶν
1542 2436 1608 2462 δέκα
1633 2436 1679 2461 καὶ
1704 2435 1785 2464 ἑπτὰ,
1801 2434 1840 2465 ὡς

1050 2486 1210 2521 σπούδασμα
1233 2484 1337 2519 Ἀρείου
1356 2483 1405 2519 τὴν
1422 2483 1451 2509 ὲν
1468 2482 1569 2518 Νικαίᾳ
1586 2482 1741 2508 ἀθετεῖσθαι
1757 2480 1839 2513 δέον;

1049 2532 1108 2561 ἰνα
1123 2531 1150 2558 δὲ
1165 2531 1201 2567 μὴ
1223 2530 1337 2564 ἀγνοῆτε
1353 2529 1404 2564 τῆς
1419 2528 1539 2563 ἀθέσμου
1553 2527 1686 2562 λοιδορίας
1698 2525 1775 2561 ὑμῶν
1790 2525 1842 2560 τὴν

1048 2645 1128 2674 mulae
1141 2643 1316 2680 subscribere
1329 2646 1502 2680 recusarunt,
1516 2642 1693 2680 quos_poste'a
1709 2638 1742 2679 ad
1756 2641 1841 2674 quin-

1048 2689 1101 2715 que
1114 2679 1198 2707 fuisse
1214 2678 1348 2708 redactos.
1363 2683 1391 2704 et
1403 2685 1436 2715 ex
1448 2676 1491 2715 liis
1504 2680 1560 2715 tres
1583 2674 1747 2715 dejectionis
1763 2680 1839 2715 metu

1048 2708 1247 2749 subscripsisse
1270 2711 1474 2749 lestatur___Ath.
1500 2709 1577 2749 Dccr.
1606 2717 1668 2749 pug.
1697 2708 1761 2749 251..
1780 2710 1841 2749 I)n_o

1049 2743 1192 2780 duntaxat,
1209 2748 1337 2775 Theonas
1355 2747 1460 2774 scilicet
1482 2749 1510 2772 ct
1527 2743 1671 2783 Secundus
1685 2744 1840 2784 pertinaci—

1049 2791 1090 2813 ter
1106 2784 1171 2812 Ario
1183 2783 1367 2813 adhicscrunt,
1381 2788 1450 2815 quos
1466 2787 1518 2815 una
1534 2786 1596 2806 eum
1612 2780 1671 2815 ipso
1690 2780 1839 2807 concilium

1050 2819 1197 2849 damnavit.
1214 2819 1299 2847 Epist.
1317 2813 1408 2852 ayuod.
1425 2823 1469 2849 ap.
1487 2814 1563 2842 Socr.
1581 2822 1598 2847 ι,
1611 2813 1676 2841 (1.9.
