1963 3077
136 107 198 142 1881

713 111 861 144 CONTRA
877 112 1033 144 MONOPH
1038 113 1174 144 YSITAS.

1659 144 1662 147 .
1692 115 1762 150 18ὶι2

135 162 308 198 προπέτειαν,
326 163 533 199 μνημονεύσατε
558 166 651 192 ὄτικαὶ
665 167 776 202 Συμεὼν
797 168 812 193 ὸ
829 167 916 202 ἅγιος,

986 168 1024 196 is?
1039 169 1296 203 explodendumque
1320 173 1406 197 totum
1446 170 1592 198 concilium
1620 170 1761 201 Nicmnum

136 211 149 236 ὁ
164 211 192 236 ἐν
204 209 273 236 κίονι
286 209 335 245 τὴν
346 210 483 245 ἰδίανήμῖν
495 211 637 248 ἀρείσ]τὴν
651 214 792 249 στηλὼσας
805 215 917 250 ἀρετὴν,

137 252 175 287 εἷς
190 253 224 290 ἦν
237 255 290 282 τῶν
302 255 519 291 ὕπογραψάντων
534 259 563 284 ὲν
576 258 615 293 τῷ
628 260 681 294 ὃρῳ
694 260 777 295 τῆσδε
789 261 839 295 τῆς
854 269 918 287 συν-

137 301 208 335 όδου,
233 302 272 334 είς
292 301 322 329 ὃν
351 302 589 338 ὲγκωμιαστικοὺς
611 305 718 338 λόγους,
745 307 792 333 καὶ
818 306 918 341 ὕμνους

138 347 341 380 ἐκθειαστικοὺς
365 349 412 375 καὶ
433 350 448 376 ὁ
475 350 607 386 ὑμέτερος
622 350 673 386 ἔφη
686 353 860 387 πατριάρχης
872 353 920 378 Σε-

139 395 220 428 6ἦρος
244 394 335 426 αὐτὸς,
362 395 408 422 καὶ
434 396 595 431 Βαραδάτης
623 396 661 428 δὲ.
684 398 732 424 καὶ
754 397 882 429 Ἰάκωϐος
896 399 920 424 οἱ

140 440 340 474 θαυματουργοὶ
356 441 577 476 συνυπέγραψαν.
594 442 673 469 Ἀλλὰ
692 443 719 469 τί
736 443 822 470 ταῦτα
843 444 922 479 fin-rm

142 485 220 520 ρικῆς
234 485 298 512 ὄντα
310 486 502 521 πιθανολογίας
519 488 672 523 δεινώματα
685 489 741 520 τοῖς
755 489 821 524 πρὸς
839 489 922 515 κατά-

140 531 219 566 ληψιν
248 531 389 562 εὐσεϐείας
421 533 575 566 ἐναγωνίως
608 534 768 561 σπεύδουσιν
796 534 922 569 ἐμποδὼν

141 577 248 612 (limere
271 578 306 604 τὰ
335 578 480 610 σκάνδαλα,
506 579 554 604 καὶ
577 580 640 610 τοὺς
667 580 792 612 θέλοντας
815 581 922 615 τρέχειν

140 623 229 654 καλῶς
252 623 399 656 ὲγκόπτετε
414 624 447 658 τῇ
464 623 576 658 ἀληθείᾳ
598 623 634 659 μὴ
651 624 811 658 πείθεσθαι;
834 625 878 654 Ὠς
890 625 924 652 ἂν

140 668 205 702 γοῦν
221 668 336 695 ἐνώπιον
350 668 398 694 τοῦ
412 668 491 701 Θεοῦ,
512 669 560 695 καὶ
574 669 726 704 ἀνθρώπων
742 672 924 706 παραστήσω-

142 722 191 749 μεν
204 713 254 740 οὐκ
267 714 296 740 ὲν
308 713 379 749 λόγῳ
389 713 452 740 ὄντα
462 714 507 740 τὸν
525 715 658 750 ὑμέτερον
671 715 922 751 ἀπεκκλησιασμόν·

143 758 197 785 ἰδοὺ
224 759 312 785 πάντα
338 759 565 794 παραδραμόντες
585 760 695 795 ἔλεγχον
719 761 772 787 τῶν
791 770 922 797 προφασι-

142 805 262 840 σμάτων,
280 807 456 840 προτείνομεν
474 806 547 840 ὑμῖν,
573 807 611 838 ὡς
643 809 666 833 εἰ
694 808 729 834 τὰ
758 808 924 842 προϐασανι-

144 851 240 877 σθὲντα
261 851 326 886 ἡμῖν
349 851 416 886 ὀρθὰ
438 851 562 885 δόγματα
587 853 842 889 συνομολογήσοιτε,
860 854 923 889 μίαν

142 903 171 922 τε
192 896 273 930 φύσιν
295 896 341 929 τοῦ
360 896 427 923 Θεοῦ
447 897 533 930 Λόγου
550 899 762 934 σεσαρκωμένην
786 900 923 934 λέγοντες,

144 941 190 967 καὶ
212 941 258 967 δύο
272 942 367 976 φύσεις
393 940 462 968 εἶναι
482 943 600 978 Χριστοῦ
617 945 761 980 ἡνωμένας
776 946 846 973 κατὰ
861 947 926 981 μίαν

143 986 226 1014 αὐτοῦ
247 988 297 1022 τὴν
322 987 483 1021 ὑπόστασιν,
499 988 550 1015 οὐκ
565 989 727 1024 ἀρνούμενοι
753 999 781 1016 τε
808 992 854 1017 καὶ
878 991 927 1026 τὴν

144 1034 262 1065 σύνοδον,
278 1033 326 1060 καὶ
341 1033 454 1061 Λέοντα.
479 1034 558 1061 Ἀλλὰ
571 1036 618 1062 καὶ
633 1036 742 1069 ἄγγελοι
757 1036 786 1069 ἐξ
800 1037 926 1072 οὐρανοῦ,

145 1081 169 1106 εί
185 1080 222 1115 μὴ
237 1079 322 1111 οὕτως
339 1080 480 1115 ἐφρόνουν,
497 1081 543 1107 και
552 1081 656 1116 ελεγον,
672 1083 716 1109 καὶ
730 1082 860 1118 ἔγραφον,
876 1083 928 1118 πρὸ

146 1125 222 1160 ὑμῶν
239 1126 486 1160 ἀναθεματίζομεν·
502 1127 621 1162 Σεσῆρὸν
636 1137 677 1158 τε,
700 1129 745 1154 καὶ
771 1129 927 1165 Διόσκορον,

146 1170 193 1197 καὶ
205 1170 347 1205 Τιμόθεον,
367 1171 414 1198 καὶ
427 1172 508 1206 ὑμᾶς,
528 1173 573 1199 καὶ
587 1173 632 1199 τὸν
646 1173 748 1200 οἱονοῦν
763 1174 848 1205 οὕτως
863 1183 928 1209 φρο-

147 1216 242 1244 νοῦντα
255 1217 443 1253 εὑφημοῦμεν,
460 1218 508 1244 καὶ
523 1219 719 1253 ἀποδεχόμεθα,
737 1220 819 1254 μηδὲν
836 1221 929 1255 ἕτερον

148 1262 321 1295 ἐπιλέγοντες
342 1263 465 1295 τούτοις,
485 1263 553 1290 ἀλλὰ
567 1265 616 1298 τὴν
645 1265 735 1298 κρίσιν
761 1265 814 1291 τῶν
844 1265 930 1298 οὕτως

149 1308 336 1343 φρονούντων,
363 1309 380 1343 ἢ
406 1309 494 1340 ἄλλως
519 1309 568 1344 μὲν
594 1310 758 1344 εἰρηκότων,
777 1311 876 1346 ἑτέρως
902 1311 930 1338 δὲ

148 1354 291 1386 νοοῦηων,
315 1353 354 1388 τῷ
382 1354 491 1380 πάντων
512 1356 590 1390 κριτῇ
608 1355 666 1390 Θεῷ
690 1356 929 1389 ἐγκαταλιπόντες.

150 1400 180 1426 Εἰ
195 1399 223 1425 δὲ
236 1399 345 1430 πάντως
364 1399 467 1434 κρίνειν
486 1401 534 1426 καὶ
549 1401 622 1435 ἡμᾶς
647 1401 695 1433 δεῖ,
723 1401 770 1427 καὶ
796 1402 932 1437 πληροφο-

151 1444 255 1479 ρεῖσθαι
269 1444 341 1476 τίνες
361 1445 411 1479 μὲν
433 1445 554 1476 εὐσεϐεῖς
572 1446 624 1471 εισι
648 1446 767 1481 Πατέρες
783 1447 871 1481 ἡμῶν,
885 1448 933 1474 καὶ

968 214 1003 241 ob
1028 214 1224 248 septemdecim
1245 215 1315 248 illos,
1339 216 1417 250 quasi
1442 223 1538 243 omnes
1555 216 1621 244 Ario
1646 218 1760 245 studue-

969 259 1043 286 rint?
1064 260 1118 288 Sed
1144 265 1174 288 ut
1203 266 1322 288 vestram
1347 262 1373 288 in
1397 262 1552 289 accusando
1578 263 1762 291 temeritatem

969 304 1198 340 insolentiamque
1234 306 1306 334 clare
1327 307 1483 342 perspicere
1504 307 1623 342 possitis,
1639 317 1763 336 memen-

971 352 1027 376 tote
1044 349 1071 376 in
1085 357 1182 376 eorum
1216 357 1332 377 numero
1348 351 1393 385 qui
1414 351 1528 386 hujusce
1542 351 1652 379 concilii
1667 351 1764 380 deﬁni-

971 394 1038 422 tioni
1080 395 1311 429 subscripserunt.
1350 395 1434 422 fuisse
1466 403 1528 423 cum
1569 396 1663 424 divum
1690 397 1764 432 (Μ’)

972 440 1144 475 Symeonem,
1155 440 1200 474 qui
1213 447 1288 466 suam
1299 440 1379 467 nobis
1392 441 1522 468 virtutem
1532 441 1558 468 in
1571 442 1698 469 columna
1708 442 1763 477 (l5)

973 488 1098 511 testatam
1119 484 1239 518 reliquit,
1266 491 1346 518 quem
1364 484 1420 520 (16)
1448 485 1618 513 orationibus
1643 486 1766 522 hymnis-

973 538 1026 564 que
1039 530 1125 557 sacris
1144 530 1294 558 celebravit
1317 535 1345 557 et
1368 531 1425 565 ipse
1439 532 1593 565 patriarcha
1608 537 1700 559 vester
1716 532 1766 560 Se-

974 583 1075 608 verus;
1093 581 1151 602 tum
1170 583 1224 602 una
1245 583 1306 602 cum
1327 575 1374 603 illo
1396 576 1592 610 subscripsisse
1606 580 1633 603 et
1655 577 1767 605 Barada.

975 615 1087 653 tum,‘et
1103 622 1244 653 Jaeohum,
1269 623 1315 657 qui
1344 622 1474 650 miracula
1498 623 1567 650 bene
1584 623 1670 650 multa
1683 629 1768 659 patra-

975 672 1049 694 runt.
1061 668 1161 694 Verum
1176 668 1240 702 quid
1254 668 1421 696 oiiendicula
1435 668 1502 700 haac,
1530 676 1593 703 qua:
1611 677 1680 703 pura
1694 675 1772 704 puta—

976 720 1028 747 que
1042 712 1164 739 subdolae
1186 713 1331 741 rhetorica:
1348 718 1502 740 commenta
1514 718 1589 745 sunt,
1603 714 1723 749 objicitis
1737 714 1770 741 iis

976 759 1022 793 qui
1059 759 1168 793 pietatis
1192 759 1377 794 adipiscenda:
1405 760 1497 787 studio
1519 760 1646 795 ﬂagrant,
1667 767 1772 794 eosque

977 811 992 830 a
1013 805 1128 831 veritate
1148 803 1313 839 detorquere
1327 805 1533 840 conamini,qui
1551 810 1624 832 recta
1643 805 1770 833 incedere

977 847 1089 874 student
1102 848 1113 873 ?
1130 848 1216 875 Porro
1231 856 1286 883 quo
1300 848 1406 875 facilius
1419 856 1510 875 coram
1538 849 1593 875 Deo
1606 853 1634 876 et
1656 848 1773 876 homini-

979 892 1031 919 bus
1055 893 1232 927 perspicuum
1255 893 1335 920 vobis
1357 893 1447 921 facere
1470 894 1606 928 possimus
1626 893 1771 921 absurdam

977 945 1037 965 esse
1048 943 1167 965 vestram
1183 947 1198 966 a
1220 943 1314 966 nostra
1335 939 1485 974 seiunctam
1503 939 1674 972 societatem,
1693 944 1773 967 θεοίε-

977 983 1014 1009 ris
1038 983 1167 1010 omnibus
1197 984 1399 1018 praetermissis,
1414 984 1465 1011 hoc
1488 992 1573 1011 unum
1600 984 1726 1012 dicimus.
1744 985 1773 1013 Si

977 1029 1107 1056 nimirum
1141 1030 1342 1064 amplectende,
1376 1039 1437 1066 quae
1463 1031 1657 1066 proponimus,
1699 1035 1774 1058 recta

977 1073 1118 1109 dogmata.
1135 1074 1273 1106 fateamini
1290 1083 1372 1102 unam
1400 1077 1447 1104 Dei
1470 1076 1552 1103 Verbi
1570 1081 1696 1103 naturam
1714 1083 1776 1102 ear-

977 1126 1040 1146 nem
1062 1118 1254 1154 assumpsisse,
1281 1123 1364 1154 atque
1388 1119 1457 1147 duas
1489 1120 1589 1147 Christi
1615 1124 1727 1146 naturas
1747 1119 1775 1146 in

978 1172 1031 1191 una
1047 1165 1200 1199 eademque
1218 1173 1335 1199 persona
1363 1165 1524 1198 subsistere,
1542 1166 1622 1192 iidem
1643 1170 1775 1200 praestan—

979 1210 1014 1237 do
1035 1211 1166 1241 ,coneilio
1191 1215 1220 1237 et
1231 1210 1315 1237 Leoni
1337 1210 1458 1245 (quibus
1485 1211 1614 1237 omnibus
1637 1210 1774 1237 contraria

980 1255 1140 1287 sentientes,
1157 1259 1205 1282 aut
1228 1255 1359 1282 docentes
1383 1255 1656 1289 subscribentesque,
1673 1254 1715 1280 vel
1727 1261 1776 1280 an-

979 1299 1032 1335 geli
1062 1299 1128 1330 sint,
1141 1307 1189 1327 eos
1220 1300 1433 1334 proscribendos
1456 1299 1633 1335 judicamus)
1658 1299 1776 1326 libenter

981 1347 1184 1382 amplectimur,
1217 1347 1497 1381 commendamusque
1522 1349 1550 1374 et
1576 1345 1719 1378 Severum,
1750 1350 1778 1372 et

981 1398 1142 1425 Dioscorum
1167 1397 1233 1433 (i7),
1257 1402 1284 1425 et
1307 1398 1494 1430 Timotheum,
1522 1402 1550 1425 et
1565 1406 1623 1429 vos.
1639 1402 1666 1424 et
1679 1404 1776 1432 quem—

983 1443 1049 1470 libet
1064 1444 1147 1470 alium
1164 1443 1201 1470 ita
1225 1443 1401 1477 sentientem,
1418 1444 1542 1478 nihilque
1564 1447 1694 1478 pneterea
1707 1441 1777 1468 dici-

150 1489 289 1525 ποιμένες,
307 1490 354 1516 καὶ
371 1492 524 1526 φωστῆρες·
535 1491 606 1522 τίνες
619 1491 646 1517 δὲ
656 1492 770 1526 ἀστέρες
787 1492 931 1527 πλανῆται,

986 1497 1066 1517 mus:
1082 1489 1129 1517 sed
1158 1490 1257 1517 horum
1281 1490 1403 1517 omnium
1433 1489 1500 1525 (qui
1519 1489 1555 1516 ita
1581 1488 1715 1519 sentiunt,
1732 1495 1780 1518 aut

151 1536 198 1561 καὶ
220 1535 329 1572 λῃσταὶ,
347 1536 393 1562 καὶ
409 1535 495 1566 λύκοι,
510 1537 550 1567 εἰς
563 1536 692 1571 διαίρεσιν
709 1537 754 1562 καὶ
771 1536 871 1572 φθορὰν
885 1537 934 1572 τῆς

157 1580 321 1616 Ἐκκλησίας
335 1581 454 1615 Χριστοῦ
480 1581 518 1616 τῷ
539 1581 654 1617 διαὸὖλῳ
674 1582 934 1617 ).ειτουργήσαντες’

151 1626 274 1657 εἰκότως,
288 1625 335 1657 οὓς
361 1627 411 1660 μὲν
434 1625 552 1661 εὕρομεν
576 1626 668 1662 σαφῶς
684 1623 715 1653 ἐκ
737 1627 792 1653 τῶν
814 1635 936 1662 γεγραμ-

154 1671 242 1705 μένων
258 1670 309 1704 τῆς
328 1670 456 1705 ἀληθείας
473 1671 626 1706 ὑποφήτας,
653 1672 690 1702 ὡς
714 1671 758 1698 διὰ
778 1672 827 1706 τῆς
851 1671 936 1707 θύρας

152 1716 286 1747 εἰσιόντας
309 1717 349 1748 εἰς
368 1716 416 1751 τὴν
443 1717 563 1751 μάνδραν
580 1715 627 1742 τοῦ
650 1716 778 1751 Χριστοῦ,
796 1717 880 1752 ἤγουν
902 1717 936 1744 δι’

152 1761 247 1793 αὑτοῦ,
262 1762 291 1793 ὅς
306 1762 408 1796 ἐστινὴ
424 1761 547 1796 ἀλήθεια,
560 1761 671 1793 τούτους
687 1761 812 1797 σέὗομεν,
825 1761 937 1794 τούτους

153 1807 323 1841 ἀγαπῶμεν,
347 1806 451 1837 τούτοις
474 1806 659 1842 ὑπακούομεν·
680 1807 813 1842 ἀλλοτρίῳ
837 1808 866 1834 δὲ
890 1808 939 1843 οὐχ

154 1852 340 1889 ὑπακούομεν,
358 1853 399 1879 ὅτι
411 1852 460 1879 οὔκ
472 1852 584 1887 οἴδαμεν
599 1852 645 1879 τοῦ
659 1853 800 1889 ἀλλοτρίου
818 1853 867 1888 τὴν
881 1862 938 1888 φω-

154 1885 254 1932 νὴνττὰ
265 1885 339 1929 ἐντὸς
357 1897 483 1933 πρόὸπτα
500 1899 547 1925 τοῦ
565 1899 648 1925 καλοῦ
669 1885 799 1934 ποιμένος
827 1900 876 1926 καὶ
895 1900 941 1936 ἀρ-

156 1944 314 1978 χιποιμένος
328 1943 375 1970 τοῦ
390 1943 509 1978 μεγάλου
532 1944 619 1979 Ἰησοῦ
636 1944 765 1980 Χριστοῦ.

984 1535 1069 1562 verbo
1085 1535 1196 1570 quidem
1230 1536 1267 1562 ita
1300 1535 1476 1570 proﬁtentur.
1499 1534 1582 1562 corde
1607 1541 1673 1560 vero
1699 1533 1780 1560 aliter

984 1579 1122 1615 credunt)
1152 1580 1287 1615 judicium
1310 1580 1361 1614 ipsi
1376 1580 1432 1607 Deo
1453 1579 1576 1606 omnium
1593 1577 1679 1614 judici
1698 1576 1780 1603 relin-

984 1625 1104 1658 quimus.
1129 1625 1230 1652 Verum
1253 1625 1275 1652 si
1300 1633 1350 1652 nos
1363 1632 1474 1660 quoque
1492 1624 1525 1651 dc
1548 1624 1660 1651 Patrum
1675 1627 1781 1649 nostro-

984 1678 1045 1696 rum
1069 1670 1227 1705 integritate
1249 1671 1405 1705 pietateque
1426 1669 1551 1705 judicare
1569 1673 1678 1703 oportet
1699 1672 1781 1702 atque

986 1715 1111 1747 deﬁnire,
1126 1716 1239 1750 quinam
1253 1716 1317 1743 boni
1330 1719 1456 1750 pastores
1469 1715 1535 1746 sint,
1549 1718 1577 1741 et
1589 1722 1653 1741 vera
1665 1714 1780 1746 lumina;

989 1766 1037 1800 qui
1064 1770 1159 1793 contra
1197 1766 1318 1793 errantia
1337 1765 1442 1796 sidera,
1471 1769 1500 1792 et
1539 1764 1625 1797 fures,
1649 1768 1678 1791 et
1723 1763 1781 1798 lupi

994 1811 1042 1845 qui
1052 1819 1132 1837 suum
1144 1810 1275 1838 Ecclesia:
1287 1810 1485 1846 discerpendaa,
1498 1809 1688 1844 laniandaeque
1701 1809 1783 1836 mini—

994 1857 1109 1884 sterium
1119 1865 1287 1892 operamque
1298 1857 1407 1884 diabolo
1422 1856 1561 1891 praebent;
1577 1855 1701 1890 profecto
1713 1863 1784 1889 quos

992 1903 1119 1930 veritatis
1145 1903 1336 1937 eXplanatores
1360 1901 1604 1936 deprehendimus.
1623 1900 1784 1936 ingredien-

993 1952 1088 1982 tesque
1109 1948 1212 1975 Christi
1239 1955 1350 1983 gregem
1384 1955 1433 1982 per
1454 1947 1577 1982 januam.
1597 1946 1650 1973 hoc
1670 1951 1712 1973 est
1736 1954 1786 1980 per

153 1990 294 2018 Christum
306 1991 395 2026 ipsum
413 1993 460 2026 qui
475 1992 581 2020 Veritas
593 1997 645 2025 est,
659 2000 708 2020 eos
717 2001 814 2021 omnes
828 1994 945 2022 colimus
963 2003 995 2023 ac
1012 1996 1162 2032 diligimus,
1199 2005 1350 2032 eorumque
1375 1988 1513 2024 mand‘atis
1541 1996 1785 2029 obtemperanms;

155 2043 288 2066 extraneo
307 2043 401 2065 contra
414 2046 469 2065 non
490 2038 679 2073 obsequimur,
705 2039 769 2074 quia
785 2047 835 2067 nos
855 2040 903 2074 qui
929 2041 956 2068 in
977 2042 1036 2076 ipso
1054 2050 1135 2078 grege
1157 2050 1311 2074 censemur,
1339 2050 1404 2070 oves
1418 2041 1520 2077 egregii
1557 2039 1675 2076 pastoris
1704 2042 1787 2072 atque

156 2089 298 2119 pastorum
325 2085 448 2112 omnium
476 2085 610 2120 principis
633 2086 724 2121 magni
757 2085 859 2114 Christi
874 2086 950 2120 Jesu,
970 2096 1064 2117 vocem
1087 2089 1209 2116 extranei
1225 2090 1339 2116 minime
1354 2089 1492 2115 novimus.

196 2141 206 2156 ε
221 2132 276 2158 Καὶ
303 2132 365 2166 μὴν,
383 2132 477 2166 φασιν,
493 2132 539 2157 καὶ
553 2132 629 2158 αὐτοὶ
645 2132 669 2158 οἱ
690 2132 740 2167 τῆς
760 2133 869 2159 συνόδου
886 2133 942 2159 Πα-

157 2177 236 2212 τὲρες
256 2178 320 2212 περὶ
336 2177 428 2211 φωνάς
450 2178 525 2208 τινας
541 2177 666 2212 ἀλλήλοις
688 2177 879 2212 διηνέχθησαν,
897 2179 945 2204 καὶ

1035 2145 1045 2161 ι
1059 2137 1103 2168 Αι,
1123 2135 1244 2170 inquies,
1257 2135 1308 2170 ipsi
1319 2134 1430 2162 concilii
1444 2135 1540 2161 Patres
1550 2133 1584 2160 de
1599 2132 1714 2159 vocibus
1726 2130 1789 2165 qui-

998 2181 1113 2209 busdam
1129 2182 1201 2208 inter
1223 2188 1251 2208 se
1265 2180 1465 2212 dissenserunt,
1478 2180 1693 2212 insliteruntque
1706 2177 1790 2204 vehe-

158 2223 306 2258 ἐνέστησαν
321 2223 392 2259 ὑπὲρ
410 2225 458 2259 τῆς
482 2223 594 2259 πρώτης
615 2224 705 2251 αὐτῶν
730 2223 877 2256 ἐκθέσεως,
893 2223 932 2258 τῆ

999 2231 1117 2258 menter,
1131 2230 1160 2253 ut
1174 2226 1230 2262 (i8)
1245 2225 1334 2261 prima
1345 2234 1406 2260 qua:
1414 2226 1470 2261 jam
1481 2225 1593 2260 explosa
1605 2224 1704 2253 fuerat.
1721 2223 1789 2250 reti-

159 2268 389 2304 ιαταργηθείσης·
405 2269 515 2305 θερμῶς
528 2270 650 2304 ἀλλήλως
667 2269 699 2297 ἂν
712 2265 795 2302 οὗτοι,
813 2270 861 2296 καὶ
876 2270 946 2305 ὑπὲρ

160 2315 304 2351 Διοσκόρου
320 2315 517 2351 πρεσϐεύοντες
527 2315 574 2342 τοῦ
588 2316 750 2343 ὑπευθύνουν
763 2315 822 2347 πῶς
836 2313 883 2342 οὖν
898 2317 946 2350 οὐχ

162 2361 278 2388 ὕποπτοι
288 2369 295 2394 ;
313 2371 323 2387 ι

196 2407 270 2443 Πλὴν
296 2407 323 2434 τί
363 2407 441 2435 τοῦτο
468 2407 565 2442 ξένον,
599 2408 646 2435 καὶ
675 2408 704 2434 ἓν
747 2410 779 2444 τῇ
813 2408 868 2443 γὰρ
892 2407 947 2434 τῶν

199 2494 272 2529 (16⁸)
285 2494 415 2530 Symeon,
433 2495 539 2522 scilicet
564 2494 815 2530 Stylites.sanctus
827 2492 946 2530 Jacobus

162 2528 272 2570 Syrius,
289 2528 318 2557 et
340 2535 454 2570 sanctus
479 2528 642 2570 Baratl‘atu's,
666 2529 728 2570 _vita
755 2534 784 2569 et
804 2528 947 2570 miraculis

161 2563 296 2600 insignes,
319 2564 415 2605 quiue
426 2565 542 2592 concilio
555 2564 772 2592 Chalcedonensi
790 2563 825 2590 ab
848 2563 945 2596 imper.

162 2600 253 2638 hcone
264 2599 474 2638 CotlSlllllLliitld
490 2600 686 2638 approbarunt.
703 2599 731 2638 _ld
745 2598 781 2638 de
792 2602 949 2638 se_testatur

161 2635 363 2676 ἐμπαθῆ-βψ.
382 2635 467 2668 Epist.
482 2635 516 2661 ad
541 2634 625 2662 Basil.
646 2634 766 2661 Antioch.
789 2634 950 2667 episcopatu.

161 2669 260 2704 Evagr.
279 2669 360 2702 ΠΛΟ.

193 2705 288 2745 ΑιόλΑ
305 2713 359 2740 qua
377 2705 516 2744 columna,
535 2703 628 2732 Graece
642 2703 746 2734 στύλος,
769 2710 846 2730 suam
861 2702 947 2730 deno-

161 2744 344 2768 tmnationem
364 2744 456 2766 traxnt.

198 2775 254 2808 (I6)
268 2775 348 2802 Nulla
377 2775 475 2801 horum
502 2782 615 2809 operum
635 2773 741 2800 mentio
764 2772 835 2807 apud
853 2771 949 2809 Fabri-

161 2810 235 2838 cium
248 2816 267 2839 t.
280 2810 328 2844 ΙΧ,
344 2818 371 2846 p.
389 2809 451 2843 5i5,
467 2809 512 2836 ubi
521 2807 561 2837 Vde
576 2808 678 2837 Severo
692 2809 805 2844 ejusque
820 2807 951 2842 operibus

999 2277 1113 2300 neretur
1128 2272 1274 2307 expositio,
1299 2272 1342 2298 vel
1357 2280 1409 2306 pro
1429 2272 1560 2299 Dioscoro
1580 2270 1639 2305 ipso
1656 2270 1703 2304 qui
1725 2277 1790 2296 reus

999 2321 1142 2357 agebatur,
1159 2319 1346 2354 deprecaturi.
1363 2328 1373 2344 ι

1036 2406 1069 2433 Et
1086 2405 1152 2441 quid
1173 2405 1274 2433 mirum
1285 2405 1297 2432 τ
1308 2406 1376 2433 Nam
1393 2409 1421 2433 et
1442 2404 1469 2432 in
1482 2404 1542 2439 ipsa
1553 2404 1660 2431 Nicaeus
1684 2401 1790 2438 synodo

998 2491 1121 2520 disserit.
1576 2501 1578 2503 ν

1031 2527 1092 2589 31η
1105 2526 1231 2587 fimum
1250 2525 1489 2561 Eutychianorum
1503 2529 1662 2560 patronum,
1679 2522 1713 2550 de
1731 2529 1789 2556 quo

1049 2570 1064 2589 e
1086 2570 1113 2588 m
1128 2570 1167 2588 ra.

1000 2562 1064 2589 vide
1086 2562 1167 2588 infra.

1039 2596 1093 2631 (I8)
1110 2596 1228 2623 Primam
1251 2599 1429 2630 proposuerat
1461 2594 1616 2631 Anatolius
1632 2593 1690 2631 Cp._
1707 2599 1790 2626 quam

1003 2628 1125 2667 episcopi
1137 2628 1258 2667 Romani
1276 2628 1383 2662 omnes,
1403 2635 1431 2656 et
1442 2630 1553 2667 quidam
1571 2628 1724 2656 Orientales
1738 2635 1791 2667 ἐι(-

1002 2662 1167 2702 pioderidam
1185 2665 1345 2702 judicarunt
1366 2673 1372 2696 ;
1395 2662 1491 2702 exteri
1516 2669 1612 2702 contra
1645 2662 1790 2702 tenendam

1003 2696 1098 2736 inpete
1114 2709 1129 2728 a
1148 2696 1253 2736 Spiritu
1271 2704 1366 2727 saneto
1387 2699 1520 2736 dictatam
1538 2699 1708 2736 clamarun_t._
1724 2696 1791 2736 Tan:

1003 2732 1065 2764 dc-m
1093 2732 1224 2764 accurate
1255 2743 1284 2762 re
1311 2742 1444 2770 perpensa
1461 2754 1468 2766 ,
1494 2734 1609 2770 alterum
1645 2732 1793 2770 ediderunt

1004 2772 1244 2806 approbaruntque
1274 2768 1394 2797 universi
1423 2769 1531 2797 concilii
1553 2769 1658 2796 Patres.
1694 2768 1750 2794 Act.
1771 2775 1792 2798 ι,

1005 2815 1077 2834 conc.
1094 2806 1185 2834 Cha/c.
