1963 3077
109 121 177 156 1385

690 130 838 160 CONTRA
857 130 1153 161 MONOPHYSITAS.

1665 130 1731 163 1886

109 184 160 217 τῆς
174 182 334 215 κακοδοξίας
351 184 545 221 ἡλευθέρωται·
565 187 596 213 οὐ
612 187 666 222 γὰρ
679 187 746 219 εἴτις
762 188 809 214 ἐπὶ
825 189 888 223 ἱερο-

946 196 1081 216 canonum
1096 188 1259 224 prmscripto
1282 197 1297 216 a
1314 197 1363 217 sua
1380 190 1514 226 dignitate
1537 191 1661 227 deiectus
1673 201 1680 225 ;
1692 197 1730 220 ob

110 228 190 262 συλίᾳ
213 229 367 262 ἐγκαλοῖτο,
386 233 555 266 προτραπεὶς
569 232 597 259 δὲ
617 234 655 265 εἰς
675 234 724 269 τὴν
741 234 805 268 περὶ
819 233 895 260 τοῦδε

109 273 199 308 δίκην⁷
228 274 276 301 καὶ
297 276 491 311 φυγοδικήσας,
517 274 576 304 εἶτα
601 278 720 313 εὐλόγως
738 279 896 314 φυγοδικίας

109 320 297 355 κατακριθεὶς,
309 320 354 348 διὰ
367 321 417 356 τῆς
428 323 595 358 κουφοτέρας
604 324 794 359 κατακρίσεως
803 324 893 359 τῆσδε,

110 366 235 401 περὶτῆς
253 367 404 402 ἱεροσυλίας
418 368 467 403 τὴν
476 369 596 396 νικῶσαν
612 370 799 404 ὰπενέγκοιτο·
817 371 895 397 τούν-

110 412 204 438 αντίον
231 413 286 448 γὰρ
302 413 348 439 καὶ
367 413 522 440 ὲπιϐεδαιοῖ
537 415 586 450 τὴν
602 415 730 451 ἑγκλησιν
744 417 794 450 τῆς
813 415 897 450 βασά-

110 466 156 484 νου
177 457 226 493 τῆς
249 458 415 490 ὑποθέσεως.
433 460 463 486 Et
475 460 502 486 δὲ
518 460 623 495 λέγοιτε
635 461 676 487 ὅτι
689 462 719 488 οὐ
730 462 760 489 τι
775 462 895 495 συνειδὸς

109 502 184 536 αὐτῷ
208 502 294 530 αῐτιον
310 500 342 538 ἦν
357 504 406 538 τῆς
424 504 583 538 φυγοδικίας
595 524 603 537 ,
622 506 680 532 ἀλλ’
698 507 714 541 ἡ
740 506 794 533 τῶν
816 507 894 533 δικα-

109 546 182 574 στῶν
198 547 369 574 ἀντιπάθεια·
385 548 487 584 ταύτην
510 550 564 585 ἄρα
584 550 742 586 ἐγγράφως,
762 553 810 579 καὶ
823 552 896 588 νομί-

111 601 181 627 μως,
203 593 251 619 καὶ
274 594 424 626 κανονικῶς
446 595 481 621 δι’
496 596 608 629 εὐλόγου
633 598 827 633 παραιτήσεως
841 598 896 625 ἔδει

95 638 192 665 *αὑτὸν
206 639 349 674 συστῆσαι,
364 640 394 666 οὐ
414 640 468 676 μὴν
484 640 529 667 διὰ
545 642 594 678 τῆς
611 642 666 669 τῶν
690 643 808 678 ἐλέγχων
827 644 896 670 ἁπο-

107 683 242 719 δράσεως·
256 685 337 712 τοῦτο
357 686 411 721 γὰρ
426 687 530 722 ἀπορίᾳ
553 688 681 714 παντελεῖ
695 689 744 723 τῆς
769 689 834 724 περὶ⁹
847 689 894 716 τοῦ

107 730 280 765 ἐγκλήματος
306 732 455 766 ἀπολογίας
480 733 594 767 γίνεται.
623 734 704 765 Τίνας
721 735 776 770 γὰρ
795 734 829 761 ἂν
848 736 894 762 καὶ

108 775 160 811 ἔφη
175 775 270 810 λόγους
282 778 524 813 παραγενόμενοςς
541 780 554 806 ὁ
570 778 730 815 βουλόμενος
740 780 796 806 τῶν
811 780 895 816 ὑπερ-

109 819 263 853 αλγοὺντων
275 821 386 856 τάνδρὸς
399 822 575 849 είδοποιείτω.
585 823 645 850 ὀτι
658 823 707 859 μὲν
721 824 774 859 γὰρ
787 824 894 857 ἐδέξατο

107 866 230 901 Εὐτυχέα
241 886 249 898 ,
271 868 400 901 φανερόν·
419 868 458 894 61c
480 868 508 894 δὲ
524 869 555 894 οὐ
575 868 666 901 καλῶς
679 869 789 902 ἐδέξατο
807 870 891 905 ἄνδρα

108 910 173 945 μίαν
197 909 267 938 εἶναι
281 912 365 947 μόνην
380 912 428 948 τὴν
443 912 490 940 τοῦ
506 914 625 949 Χριστοῦ
649 915 729 950 φύσιν
747 915 892 949 δοξάζοντι

108 955 184 984 θείαν
206 965 236 984 τε
253 957 357 991 ἁπλῶς,
373 959 421 986 καὶ
436 958 514 985 οὐδὲν
529 959 644 994 ἔχουσαν
663 961 847 997 ἀνθρώπινον,
864 962 890 988 τί

106 1002 140 1028 ἂν
156 1002 362 1038 ἁπελογήσατο;
382 1003 460 1038 ὑμεῖς
477 1001 524 1031 οὖν
547 1005 572 1031 oi
593 1007 767 1041 Διοσκορῖται
783 1008 891 1042 ἐπινοή-

106 1056 182 1075 uate.

144 1191 153 1206 ι
165 1181 228 1213 Ναὶ,
247 1182 323 1216 φησι·
340 1183 544 1218 μετανοήσαντα
559 1184 613 1219 γὰρ
627 1185 708 1212 αὑτὸν
724 1186 770 1213 ἐπὶ
786 1187 890 1219 τούτοις

104 1227 222 1261 ἐδέξατο,
237 1229 284 1254 καὶ
295 1227 402 1264 ἀληθῶς
419 1230 612 1264 ὀρθοδοξοῦντα
629 1231 752 1266 ὕστερον.
770 1242 779 1258 ι

140 1321 171 1348 οι
191 1320 258 1355 γοῦν
279 1320 343 1352 τοὺς
375 1320 499 1348 ὁπωσοῦν
528 1322 750 1354 ὑποπτευθέντος
779 1322 889 1350 πώποτε

103 1366 245 1402 Νεστορίῳ
261 1367 427 1402 συμφρονεῖν
442 1366 498 1394 τῶν
516 1368 546 1393 ἐν
570 1369 604 1403 τῇ
629 1368 731 1404 συνόδῳ
750 1368 787 1404 μὴ
804 1377 889 1404 μετα-

103 1412 199 1448 στῆναι
212 1412 261 1446 τῆς
278 1412 490 1447 δεισιδαιμονίας
502 1413 669 1448 πειθόμενοι,
686 1415 744 1446 πῶς
755 1414 803 1441 νῦν
814 1414 888 1441 τόνδε

102 1458 152 1492 οὐχ
171 1457 266 1490 ἁπλῶς
285 1458 365 1492 μόνον
381 1458 609 1494 ὑποπτευόμενον,
629 1459 696 1486 ἀλλὰ
717 1459 764 1487 καὶ¹
785 1460 888 1496 ἐγγρά-

946 233 973 260 id
984 238 1076 260 tamen
1088 233 1161 260 baud
1170 233 1223 261 fuit
1232 234 1268 262 ab
1280 235 1431 270 impietatis
1444 236 1562 264 crimine
1573 237 1729 264 absolutus.

944 279 1004 306 Non
1018 279 1102 311 enim,
1115 279 1136 306 si
1149 280 1212 314 quis
1225 281 1296 308 forte
1306 281 1340 308 de
1356 282 1500 317 sacrilegio
1516 282 1634 315 delatus,
1648 290 1730 310 voca-

947 327 1045 358 tusque
1061 324 1229 353 detrectaret
1241 326 1386 361 judicium,
1401 332 1482 361 atque
1503 332 1650 362 propterea
1661 335 1730 355 con-

945 367 1070 394 tumacia;
1085 367 1272 399 damnaretur,
1298 376 1346 402 per
1367 368 1436 396 hanc
1451 369 1581 396 leviorem
1597 369 1733 396 condem~

945 413 1084 440 nationem
1106 413 1194 440 victor
1204 413 1232 441 in
1243 413 1387 448 principali
1401 422 1482 441 causa
1497 415 1666 447 discederet;
1680 415 1730 442 sed

946 456 1032 491 magis
1048 456 1187 491 magisque
1202 456 1378 484 conﬁrmaret
1388 457 1489 492 objecti
1501 459 1626 485 criminis
1638 459 1732 494 suspi-

946 502 1063 529 cioncm.
1081 502 1109 529 Si
1120 502 1245 530 dixeritis
1257 510 1321 530 eum
1345 503 1511 530 detrectasse
1521 504 1655 538 judicium
1674 512 1731 532 non

945 549 1118 576 conscientia
1130 557 1187 577 suae
1198 548 1317 576 stimulis
1330 549 1467 582 adactum,
1479 550 1527 577 sed
1541 551 1665 585 judicum
1678 551 1729 578 ini-

945 593 1051 629 quitate
1066 595 1245 629 perterritum
1259 603 1266 627 ;
1280 602 1411 629 reponam
1421 602 1484 622 eum
1498 595 1629 623 debuisse
1641 597 1729 631 scrip-

946 639 982 667 tis
995 639 1022 667 id
1044 640 1208 675 signiﬁcarc,
1227 644 1254 668 et
1271 640 1323 667 rite
1341 645 1471 675 recteque
1491 641 1653 676 procedere,
1674 649 1728 669 non

946 687 1059 714 omnino
1075 694 1201 714 recusare
1213 687 1400 722 probationes.
1413 687 1471 714 Hoc
1488 687 1561 714 enim
1574 695 1637 715 eum
1654 688 1728 715 omni

946 731 1039 760 delicti
1056 733 1231 759 excusatione
1250 732 1373 758 caruisse
1397 731 1471 759 clare
1489 731 1671 759 demonstrat.
1696 732 1730 758 Et

945 786 1012 806 sane
1036 778 1103 813 quid
1130 778 1297 813 respondere
1313 782 1431 812 poterat,
1449 778 1470 805 si
1487 777 1633 805 adfuisset?
1653 778 1729 805 dicat

946 823 1071 859 quisquis
1086 823 1168 858 huius
1187 823 1240 850 viri
1254 830 1347 850 casum
1362 830 1432 857 agre
1466 822 1529 850 fert.
1556 823 1633 856 Quod
1654 823 1728 850 enim

944 869 1082 902 exceperit
1095 868 1284 904 Eutychetcm,
1303 867 1477 895 manifestum
1492 872 1550 900 est;
1569 872 1662 895 utrum
1677 875 1729 895 au-

943 917 997 940 tem
1012 918 1087 940 recte
1108 920 1138 940 se
1165 912 1283 948 gesserit
1304 912 1446 940 hominem
1472 911 1548 939 illum
1566 912 1730 946 excipiendo

942 958 999 993 (qui
1016 962 1143 985 naturam
1156 957 1211 992 (28)
1226 964 1309 984 unam
1333 956 1465 984 duntaxat
1490 956 1518 983 in
1532 956 1642 984 Christo
1652 963 1729 983 mere

940 1003 1072 1036 divinam,
1081 1003 1208 1031 humanae
1220 1002 1380 1031 substantiae
1393 1010 1505 1037 prorsus
1516 1006 1657 1036 expertem
1666 1008 1731 1036 pro-

942 1050 1069 1078 fitebatur
1085 1048 1106 1084 ),
1120 1057 1210 1084 quave
1234 1053 1380 1084 propterea
1413 1056 1442 1076 se
1468 1048 1628 1076 defensione
1656 1047 1728 1074 tueri

941 1100 1042 1130 posset,
1059 1095 1086 1123 id
1099 1095 1177 1123 vobis
1190 1094 1258 1129 ipsis
1270 1094 1396 1122 Dioscuri
1408 1095 1533 1129 patronis
1545 1094 1728 1129 judicandum

941 1141 1079 1176 relinquo.

978 1197 987 1213 ‹
1004 1187 1079 1219 Esto.
1097 1186 1197 1221 inquit,
1213 1186 1261 1213 sed
1279 1185 1463 1221 Eutychetem
1479 1185 1597 1220 excepit.
1618 1189 1727 1220 postea-

940 1240 1020 1268 quam
1034 1232 1138 1259 erroris
1149 1239 1213 1259 eum
1228 1231 1270 1259 sui
1285 1231 1426 1266 pmnituit,
1440 1235 1523 1265 atque
1535 1231 1579 1264 pie
1596 1234 1728 1264 recteque

939 1279 1042 1306 sentire
1057 1277 1152 1312 ccepit.
1173 1287 1185 1304 ι

974 1323 1008 1350 At
1022 1322 1161 1358 quomodo
1182 1330 1241 1355 vos,
1258 1323 1305 1358 qui
1324 1330 1378 1351 non
1394 1323 1430 1350 ita
1456 1322 1536 1350 facile
1555 1322 1655 1350 adduci
1679 1330 1730 1357 po-

939 1369 1027 1401 testis.
1038 1372 1069 1396 ut
1080 1368 1201 1396 credatis
1210 1376 1287 1396 suam
1305 1373 1413 1396 mutare
1424 1368 1549 1403 potuisse
1561 1367 1729 1395 sententiam

938 1423 987 1444 eos
999 1414 1108 1442 concilii
1124 1414 1230 1447 Patres,
1252 1414 1300 1449 qui
1320 1421 1433 1449 quoquo
1448 1413 1531 1441 modo
1544 1413 1630 1441 semel
1647 1413 1733 1440 vobis

939 1462 967 1489 in
988 1459 1173 1495 suspicionem
1207 1459 1376 1488 Nestorianaa
1410 1466 1546 1488 mereseos
1569 1462 1728 1491 venerunt;

102 1512 161 1538 φως
178 1502 386 1538 ὁμολογήσαντα
402 1503 451 1538 τὴν
464 1503 593 1531 ἀσέϐειαν
612 1504 704 1537 αὐτοῦ,
724 1505 771 1532 καὶ
790 1505 886 1533 καθαι-

943 1507 1085 1543 quomodo,
1106 1507 1229 1541 inquam,
1244 1506 1289 1540 pie
1308 1509 1439 1539 recteque
1463 1512 1539 1532 nunc
1550 1504 1652 1532 sentire
1675 1511 1728 1539 pu-

104 1547 217 1583 ρεθέντα
240 1547 286 1574 ἐπὶ
307 1547 386 1582 τῷδε,
409 1547 446 1579 ὡς
469 1547 507 1584 μὴ
524 1547 681 1575 ἀποστάντα
704 1548 754 1584 τῆς
775 1549 887 1576 κακοδο-

103 1593 174 1627 ξίας,
202 1593 370 1629 μεταμαθεῖν
394 1593 444 1629 τὴν
467 1593 607 1620 εὐσέϐειαν
627 1593 886 1630 ὲπληροῴορήθητε,

103 1639 164 1667 οῦτε
187 1639 324 1674 παρουσία
342 1639 464 1671 συνόδου,
483 1639 499 1674 ἢ
518 1638 665 1674 μαρτύρων
685 1639 766 1666 τινῶν
786 1640 888 1673 ἀξιοπί-

103 1694 184 1717 στων,
209 1684 272 1711 οὒτε
291 1685 320 1710 ἐν
342 1683 499 1720 Ἐκκλησίᾳ,
526 1683 588 1710 οὔτε
610 1684 742 1720 ἐγγράφῳ
756 1685 888 1721 ὁμολογίᾳ

102 1732 156 1758 τινὶ
172 1731 221 1765 τῆς
236 1729 331 1765 πρώην
345 1729 426 1756 αὑτὸν
442 1729 596 1764 ἀποστῆναι
611 1730 772 1764 κακοδοξίας
790 1731 886 1766 ὁμολο-

101 1778 222 1812 γήσαντα
233 1785 240 1809 ς
259 1776 322 1802 Ἔτι
336 1774 389 1810 μὴν
403 1775 428 1801 εἰ
440 1774 614 1806 δντωςταῦτα
624 1774 689 1810 ἔχει,
701 1777 748 1803 καὶ
758 1776 795 1808 ὡς
806 1785 889 1811 μετα-

100 1824 235 1858 νοήσαντα
246 1822 353 1855 ἐδέξατο
377 1822 468 1855 αὑτὸν,
497 1821 576 1856 δῆλον
591 1821 730 1854 ὄτιοῦτως
756 1822 887 1850 ἀσεϐοῦν-

99 1876 133 1894 τι
149 1866 245 1902 πρώην
253 1867 345 1898 αὑτὸν,
356 1866 399 1901 ἐφ’
408 1863 449 1898 οἷς
461 1866 574 1902 ἔσχατον
587 1866 655 1902 πρὸς
663 1866 807 1903 Διόσκορον
820 1876 885 1903 μετ-

100 1915 215 1948 ενόησε,
241 1912 361 1948 καθῆρεν
383 1914 396 1939 ό
419 1913 566 1944 ὁσιώτατος
582 1912 739 1945 Φλαυιανός.
763 1913 824 1945 Πῶς
838 1913 886 1940 οὖν

100 1959 248 1993 δεξάμενος
265 1958 311 1985 ⁴ιτόν
331 1957 361 1984 δε
379 1958 561 1993 ὁμολογοῦντα
574 1957 623 1993 τὴν
642 1958 725 1985 πάλαι
739 1959 820 1986 αὑτοῦ
838 1968 886 1986 κα-

99 2005 232 2037 κοόοξὲαν,
241 2007 287 2033 τὸν
301 2003 499 2039 καθαιρεθέντα
527 2003 638 2034 δικαίως
665 2004 718 2038 πρὸ
732 2004 782 2039 τῆς
801 2013 884 2039 μετα-

97 2050 184 2083 votae,
197 2050 344 2077 Φλαυιανὺν
357 2049 403 2077 τὸν
424 2048 536 2081 δικαίως
552 2049 632 2076 αὐτὸν
653 2049 812 2085 καθήραντα
831 2050 884 2076 Εὑ-

97 2096 179 2130 τυχῆ,
192 2095 341 2130 τοῦτόφησι
354 2095 400 2121 καὶ
413 2094 492 2126 αὐτὸς
508 2095 610 2130 πρᾶξαι
623 2095 662 2126 είς
677 2094 775 2128 αὐτὸν;
792 2096 827 2122 Ἣ
839 2093 885 2122 οὖν

97 2142 148 2168 οὐκ
170 2141 279 2176 ἀληθῶς
303 2141 508 2176 μετανοήσαντα
526 2139 621 2167 τοῦτον
645 2140 764 2174 ἐδέξατο,
790 2141 807 2176 ἢ
835 2141 885 2168 οὐκ

938 1554 1002 1582 tatis
1016 1561 1090 1586 eum,
1106 1553 1154 1587 qui
1164 1559 1218 1580 non
1236 1552 1326 1579 levem
1347 1551 1468 1586 aliquam
1484 1551 1526 1578 sui
1536 1550 1660 1578 criminis
1679 1557 1728 1585 su-

937 1599 1088 1634 spicionem
1105 1597 1209 1633 injecit,
1221 1596 1269 1624 sed
1282 1604 1360 1624 suam
1374 1596 1462 1631 ipsius
1477 1595 1646 1630 impietatem
1661 1595 1735 1623 scri-

938 1644 991 1679 ptis
1006 1649 1099 1679 aperte
1118 1643 1262 1670 confessus
1277 1646 1342 1675 est;
1359 1641 1408 1676 qui
1422 1646 1569 1676 propterea
1598 1645 1728 1676 tanquam

938 1690 965 1717 in
976 1697 1070 1717 errore
1092 1696 1142 1716 suo
1168 1688 1320 1723 persistens
1337 1695 1352 1714 a
1375 1687 1510 1722 dignitate
1536 1694 1585 1714 sua
1602 1686 1727 1721 dejectus

937 1735 988 1762 fuit
1001 1735 1012 1761 ’Ξ
1026 1735 1073 1769 qui
1085 1734 1197 1762 demum
1209 1741 1299 1768 neque
1324 1733 1352 1759 in
1364 1732 1462 1768 synodi
1473 1739 1618 1764 consessu,
1636 1739 1729 1766 neque

937 1788 1029 1808 coram
1048 1779 1165 1808 testibus
1177 1779 1229 1806 lide
1241 1778 1342 1813 dignis,
1351 1785 1442 1812 neque
1455 1776 1482 1803 in
1490 1776 1625 1808 Ecclesia,
1637 1783 1728 1809 neque

937 1825 1053 1860 scriptis
1061 1833 1138 1852 suam
1144 1833 1174 1852 se
1181 1832 1292 1860 pravam
1302 1824 1462 1858 opinionem
1472 1826 1592 1850 mutasse
1601 1821 1727 1849 declara-

937 1871 977 1898 vit
992 1871 1003 1898 ‘i
1015 1871 1080 1898 At-si
1092 1871 1128 1898 ita
1141 1875 1193 1902 est,
1206 1870 1228 1897 si
1239 1870 1387 1897 Dioscorus
1402 1869 1512 1903 excepit
1521 1868 1611 1903 ipsum
1622 1866 1730 1895 erroris

935 1916 990 1951 jam
1003 1915 1047 1943 sui
1059 1915 1249 1950 pmnitentem,
1266 1914 1391 1949 sequitur
1403 1914 1466 1942 inde
1475 1914 1547 1949 juste
1556 1921 1572 1941 a
1583 1912 1727 1941 sauctissi~

937 1969 982 1988 mo
991 1960 1119 1988 Flaviano
1127 1960 1263 1995 deiectum
1272 1967 1347 1991 eum,
1355 1959 1402 1994 qui
1413 1959 1489 1993 prius
1498 1959 1535 1985 ita
1547 1957 1651 1985 nefarie
1660 1965 1726 1984 seu-

939 2006 1042 2038 tiebat;
1072 2005 1181 2033 etiamsi
1210 2008 1305 2040 postea
1318 2004 1352 2031 ad
1376 2004 1538 2031 Dioscorum
1563 2002 1729 2037 confugiens

938 2052 1128 2087 paenitentiam
1150 2051 1249 2086 egerit.
1271 2050 1414 2083 Quomodo
1430 2057 1496 2084 ergo
1520 2049 1567 2084 qui
1584 2048 1726 2075 hominem

938 2098 1012 2124 hunc
1027 2097 1135 2131 excepit
1150 2101 1269 2123 veterem
1291 2103 1414 2123 errorem
1431 2103 1513 2122 suum
1534 2094 1725 2124 conﬁtentem,

937 2149 1019 2178 atque
1033 2143 1107 2178 iuste
1124 2147 1186 2169 ante
1205 2146 1344 2177 peractam
1363 2141 1554 2176 ptenitentiam
1571 2140 1724 2175 dejectum,

98 2187 199 2219 ἀδίκως
221 2186 344 2214 καθεῖλεν
383 2186 463 2213 αὐτὸν
499 2186 657 2218 Φλαυιανδν,
679 2187 784 2213 ἐκεῖνον
803 2186 883 2218 αὐτὸς

943 2195 965 2214 te
981 2193 1091 2221 quoque
1109 2185 1269 2213 Flavianum
1290 2185 1380 2220 ipsum
1408 2186 1456 2219 qui
1479 2192 1542 2211 eum
1568 2184 1720 2219 deiecerat,

96 2233 199 2265 ἀδίκως
212 2232 409 2260 ἁντικαθεῖλεν.

885 2241 888 2244 λ
935 2233 1009 2267 justo
1023 2231 1156 2267 dejecisse
1172 2231 1317 2259 autumat?
1335 2230 1384 2258 Vel
1404 2238 1469 2266 ergo
1485 2230 1634 2257 Dioscorus
1655 2230 1720 2255 eum

95 2279 206 2314 excepit
231 2278 305 2306 haud
335 2287 400 2307 vere
426 2279 616 2314 paenitentem,
643 2279 687 2306 vel
722 2277 880 2306 Flavianum
900 2277 1029 2305 eumdem
1062 2284 1146 2312 aquo
1159 2277 1221 2313 jure
1255 2284 1287 2304 ac
1308 2276 1407 2304 merito
1431 2276 1568 2312 Eutyches
1597 2274 1723 2310 deiectus

95 2330 150 2357 est,
167 2332 216 2359 per
230 2331 365 2352 summam
390 2324 516 2360 injuriam
532 2325 590 2359 ipse
606 2323 716 2360 deiecit.

135 2380 145 2397 ι
164 2370 245 2398 Ἀλλὰ
259 2370 315 2401 ναὶ,
331 2369 408 2404 φησὶ,
425 2369 595 2406 Νεστοριανὴ
611 2369 746 2405 πρόληψις
760 2366 795 2405 ἦν
816 2369 881 2404 περὶ

94 2415 243 2443 Φλαυιανοῦ
257 2415 305 2442 τοῦ
320 2415 635 2447 Κωνσταντινουπόλεως
653 2415 804 2442 ἐπισκόπου
815 2423 822 2430 ·
839 2414 881 2441 ἕν-

95 2462 142 2489 θεν
157 2462 205 2487 καὶ
219 2461 328 2487 ὕποπτα
346 2460 381 2487 τὰ
393 2461 433 2492 εἰς
449 2461 554 2496 Εὐτυχῆ
563 2460 696 2496 γενόμενα
708 2461 753 2487 ὑπ’
769 2459 879 2487 αὑτοῦ.»

130 2549 186 2576 Καὶ
204 2549 247 2581 τίς
266 2548 438 2584 ἐντυγχάνων
458 2549 490 2584 τῇ
507 2548 614 2575 ἐκθέσει
624 2547 674 2583 τῆς
686 2548 802 2580 πίστεως
813 2547 882 2574 Φλα-

91 2594 199 2628 υιανοῦ,
213 2594 281 2630 τῷδε
301 2594 480 2630 συμφήσειεν,
493 2590 516 2620 ὦ
531 2591 622 2627 οὗτοι;
638 2594 705 2628 φησὶ
721 2593 775 2628 γάρ
785 2602 792 2608 ·

131 2693 142 2710 ι
160 2681 339 2717 Κηρύσσομεν
356 2681 401 2708 τὸν
416 2680 519 2716 Κύριον
543 2680 623 2716 ήμῶν
644 2679 749 2716 Ἰησοῦν
765 2680 882 2715 Χριστὸν

93 2728 148 2764 πρὸ
163 2728 269 2755 αἰώνων
289 2729 323 2754 ἐκ
347 2726 416 2754 Θεοῦ
439 2727 545 2762 Πατρδς
569 2726 695 2763 ἁνάρχως
714 2727 879 2763 γεννηθέντα

972 2375 981 2391 ι
998 2366 1078 2393 Fama
1092 2371 1160 2398 erat,
1183 2366 1282 2401 inquit,
1307 2365 1467 2393 Flavianum
1493 2364 1724 2399 Constantinopo-

930 2411 989 2438 Ieos
1005 2411 1164 2446 episcopum
1182 2410 1300 2438 Nestorii
1316 2418 1425 2438 errores
1443 2410 1536 2437 iuvere
1551 2418 1558 2442 ;
1573 2414 1723 2443 propterea

929 2461 1057 2489 suspecta
1071 2460 1135 2484 sunt
1151 2457 1252 2489 omnia,
1272 2464 1332 2491 quae
1356 2460 1451 2483 contra
1468 2455 1648 2490 Eutycbctcm
1665 2455 1725 2490 ipso

932 2506 1064 2538 gesserat.
1083 2511 1092 2527 ι
1129 2533 1138 2537 ,
1724 2528 1732 2537 .

969 2548 1079 2582 Ecquis,
1102 2547 1157 2575 heu
1171 2547 1275 2580 miseri,
1296 2546 1361 2575 ﬁdei
1382 2547 1574 2582 cxpositiouia
1592 2547 1724 2575 Flaviano

933 2594 1038 2622 traditae
1065 2601 1225 2626 oceurrcns,
1255 2602 1352 2621 verum
1370 2594 1397 2621 id
1422 2602 1483 2622 esse
1508 2593 1651 2621 fateatur?
1684 2593 1726 2621 ait

929 2640 1004 2667 enim
1024 2649 1031 2666 :

968 2683 1175 2711 «Pmdicamus
1200 2683 1347 2711 Dominum
1374 2688 1501 2711 nostrum
1529 2683 1624 2710 Jesum
1641 2681 1723 2709 Chri-

929 2732 1001 2756 stum
1010 2733 1074 2756 autc
1083 2729 1183 2757 saecula
1191 2729 1345 2757 secundum
1357 2728 1530 2756 divinitatem
1545 2736 1559 2756 a
1575 2729 1630 2756 Deo
1641 2728 1722 2756 Patre

126 2795 183 2830 (28)
197 2795 223 2822 ls
231 2795 306 2832 enim
319 2794 402 2832 impie
415 2794 532 2822 docebat
544 2795 688 2832 Dominum
701 2799 764 2823 ante
776 2803 887 2824 carnem
942 2805 1024 2824 unam
1045 2796 1176 2825 duntaxat
1191 2806 1198 2824 :
1213 2805 1294 2832 quem
1317 2805 1440 2827 errorem
1454 2797 1555 2825 acriter
1570 2788 1734 2825 insectaturE

92 2829 261 2865 asSumptam
287 2829 419 2858 habuisse
447 2835 560 2858 naturas
587 2831 665 2865 duas,
701 2836 795 2866 postea
818 2839 883 2859 vero

937 2832 1004 2866 Leo,
1021 2832 1105 2868 Epist.
1125 2833 1159 2860 ad
1169 2832 1335 2861 Flavianum.
