1963 3077
244 147 310 182 1891

855 146 1009 177 LEONTII
1029 145 1232 178 BYZANTINI

1808 147 1875 180 1892

242 213 271 235 ct
288 208 322 236 ad
333 207 396 236 lecti
413 207 497 244 pedes
509 208 605 239 oblati.
624 206 762 242 stipendia
783 206 837 235 sibi
857 207 1029 242 paciscuntur

1087 206 1164 241 παρὰ
1181 206 1265 238 πόδας
1284 206 1333 242 τῆς
1353 206 1449 241 κλίνης
1465 205 1632 242 τελουμένης
1647 205 1740 237 αὐτοῖς
1764 207 1873 242 ίερουρ·

241 253 358 288 singulis
376 253 518 280 mensibus
529 253 570 279 vel
590 252 670 279 annis
684 252 881 287 persolvenda?
895 251 1034 280 Prretereo

241 299 358 333 reliqua.
374 298 480 325 veritus
493 305 526 325 ne
537 298 580 325 vel
594 305 609 325 a
618 297 740 332 profanis
749 297 919 331 hominibus
932 297 959 324 in
978 305 1035 325 sce-

240 354 303 373 nam
319 346 461 376 ducantur.
479 345 524 379 qui
540 345 650 380 pietatis
661 344 772 379 quidem
788 344 899 372 inanem
913 344 1034 379 speciem

241 399 296 426 prae
314 391 393 418 nobis
413 390 546 422 ferimus;
565 390 694 425 pietatem
720 398 786 417 vero
811 390 898 424 ipsam
920 390 1034 425 ejusque

239 437 294 463 vim
304 436 417 463 omnino
428 436 584 471 spernimus
596 436 804 471 rejicimusque.
816 436 846 463 lu
858 436 953 463 multis
959 437 1033 463 enim

239 483 406 510 oﬂ'cndintus
417 490 525 510 ornnes.
545 483 652 510 Etenim
673 481 696 510 si
713 490 762 510 vos
775 482 826 517 ipsi
837 482 971 514 fatemini,
984 489 1033 509 ne-

239 536 293 563 que
307 536 406 564 negare
417 528 532 563 potestis
545 528 632 563 accipi
647 529 738 556 solere
753 528 909 555 mercedem
925 535 976 563 pro
989 535 1034 555 sa—

238 575 277 602 cri
295 574 349 610 (42)
365 574 450 601 fontis
475 573 595 605 lavacro,
615 578 643 601 et
657 581 707 608 pro
730 574 861 609 pretiosis
878 574 933 609 (ιὸ)
943 573 1031 601 divini

239 621 304 648 doni
321 620 457 655 reliquiis,
481 620 547 654 quid
562 620 636 646 aliud
655 621 737 647 nobis
755 621 916 655 exprobrari
934 620 1032 647 audie-

238 673 311 696 mus,
336 665 389 691 nisi
420 664 487 692 illud
506 674 511 691 :
527 664 627 691 Nomen
647 673 734 691 meum
758 666 829 700 apud
854 673 898 692 vos
925 669 1032 700 propter

238 715 327 746 gentes
339 710 450 737 ludibrio
460 711 569 737 habetur
579 709 592 730 ιδ
604 711 615 737 ?
624 710 740 745 Oportet
753 711 837 746 igitur
848 719 1033 746 unumquem-

239 764 293 791 que
305 761 429 783 nostrum
440 756 558 783 educere
568 756 674 783 trabem
685 764 698 783 a
709 757 830 791 propriis
838 756 935 789 oculis,
948 761 1031 792 atque

239 803 277 830 ita
298 803 429 830 festucam
462 802 489 828 in
516 802 604 828 oculis
629 802 726 828 alienis
748 801 849 828 clarius
874 801 1030 836 perspicere

237 848 392 883 poterimus
405 853 417 866 ε
433 856 440 880 ς
465 846 697 882 quemadmodum
724 851 819 874 monet
833 848 867 879 is,
891 847 938 882 qui
953 847 1030 875 solus

238 897 316 920 caret
326 893 400 920 omni
415 892 506 927 culpa.

285 939 349 967 Haec
368 946 431 966 cum
444 939 538 966 divina
561 937 737 965 Providentia
755 944 854 973 przesto
871 938 928 966 sint
941 937 1029 965 omni-

237 985 292 1012 bus
310 984 345 1012 ad
369 987 445 1012 recte
464 983 654 1019 iudicandum,
671 983 943 1019 dignoscendamque
956 983 1030 1010 veri-

239 1034 342 1063 tatem;
369 1037 420 1057 nos
453 1034 544 1057 tamen
578 1030 663 1064 pudet
692 1037 785 1057 coram
817 1029 879 1064 ipso
904 1029 1030 1057 veritatis

239 1077 341 1107 Verbo.
353 1084 420 1103 vero
431 1076 576 1103 verborum
588 1076 711 1103 omnium
724 1079 752 1103 et
765 1082 879 1110 operum
891 1079 974 1110 atque
983 1083 1030 1102 eo-

239 1122 403 1157 gitationum
421 1121 525 1156 judice,
544 1125 650 1148 mutare
662 1128 744 1155 quam
765 1121 850 1148 semel
870 1120 1030 1148 imbibimus

238 1168 409 1203 opinionem,
425 1167 470 1194 vel
490 1167 524 1194 ab
539 1167 635 1194 amicis
649 1166 691 1193 vel
707 1166 741 1193 ab
758 1166 877 1194 inimicis
887 1167 964 1202 quasi
979 1167 1029 1194 do-

239 1213 361 1242 mesticis
371 1218 522 1248 acceptam,
531 1213 860 1246 recusamusquesinrero
869 1213 960 1240 animo
967 1221 1030 1248 per-

237 1258 372 1292 pendere,
388 1266 449 1293 quaa
462 1257 620 1289 traduntur,
638 1257 792 1292 cadentque
813 1261 866 1285 tam
883 1257 1030 1293 diligenter

237 1304 368 1337 scrutari,
383 1311 466 1339 quam
485 1311 518 1332 ea
535 1310 586 1338 par
595 1306 648 1335 est,
664 1310 725 1338 quae
739 1303 774 1330 ab
788 1303 950 1331 hominibus
968 1310 1030 1331 om-

237 1351 304 1378 nino
319 1350 419 1386 ignotis
436 1350 601 1378 traduntur:
626 1357 783 1385 quanquam
799 1349 875 1377 omni
908 1349 1029 1384 partium

238 1394 332 1422 studio
357 1399 474 1426 remoto.
490 1395 609 1429 simplici
626 1396 730 1423 mentis
748 1395 851 1422 intuitu
863 1394 938 1422 dicta
961 1403 1029 1423 eon-

238 1440 403 1476 templantes
416 1459 424 1470 ,
458 1441 575 1468 melius‘
591 1448 623 1468 ac
652 1440 758 1468 rectius
786 1439 913 1475 judicare
932 1461 940 1473 ,
956 1441 1030 1468 veri-

240 1489 380 1521 tatemque
406 1486 508 1513 clarius
528 1499 529 1502 π
547 1485 704 1521 perspicere
728 1487 897 1521 'poterimus
923 1496 931 1520 ;
967 1494 1030 1515 cum

238 1533 309 1560 alias
331 1533 437 1561 nostris
449 1533 493 1560 his
503 1533 631 1562 hostibus
643 1534 761 1562 nimium
785 1535 929 1570 indulgere
942 1534 1029 1561 solea-
1041 1539 1064 1572 C

237 1585 310 1605 mus.
326 1577 412 1610 Quam
437 1578 473 1605 ob
492 1585 548 1606 rem
566 1578 696 1606 audacter
716 1579 852 1606 aflirmare
876 1586 931 1606 non
945 1579 1029 1606 dubi-

239 1628 339 1655 tamus,
359 1630 407 1650 eos
432 1623 480 1658 qui
509 1623 576 1658 ipsis
604 1623 755 1656 adhaerent,
787 1629 932 1659 propterea
965 1625 1030 1660 quia

238 1669 345 1694 rectum
365 1673 463 1694 e0rum
486 1667 585 1702 dogma
610 1672 718 1703 putant,
732 1669 841 1696 etiarnsi
862 1676 958 1696 revera
973 1677 1030 1696 ma-

235 1712 293 1740 lum
307 1712 344 1740 sit
357 1720 389 1740 ac
402 1714 472 1741 male
490 1714 630 1741 sentiant:
645 1715 794 1750 impietatis
810 1719 903 1742 notam
920 1715 1032 1743 subitu-

236 1766 284 1786 ros
300 1766 355 1786 non
374 1767 436 1787 esse
450 1778 458 1791 ,
480 1767 542 1787 cum
562 1760 634 1789 Deus
657 1761 749 1790 cordis
767 1762 862 1790 intima
877 1767 906 1790 et
922 1763 1030 1790 occulta

236 1803 410 1840 iudicaturus
422 1805 547 1833 accedet.
564 1815 574 1831 ι
589 1805 659 1834 Cum
673 1808 763 1841 enim,
787 1808 842 1841 ait,
854 1816 948 1836 coram
970 1808 1030 1844 ipso

236 1857 399 1884 persuasum
413 1851 498 1878 fuerit
512 1859 560 1879 cor
584 1857 720 1886 nostrum,
741 1861 832 1889 neque
857 1855 1029 1882 conscientia

236 1900 332 1923 nostra
346 1904 396 1924 nos
415 1897 546 1931 mordet;
560 1898 633 1926 Deus
651 1900 738 1935 major
759 1905 803 1928 est
820 1901 903 1928 corde
921 1905 1028 1932 nostro,

236 1941 424 1976 perspicitque
442 1944 546 1971 omnia.
563 1953 572 1970 ι
595 1945 630 1971 At
649 1945 671 1972 si
689 1946 815 1973 veritatis
829 1946 950 1974 Verbum
968 1953 1028 1974 sese

235 1986 310 2014 clare
331 1987 413 2015 nobis
428 1988 578 2022 patefacit,
602 1994 768 2025 nostrasque
791 1996 899 2019 mentes
923 1991 1029 2019 lumine

235 2041 286 2061 suo
302 2034 445 2069 perfundit
458 2044 464 2066 ;
475 2043 526 2063 nos
537 2041 634 2064 contra
654 2037 810 2065 clandimus
821 2039 927 2071 oculos,
939 2039 1029 2074 ‘obtu-

235 2086 385 2115 ramusque
416 2085 526 2108 nostras
552 2089 634 2110 aures
663 2088 760 2118 sponte
783 2083 859 2111 surdi
886 2083 1029 2111 evadendo

235 2125 443 2161 rejieicudoque
457 2126 601 2154 veritatem
618 2128 723 2163 ipsam:
739 2129 862 2164 profecto
878 2129 1027 2156 miserrimi

233 2170 358 2198 omnium
373 2172 625 2207 deprchendemur,
653 2175 832 2209 omniumque
849 2174 1028 2202 commisera-

1086 252 1149 286 γίας
1162 253 1226 284 τοὺς
1240 252 1352 288 μισθοὺς
1367 252 1580 284 ἀποϐλέποντες,
1597 253 1712 284 καὶτοῖς
1727 253 1872 288 μηνιαιοις,

1086 300 1133 326 καὶ
1147 300 1265 334 ἐτησίοις
1281 299 1388 334 ἐράνοις
1403 298 1597 332 ἑπελπίξουσι;
1611 299 1722 326 Δέδοικα
1737 299 1825 334 λέγειν
1840 300 1873 327 τὰ
1918 309 1922 312 ’

1086 344 1184 376 πλείω,
1202 345 1240 380 μή
1260 353 1319 376 πως
1337 344 1384 371 καὶ
1402 344 1528 380 βεϐήλοις
1545 345 1775 381 ϐριαμσευθῶμεν
1789 346 1813 372 oi
1824 345 1874 381 τὴν

1086 391 1222 425 μόρφησιν
1237 389 1347 425 ἔχοντες
1359 390 1409 424 τῆς
1425 390 1578 424 εὐσεϐείας,
1592 390 1642 426 τὴν
1653 391 1681 417 δὲ
1695 391 1809 426 δύναμιν
1821 392 1873 428 ἡρ-

1084 437 1216 472 νημένοι·
1245 436 1332 463 πολλὰ.
1356 435 1411 471 γὰρ
1435 437 1567 472 πταίομεν
1588 437 1718 469 ἅπαντες.
1744 438 1799 465 Καὶ
1820 438 1874 473 γὰρ

1086 483 1181 518 μισθὸς
1195 482 1242 510 τοῦ
1256 482 1371 519 λουτροῦ
1386 483 1440 517 τῆς
1461 483 1583 518 χάριτος,
1602 484 1649 510 καὶ
1665 485 1720 511 ἀπὸ
1742 485 1826 519 τιμῆς
1841 485 1874 510 ὲκ

1086 529 1137 556 τῶν
1159 529 1294 564 λειψάνων
1315 530 1364 566 τῆς
1388 529 1464 561 θείας
1491 530 1600 566 δωρεᾶς
1616 532 1640 557 εἰ
1656 529 1872 565 συμπεφώνηταί

1085 584 1122 611 πη
1137 576 1171 602 δι’
1183 577 1272 611 ὑμῶν,
1290 578 1317 604 τί
1331 577 1426 613 ἕτερον
1441 575 1626 611 ἀκουσόμεθα,
1638 575 1654 612 ἢ
1667 575 1708 602 ὅτι
1724 575 1760 602 Τὸ
1778 573 1872 610 ὄνομά

1081 631 1140 657 μου
1164 622 1202 649 δι’
1215 623 1299 657 ὑμῶν
1324 623 1547 658 βλασφημεῖται
1574 623 1608 648 ἐν
1638 621 1700 654 τοῖς
1731 621 1872 651 ἕθνεσινς

1089 669 1214 703 Ἀρκέσει
1234 669 1301 703 γοῦν
1325 670 1433 704 ἑκάστῳ
1451 670 1481 695 ἐκ
1503 668 1550 696 τοῦ
1576 668 1641 695 ἰδίου
1657 666 1798 702 ὀφθαλμοῦ
1823 667 1872 702 τὴν

1082 714 1158 741 δοκὸν
1171 715 1302 751 ἐξαιρεῖν,
1318 715 1365 741 καὶ
1378 715 1439 741 τότε
1453 714 1616 749 τρανότερον
1629 714 1659 739 τὸ
1674 714 1703 739 ὲν
1718 713 1756 748 τῷ
1771 712 1872 746 ὀφθαλ-

1083 761 1126 796 μῷ
1141 761 1246 796 κάρφος
1263 762 1414 795 κατανοεῖν,
1423 761 1495 788 καθά
1509 768 1590 796 φησιν
1608 760 1674 795 ἡμῖν
1687 760 1701 785 ό
1714 759 1794 794 μόνος
1806 759 1871 785 ἁνα-

1083 808 1230 842 μάρτητος.

1117 933 1226 962 Τούτων
1238 935 1337 971 δὲὴμῖν
1351 937 1400 963 σὺν
1410 936 1469 972 Θεῷ
1487 937 1697 974 προὶτε]οἐντων
1714 939 1754 970 εἰς
1767 938 1868 974 κρίσιν,

1081 981 1129 1008 καὶ
1145 981 1287 1016 διάσκεψιν
1305 983 1389 1010 πᾶσιν
1411 983 1579 1018 ἀνθρώποις,
1610 984 1790 1019 δυσωποῦμεν
1824 985 1868 1011 ὲν-

1081 1025 1166 1053 ώπιον
1177 1027 1224 1054 τοῦ
1239 1028 1290 1063 τῆς
1305 1028 1435 1065 ἀληθείας
1446 1029 1533 1064 Λόγου
1541 1030 1588 1056 τοῦ
1602 1030 1686 1062 ὅντως
1697 1030 1792 1065 κριτοῦ
1802 1039 1870 1056 παν-

1080 1072 1126 1104 τὸς
1149 1072 1241 1107 λόγου,
1258 1074 1305 1101 καὶ
1330 1075 1424 1110 ἔργου,
1443 1076 1489 1102 καὶ
1509 1077 1645 1110 νοήματος
1659 1076 1749 1112 ἡμῶν,
1766 1075 1867 1102 αποθέ-

1082 1118 1145 1145 σοαι
1168 1119 1285 1146 ἕκαστον
1307 1120 1512 1156 ἐντευξόμενον,
1536 1122 1588 1149 κᾶν
1600 1131 1631 1149 τε
1643 1122 1692 1157 τῆς
1718 1121 1868 1157 ἡμετέρας.

1082 1163 1133 1190 κᾶν
1147 1172 1178 1191 τε
1191 1164 1241 1198 τῆς
1260 1165 1405 1200 ἀλλοτρίας
1450 1167 1529 1202 δόξης
1538 1167 1588 1202 τὴν
1601 1167 1640 1199 ὡς
1660 1166 1724 1202 παρ’
1748 1167 1868 1198 οἰκείων,

1081 1209 1129 1235 καὶ
1143 1209 1280 1244 πολεμίων
1295 1210 1429 1245 ἀκρόασιν
1444 1211 1499 1238 τῶν
1518 1212 1682 1247 εἰρημένων,
1701 1212 1749 1238 καὶ
1763 1211 1868 1248 κρίνειν

1079 1255 1115 1282 τὰ
1131 1255 1259 1290 ρηθέντα,
1277 1255 1315 1288 ὡς
1334 1257 1413 1291 παρᾶ
1427 1265 1509 1284 τινων
1525 1257 1615 1294 πάντῃ
1630 1258 1778 1292 ἀγνώστων
1793 1257 1871 1291 αὐτῷ

1081 1301 1137 1327 τῶν
1160 1301 1295 1337 ἐκατέρου
1321 1302 1435 1338 μέρους·
1457 1303 1504 1330 καὶ
1523 1302 1623 1330 οὔποτε
1648 1303 1762 1338 θατέρου
1788 1303 1868 1338 λόγω

1082 1346 1349 1382 προθεματισθὲντος
1375 1348 1446 1375 κατὰ
1468 1349 1518 1384 τὴν
1541 1349 1662 1376 διάνοιαν
1681 1348 1766 1384 αὐτῷ,
1783 1350 1831 1376 καὶ
1843 1350 1868 1376 εί

1080 1393 1166 1426 ὅντως
1191 1394 1289 1430 γυμνῷ
1313 1395 1353 1430 τῷ
1380 1396 1514 1432 κριτηρίῳ
1537 1395 1642 1423 ἑαυτῶν
1661 1396 1745 1432 χωρὶς
1769 1395 1869 1427 παντὸς

1081 1439 1268 1474 προσπαθοῦς,
1288 1441 1334 1466 καὶ
1358 1440 1525 1473 ἀντιπαθοῧς
1550 1441 1780 1476 ἑπισκοτίσματος
1799 1440 1867 1476 ἀλη-

1082 1482 1200 1519 θέστερα
1213 1484 1360 1520 κρίνωμεν,
1378 1485 1425 1512 καὶ
1435 1484 1618 1521 εὐλογώτερα,
1631 1485 1679 1513 καὶ
1694 1485 1868 1521 ίσχυρότερα.

1081 1530 1129 1556 καὶ
1152 1530 1295 1567 σοερώτερα
1315 1531 1350 1558 τὰ
1374 1531 1439 1567 παρ’
1454 1531 1544 1559 αὐτῶν
1564 1533 1589 1559 οἳ
1607 1532 1693 1559 τοτσδε
1711 1534 1769 1564 τοῖς
1788 1532 1869 1559 ἔναν-

1080 1574 1150 1607 τίοις
1169 1577 1235 1611 ἡμῖν
1257 1578 1461 1614 προσκείμενοι.
1479 1577 1572 1610 Οὕτως
1594 1578 1740 1613 τολμῶμεν
1766 1578 1879 1612 λέγειν,-

1079 1621 1118 1653 tia;
1129 1622 1154 1648 εί
1169 1623 1217 1649 καὶ
1231 1623 1326 1655 κακῶς
1340 1623 1426 1650 ταῦτα
1442 1625 1542 1651 ἐκεῖνοι
1562 1625 1686 1660 φρονοῖεν
1705 1625 1730 1650 οἱ
1745 1632 1869 1651 συκαπα-

1081 1668 1193 1703 γόμενοι
1203 1669 1307 1701 αὐτοῖς,
1321 1669 1367 1696 διὰ
1380 1669 1411 1696 τὺ
1426 1669 1499 1703 δόξαι
1513 1669 1618 1702 τούτοις
1634 1669 1868 1706 θεοπρεπέστερον

1081 1711 1152 1740 εἶναι
1178 1713 1266 1750 δόγμα
1291 1715 1322 1742 τὸ
1346 1716 1406 1742 κατ’
1421 1716 1529 1749 αὐτοὺς,
1555 1717 1586 1743 οὐ
1618 1715 1869 1752 κατακριθήσονται

1081 1759 1212 1787 ἀσέϐειαν
1239 1761 1269 1788 ἐν
1294 1761 1398 1797 ἡμέρᾳ,
1421 1762 1466 1788 ὅτι
1487 1763 1576 1798 κρινεῖ
1592 1763 1606 1789 ό
1622 1762 1689 1794 Θεὸς
1705 1762 1739 1790 τὰ
1758 1761 1870 1797 κρυπτὰ

1081 1807 1135 1833 τῶν
1162 1806 1291 1842 καρδιῶν.
1316 1817 1326 1834 ι
1345 1807 1408 1834 Ἐὰν
1421 1808 1486 1844 γὰρ,
1505 1809 1598 1843 φησὶν,
1612 1808 1767 1845 ἔμπροσθεν
1784 1808 1869 1836 αὑτοῦ

1081 1853 1221 1887 πείσωμεν
1237 1853 1287 1884 τὰς
1304 1853 1420 1888 καρδίας
1441 1854 1528 1889 ἡμῶν,
1548 1854 1596 1881 καὶ
1622 1855 1638 1890 ἡ
1669 1855 1768 1891 καρδία
1791 1855 1870 1890 ἡμῶν

1080 1897 1275 1933 καταγινώσκῃ
1289 1897 1378 1933 ἡμῶν,
1392 1898 1407 1924 ό
1421 1898 1488 1930 Θεὸς
1504 1898 1605 1934 μείζων
1619 1899 1679 1927 ἐστὶ
1694 1900 1743 1935 τῆς
1756 1899 1870 1935 καρδίας

1081 1941 1170 1978 ἡμῶν,
1187 1942 1234 1969 καὶ
1253 1942 1383 1977 γινώσκει
1406 1943 1504 1971 πάντα.
1520 1953 1528 1970 ι
1546 1944 1577 1970 Et
1589 1944 1617 1971 δὲ
1630 1946 1645 1972 ὁ
1668 1944 1718 1979 μὲν
1732 1945 1782 1980 τῆς
1801 1945 1868 1981 “rp

1080 1987 1157 2020 θείας
1175 1988 1261 2022 Λόγος
1279 1989 1437 2025 φαιδράζων
1463 1990 1560 2017 ἑαυτὸν
1583 1991 1770 2018 ἐπιδείκνυσιν
1784 1993 1867 2026 ἡμῖν-

1079 2035 1159 2070 ὴμείς
1173 2034 1201 2061 δὲ
1216 2043 1279 2067 τους
1292 2044 1322 2062 τε
1336 2035 1491 2070 ὀφθαλμοὺς
1507 2036 1681 2072 καμμῦομεν,
1697 2037 1808 2069 καὶτοῖς
1818 2038 1870 2064 ὠσὶ

1080 2079 1185 2115 βαρέως
1202 2079 1339 2114 ἀκούομεν
1363 2079 1447 2107 αὑτοῦ
1464 2080 1712 2115 ὲθελοκωφοῦντος,
1733 2083 1781 2108 καὶ
1801 2082 1869 2108 ἀπο-

1079 2125 1253 2161 στρεφόμεθα
1263 2126 1354 2158 αὐτδν,
1367 2126 1452 2158 ὅντως
1468 2127 1568 2159 παντὸς
1583 2128 1682 2164 θρήνου
1696 2127 1788 2160 ἀξίους
1802 2129 1869 2155 ἐαυ-

1078 2172 1142 2203 τοὺς
1158 2172 1366 2207 καταστήσομεν
1378 2172 1427 2207 τὴν
1442 2172 1574 2208 αίσχύνην
1590 2173 1811 2209 τῆςκμελλούσης
1822 2173 1870 2201 ἀλ-

233 2216 310 2243 1ione
324 2220 406 2252 atque
418 2217 495 2244 luctu
507 2218 594 2253 digni,
610 2219 679 2246 nihil
696 2220 773 2247 illum
785 2220 939 2248 verendum
951 2220 1024 2248 diem

1081 2217 1258 2253 λοτριὼσεως,
1271 2218 1319 2244 καὶ
1335 2218 1479 2254 ἀρνήσεως
1501 2219 1631 2254 Χριστοῦ,
1653 2219 1768 2246 ἐνώπιον
1785 2220 1869 2254 ἀγγέ-

234 2261 421 2295 formidando,
433 2270 487 2297 quo
503 2270 596 2291 coram
609 2264 714 2299 angelis
729 2273 760 2292 ac
774 2265 967 2300 potestatibus,
981 2270 1025 2293 to-

232 2303 319 2341 toque
346 2311 483 2336 terrarum
520 2309 588 2337 orbe
616 2310 664 2337 Dei
697 2310 832 2346 judicium
858 2311 995 2339 subeunte
1011 2319 1026 2339 a

231 2352 345 2380 Christo
357 2353 524 2389 rejiciemnr.
543 2355 604 2389 Quo
614 2364 681 2384 sane
695 2356 740 2384 die
753 2357 821 2384 nihil
835 2357 915 2385 nobis
927 2358 1028 2392 prode-

233 2398 284 2430 rit,
300 2406 392 2434 neque
409 2403 535 2428 nostrum
548 2401 575 2428 in
589 2401 788 2430 haeresiarchas
803 2403 957 2438 impensum
970 2407 1028 2431 stu-

232 2443 323 2477 dium,
336 2453 424 2480 neque
434 2446 574 2482 sanguinis
586 2448 722 2483 cognatio.
735 2456 825 2483 neque
834 2448 1022 2480 familiarium,

233 2494 282 2517 ant
295 2490 382 2525 patria
403 2492 576 2520 consuetudo
588 2492 660 2527 (qua
671 2493 783 2528 quidam
796 2493 938 2521 insolubili
951 2494 1023 2522 nodo

263 2567 278 2588 ά
294 2569 396 2597 Ezecb.
425 2577 516 2604 xxxvr,
535 2569 569 2597 20
583 2579 591 2603 ;
622 2569 702 2597 Rom.
716 2578 745 2603 ιι,
759 2569 803 2598 24.
846 2575 859 2589 ε
871 2570 939 2598 Luc.
962 2579 999 2602 vr,
1014 2571 1058 2599 42.

231 2647 346 2684 lusifnit.
360 2653 390 2674 ut
399 2647 426 2674 in
437 2649 496 2684 ejus
504 2647 587 2684 domo
597 2648 762 2676 sacrificium
773 2648 897 2676 oﬂ'erret.
908 2647 1017 2675 Paulin.

231 2685 259 2710 in
275 2683 333 2710 Vita
348 2683 438 2710 Ambr.
454 2691 482 2710 n.
498 2683 541 2710 10.

266 2718 323 2753 (42)
337 2718 451 2753 Vigebat
462 2718 528 2746 etin
543 2718 674 2746 Eeclesiis
684 2717 908 2746 Occidentalibus
918 2719 1019 2747 saeculo

231 2753 315 2779 tertio
341 2761 399 2780 mos
426 2753 546 2788 ponendi
573 2758 711 2781 monetam
743 2754 860 2788 aliquam
882 2754 910 2780 in
940 2761 1020 2781 sacro

230 2788 316 2818 fonte.
335 2795 417 2822 quam
434 2789 573 2821 sacerdos,
586 2789 686 2816 collato
701 2793 883 2817 sacramento.
905 2789 956 2816 sibi
971 2797 1019 2815 su-

230 2829 306 2849 mere
319 2823 433 2850 solebat.
451 2823 538 2857 Quem
566 2831 670 2851 morem
698 2824 838 2851 damnavit
869 2824 1017 2851 concilium

227 2856 442 2893 Elibcritanum,
457 2866 518 2886 can.
548 2859 592 2893 48,
609 2867 643 2887 ne
656 2859 786 2886 sacerdos
809 2859 928 2886 vendere
943 2859 1018 2886 vide-

1074 2263 1139 2295 λων,
1166 2264 1213 2291 καὶ
1240 2264 1382 2297 ἐξουσιῶν,
1408 2265 1510 2296 παντός
1526 2273 1555 2291 τε
1571 2264 1618 2291 τοῦ
1639 2265 1800 2300 κρινομένου
1821 2265 1868 2291 κό-

1076 2319 1157 2345 σμου,
1168 2311 1199 2337 οὐ
1212 2311 1420 2346 προῡπιδόμενοι
1430 2319 1436 2326 ·
1449 2312 1494 2339 ὅτε
1506 2312 1581 2338 οὐδὲν
1598 2313 1672 2347 ἡμᾶς
1683 2313 1786 2347 ὀνήσει,
1804 2312 1867 2339 οὔτε

1075 2359 1091 2392 ή
1111 2357 1180 2392 πρὸς
1199 2358 1261 2389 τοὺς
1276 2358 1457 2393 αἱρεσιάρχας
1472 2357 1657 2392 προσπάθεια,
1673 2357 1735 2385 οὔτε
1752 2359 1769 2393 ἡ
1792 2367 1867 2392 γονι-

1077 2403 1122 2438 κὴ,
1140 2403 1156 2438 ἢ
1172 2403 1277 2438 φιλικὴ,
1290 2403 1307 2438 ἢ
1323 2403 1423 2438 τοπικὴ
1440 2404 1581 2438 συνήοεια,
1596 2403 1664 2439 πρὸς
1676 2404 1724 2439 τὴν
1737 2404 1867 2431 ἁσέῦειαν

1079 2449 1186 2480 ἁλύτως
1199 2449 1275 2480 τινὰς
1295 2442 1546 2484 καταδεσμεύουσα,
1565 2449 1627 2476 οὕτε
1652 2450 1786 2485 πορισμὸς
1800 2458 1868 2484 χρη-

1082 2494 1186 2530 μάτων,
1205 2494 1221 2530 ἢ
1234 2494 1318 2529 κέρδη
1337 2494 1399 2521 τινὰ
1412 2494 1528 2530 βιωτικὰ
1541 2494 1783 2526 δυσαποσπάστως
1795 2495 1867 2529 ἡμᾶς

1074 2653 1161 2690 retur,
1182 2648 1255 2690 quod
1273 2649 1437 2690 ipsegratis
1451 2648 1568 2683 accepit.

1101 2683 1157 2716 (45)
1186 2683 1267 2711 Panis
1282 2682 1411 2711 videlicet
1432 2682 1598 2715 consecrati,
1623 2690 1705 2718 quem
1730 2683 1757 2710 in
1779 2682 1867 2710 frusta

1074 2718 1200 2746 dividere
1223 2723 1251 2746 et
1275 2719 1432 2746 astantibus
1468 2718 1636 2746 distribuere
1673 2723 1866 2746 consueverat.

1072 2754 1159 2788 Cujus
1179 2755 1259 2788 panis
1279 2754 1410 2789 reliquias
1427 2753 1502 2788 quod
1525 2753 1622 2780 nefarii
1639 2753 1751 2788 quidam
1775 2760 1866 2789 sacer-

1073 2787 1152 2830 dotes
1167 2787 1291 2830 pecunias
1306 2787 1392 2830 gratia
1415 2787 1577 2820 venderent,
1591 2787 1687 2816 hac’de
1702 2796 1732 2816 re
1764 2787 1865 2816 merito

1073 2825 1200 2859 queritur
1219 2824 1353 2852 Leontius
