1963 3077
122 144 187 176 1893

701 139 849 170 CONTRA
869 138 1166 171 MONOPHYSITAS.

1676 141 1745 173 1892

119 202 172 228 ἀπὺ
196 199 245 234 τῆς
268 197 478 232 δειςιδαιμονῐας
502 196 664 231 ποιήσαντα,
682 196 730 222 καὶ
755 196 800 222 rev
821 196 908 231 μέγαν

965 195 988 222 in
1007 195 1147 230 impietate
1160 195 1338 231 detinentur)
1351 217 1358 228 ,
1372 203 1462 231 neque
1477 196 1637 225 divitiarum
1651 202 1741 234 copia,

90 251 94 254 ‘
120 245 253 282 πορισμὸν
273 244 323 279 τὴν
341 244 484 270 εὐσέϐειαν
505 243 574 277 μετὰ
595 241 762 278 αὐταρκείας
783 242 906 277 παριδεῖν

120 292 314 320 ὗποπείσαντα.
337 291 368 317 Οἰ
401 289 455 325 γὰρ
474 289 506 324 δὴ
528 288 719 324 φατριαστικοὶ
738 288 842 324 κρότοι,
860 288 908 314 καὶ

119 339 223 372 ἀγῶνες
257 337 445 370 ἀντιλογικοὶ,
474 335 522 361 καὶ
550 334 685 370 πρόληψις
715 333 908 368 διδασκαλικῆς

120 385 207 417 ἀξίας,
226 382 368 418 φιλοῦντες
387 382 517 416 λέγεσθαι
536 381 619 416 ραὃὸὶ
644 381 721 415 τιαρά
733 380 787 406 τῶν
802 379 908 416 ἀνθρώ-

121 438 188 461 πων,
211 428 258 454 τοῦ
279 427 454 462 οίκτροτάτου
480 426 586 453 ἐκείνου
601 425 779 460 ταλανισμοῦ,
794 426 840 452 καὶ
855 424 908 451 τῶν

118 474 321 509 ὀδυνηροτάτων
341 473 476 507 βασάνων,
499 472 546 498 καὶ
570 471 620 506 τῆς
641 471 681 502 είς
700 471 731 497 τὸ
757 471 852 501 σκότος
878 470 909 496 τὸ

118 519 251 556 ἐξώτερον
267 519 442 555 παραδόσεως
453 517 627 553 ἐξαιροῦνταί
641 515 746 548 τούσδε,
760 516 784 542 οἳ
801 516 831 542 τὸ
850 516 907 550 φῶς

117 567 167 602 τῆς
182 566 313 601 ἀληθείας
327 566 493 600 ἠρνήσαντο,
510 564 558 590 καὶ
575 563 772 598 ηὐδόκησανέν
789 561 828 597 τῷ
846 561 906 588 σκό-

117 619 159 637 τει
172 610 220 637 τοῦ
231 609 355 645 ψεύδους.
372 610 525 644 Εὐάρεστον
539 609 595 643 γὰρ
606 607 666 642 Θεῷ
685 607 715 633 τὸ
731 607 832 638 παντός
845 615 910 641 προ-

120 657 224 683 τιθέναι
239 656 289 691 τὴν
302 655 441 690 ἀλήθειαν,
457 654 504 681 καὶ
518 654 635 688 μάλιστα
651 654 679 679 ἐν
692 654 749 684 τοῖς
765 653 829 687 περὶ
844 652 910 678 Θεοῦ

117 702 202 730 αὑτοῦ
214 704 262 738 τῆς
271 701 410 735 ἀληθείας.
423 699 473 726 Διά
480 699 545 734 γοῦν
553 699 612 725 τόδε
624 699 671 725 καὶ
684 698 763 732 μόνον
784 696 910 732 Ἀδραὰμ

117 747 259 775 Χαλδαίων
273 747 323 782 τὴν
333 746 460 773 ἀσέϐειαν
469 744 629 775 ἀποπτύσας
639 744 710 780 μετὰ
730 743 832 778 πατρὶς
843 763 849 774 ,
865 743 912 769 καὶ

116 793 204 823 οῐκου,
214 791 262 818 καὶ
279 790 449 825 συγγενείας,
468 790 514 817 καὶ
527 789 620 824 φίλων,
637 790 684 815 καὶ
693 788 850 823 χώρας,κα“ι
863 788 914 815 λοι-

118 837 190 869 πῶν,
197 836 389 872 προσεχώρησε
397 837 429 871 τῇ
439 835 572 870 εὐσεϐείᾳ,
581 835 640 869 Θεῷ
647 843 675 861 τε
683 835 730 861 ἐπὶ
739 835 828 869 τούτῳ
839 834 912 869 πρώ-

957 249 1046 276 ueque
1063 242 1201 269 mundana
1215 242 1338 276 quaedam
1352 243 1439 274 lucra,
1455 251 1517 278 qum
1532 251 1582 271 nos
1595 243 1632 271 ita
1647 244 1745 272 devin-

957 287 1043 319 ciunt,
1053 292 1084 314 ut
1092 287 1136 314 vix
1144 296 1176 315 ac
1186 295 1220 315 ne
1234 287 1278 315 vix
1290 288 1401 323 quidem
1418 297 1433 316 a
1442 290 1638 324 superstitione
1652 289 1749 319 divelli

957 334 1105 368 possimus,
1128 338 1155 360 et
1178 334 1307 368 pietatem
1326 335 1439 370 ejusque
1468 337 1568 363 sociam
1579 337 1748 365 moderatio-

958 386 1020 405 nem
1034 378 1185 413 ingentium
1202 379 1338 407 bouorum
1349 380 1452 407 fontem
1466 381 1582 415 rejicere
1599 389 1653 408 non
1668 382 1750 409 dubi-

959 428 1058 451 temus.
1077 423 1136 451 Non
1150 424 1223 451 enim
1241 425 1407 452 familiarum
1424 426 1546 460 plausus,
1564 431 1611 453 aut
1628 432 1747 454 conten-

960 468 1042 495 tionis
1057 468 1159 501 studia,
1175 477 1264 504 neque
1279 477 1350 496 vana
1370 470 1467 504 gloria,
1489 479 1542 505 qua
1556 471 1701 506 magistros
1713 471 1752 499 abl

960 514 1120 541 hominibus
1136 515 1305 549 seappellari
1328 515 1458 549 gaudent,
1484 516 1592 550 eripere
1618 521 1748 551 poterunt

960 561 1076 587 summis
1088 560 1141 588 illis
1152 561 1282 593 miseriis,
1294 561 1489 596 atrocibusque
1501 561 1653 596 suppliciis,
1665 567 1747 598 atque.

960 606 1083 634 tenebris
1109 606 1293 635 exterioribus
1319 607 1445 634 homines
1464 608 1535 640 illos,
1562 609 1608 642 qui
1625 609 1750 637 veritatis

961 652 1062 678 claram
1080 652 1169 679 lucem
1183 656 1354 685 aversantur,
1368 657 1450 688 atque
1461 653 1574 688 gloriam
1587 654 1658 680 inter
1671 662 1733 681 men
1742 670 1750 674 -

962 697 1033 723 dacii
1059 697 1186 724 tenebras
1209 702 1346 731 quaerunt.
1376 698 1432 725 Deo
1449 697 1550 732 quippe
1577 703 1682 733 gratum
1706 703 1749 726 est

964 742 1106 769 veritatem
1122 742 1206 770 rebus
1219 743 1349 770 omnibus
1361 747 1537 778 anteponere,
1554 743 1707 778 praesertim
1721 744 1750 770 in.

964 787 998 815 iis
1016 796 1077 822 quae
1090 792 1215 823 spectant
1227 789 1259 815 ad
1275 789 1361 815 Deum
1374 789 1472 823 ipsum.
1485 789 1541 816 [lac
1555 794 1608 816 una
1621 789 1655 816 de
1667 797 1749 816 causa

963 838 992 861 et
1010 834 1146 861 Abraham
1169 833 1359 862 Chaldaeorum
1389 835 1471 870 impia
1487 835 1618 870 religione
1632 836 1749 871 abjecta,

116 891 157 918 τῳ
171 884 218 909 καὶ
237 883 309 917 μόνῳ
321 883 475 917 ὴγάπηται,
489 880 536 906 καὶ
545 880 724 914 πεφύλακται,
738 880 785 906 καὶ
803 879 910 913 δεδόξα-

966 880 1067 907 relictis
1094 880 1178 907 rebus
1207 880 1347 913 omnibus,
1375 885 1462 916 patrc,
1496 881 1588 913 domo,
1613 882 1749 917 cognatis,

118 937 193 959 σται,
215 928 263 953 καὶ
289 926 487 962 πεπλὴθυνται.
506 925 611 956 Παῦλος
631 925 659 951 δὲ
683 926 698 951 ό
715 925 863 956 ἀπόστολος
879 925 909 951 a-

117 982 180 1000 τινα
200 971 234 1007 ἦν
257 973 333 1008 αὖτῷ
354 972 449 1007 κέρδη,
473 972 562 998 πάντα
586 971 710 998 σκύϐαλα
736 971 858 1006 ἡγήσατο
875 970 908 997 δι’

117 1020 196 1045 οἱδὲν
213 1020 321 1054 ἕτερον,
346 1019 389 1045 ἵνα
412 1019 529 1053 Χριστὸν
552 1018 686 1054 κερδανεῖ.
703 1018 758 1044 Καὶ
775 1019 800 1043 οἱ
820 1017 909 1044 λοιποὶ

118 1065 220 1097 πάντες
230 1065 259 1098 ἒξ
279 1065 428 1099 Ἑλλήνων,
439 1064 487 1091 καὶ
502 1063 692 1098 Σαμαρειτῶν,
706 1063 754 1089 καὶ
773 1063 910 1089 Ἰουδαίων

119 1112 210 1137 πιᾱτοὶ
225 1110 298 1145 ἀγιοι
306 1109 436 1141 ὡσαύτως
450 1109 543 1144 ἔσχον·
560 1118 569 1134 ‹
587 1108 616 1135 'U
630 1109 683 1144 γὰρ
695 1108 731 1143 μὴ
743 1108 909 1142 ἀρνούμενος

119 1157 238 1193 πατέρα,
254 1156 300 1182 καὶ
313 1156 416 1191 μητέρα
431 1156 477 1181 καὶ
494 1155 636 1188 ἀδελφοὺς,
654 1155 701 1180 καὶ
722 1153 850 1187 ἀδελφὰς,
864 1153 910 1179 καὶ

119 1203 213 1232 τέκνα,
230 1201 276 1227 καὶ
289 1201 402 1236 ἀγροὺς,
418 1201 463 1226 καὶ
482 1200 580 1232 οἰκίαν,
593 1199 632 1226 ἔτι
647 1199 675 1225 δὲ
691 1199 735 1226 καὶ
750 1199 798 1234 τὴν
814 1198 910 1225 ἑαυτοῦ

118 1247 208 1282 ψυχὴν
221 1247 314 1273 ἕνεκεν
326 1245 404 1281 ἐμοῦ,
419 1247 466 1272 οὐκ
480 1246 536 1272 ἐστι
553 1254 604 1281 μου
619 1245 703 1277 ἄξιος,
716 1254 725 1270 ι
737 1245 817 1279 φησὶν
827 1244 840 1270 ό
853 1244 910 1270 Κύ-

120 1301 188 1328 ριος.
199 1293 252 1319 Καὶ
265 1293 302 1328 μή
312 1301 353 1323 τις
360 1291 554 1326 διαλογιζέοθω
563 1292 664 1325 λέγων·
674 1291 743 1317 Ἀλλ’
751 1291 801 1325 οὐχ
813 1291 829 1325 ὴ
842 1291 912 1316 κατά

119 1340 169 1370 τὰς
189 1339 308 1375 αἱρέσεις
331 1338 445 1371 διένεξις
465 1337 532 1372 πρὸς
552 1337 602 1373 τὴν
621 1336 775 1372 ὀρθοδοξίαν
787 1337 818 1361 οὐ
834 1336 911 1361 τόσον

119 1385 273 1419 διέστηκεν,
289 1384 326 1415 ὡς
344 1385 361 1419 ἡ
382 1383 535 1415 Χαλδαίων,
554 1383 601 1409 καὶ
622 1381 767 1417 Ἐϐραίων,
783 1381 830 1407 καὶ
850 1380 911 1407 Ἐλ-

121 1429 211 1464 λήνων
229 1428 342 1456 ἀσέϐεια
367 1429 418 1463 τῆς
446 1427 565 1463 ἀληθοῦς
594 1428 722 1458 πίστεως,
743 1427 786 1453 ἵνα
810 1425 912 1461 ὁμοίως

121 1476 215 1506 αὐτοῖς
238 1473 432 1509 ἀλλατριωθείη
447 1473 501 1500 ἀπὸ
517 1473 636 1508 Χριστοῦ
658 1473 673 1498 ὁ
696 1473 759 1506 περὶ
782 1471 865 1506 μέρος
881 1479 908 1497 τι

121 1520 172 1555 τῆς
195 1519 278 1554 ὀρθῆς
300 1519 420 1550 πίστεως
436 1518 517 1553 μόνον
527 1517 650 1544 ἀπειθῶν
671 1517 710 1552 τῷ
723 1517 797 1552 λόγῳ
807 1525 815 1532 ι
827 1517 841 1542 ό
856 1517 910 1551 γὰρ

121 1565 239 1599 σμικρόν
250 1572 276 1590 τι
291 1564 385 1599 μόριον
400 1562 525 1590 ὁπωσοῦν
537 1562 730 1593 εὐσεϐείαςτοῦ
746 1561 826 1596 λόγου
837 1569 910 1596 παρ-

121 1610 194 1645 ορῶν
228 1609 272 1636 διὰ
296 1608 486 1644 πῳσπάθειαν
509 1608 606 1642 ἄλογόν
631 1616 702 1638 τινος
729 1607 825 1640 ἑτέρου
863 1606 911 1633 καὶ

123 1656 280 1692 συνήθειαν,
293 1655 371 1690 δῆλός
392 1656 478 1687 ἑστιν,
493 1654 532 1686 ὡς
549 1654 597 1680 καὶ
613 1655 675 1680 ὅσον
688 1653 810 1679 εὐσεϐεῖν
825 1653 909 1684 δοκεῖ,

122 1702 182 1729 οὐδὲ
197 1702 275 1728 τοῦτο
290 1701 319 1733 ἐξ
342 1701 473 1736 αἱρέσεως
490 1700 603 1732 οἰκείας,
619 1699 687 1726 ἀλλὰ
702 1699 756 1726 ἀπὸ
773 1699 911 1734 συμϐεϐη-

123 1741 212 1774 κότων
229 1746 331 1780 γονέων
353 1747 369 1781 ἦ
397 1746 498 1778 τόπων,
514 1745 531 1781 ἦ
546 1745 630 1780 φίλων
650 1745 826 1781 παραδόσεως
843 1744 911 1777 ἕξει·

121 1792 161 1824 ὼς
191 1792 270 1827 εἴπερ
299 1792 345 1819 καὶ
367 1792 527 1827 Μανιχαίων
547 1791 651 1826 ἔτυχεν,
681 1791 698 1825 ἢ
731 1790 912 1826 Ἑλλήνων,ἢ

129 1837 266 1873 Ἐϐραίων
290 1838 345 1869 uia;
371 1835 450 1869 εἶναι,
475 1837 491 1873 ἢ
512 1836 636 1874 φίλος,ἢ
669 1836 802 1867 σύνοικος.
826 1835 915 1874 πολλῷ

124 1884 228 1918 μᾶλλον
250 1883 283 1910 ἂν
310 1883 513 1918 ἀπειθεστέρως
537 1873 653 1909 διέκειτο
677 1883 746 1918 πρὸς
773 1881 823 1917 τὴν
847 1873 915 1917 ἀλή-

123 1934 216 1960 οειανο
237 1933 318 1968 εἴπερ
338 1933 393 1967 γὰρ
419 1933 510 1966 ὀλίγον
545 1931 671 1966 ἀφεστὼς
695 1931 726 1958 οὺ
755 1930 917 1965 προστρέχει

122 1980 172 2006 καὶ
187 1979 351 2007 καθέλκεται
365 1980 399 2014 τῇ
417 1978 541 2014 ἀληθείᾳ,
558 1978 653 2004 πλεῖον
667 1976 830 2011 διεοτηκὼς,
849 1976 917 2010 μᾶλ-

122 2025 169 2051 λον
181 2024 214 2051 ἂν
227 2024 367 2056 ἀσπόνδως
379 2023 434 2059 εἶχε
451 2024 520 2057 πρὸς
537 2023 631 2058 αὑτήν.

960 926 1056 953 amicis
1075 930 1102 953 et
1120 926 1231 962 regione
1260 927 1329 961 ipsa,
1345 931 1434 954 totum
1455 934 1514 955 sese
1541 927 1636 962 pietati
1663 927 1750 959 dedit,

960 971 1043 1006 idque
1070 972 1241 1007 potissimum
1269 973 1296 999 in
1317 980 1399 1000 causa
1435 972 1497 1005 fuit,
1518 981 1595 1000 cura
1613 974 1669 1001 Dco
1692 974 1752 1008 ipso

960 1018 1040 1045 unice
1051 1017 1221 1053 diligeretur,
1235 1019 1404 1054 summisque
1414 1018 1569 1046 cumulatus
1587 1019 1750 1051 honoribus.

960 1063 1062 1098 ingenti
1091 1064 1242 1092 liberorum
1274 1065 1450 1092 multitudine
1475 1065 1634 1092 donaretur.
1651 1065 1750 1092 Paulus

959 1117 1068 1144 quoque
1082 1110 1189 1137 lucrum
1206 1119 1287 1138 omne
1302 1115 1409 1138 stercus
1419 1111 1507 1144 duxit,
1524 1111 1598 1138 nulla
1616 1118 1681 1138 sane
1698 1110 1752 1138 alia

960 1154 994 1181 de
1008 1163 1090 1182 causa
1104 1156 1157 1183 nisi
1169 1161 1199 1183 ut
1209 1156 1348 1184 Christum
1361 1157 1450 1191 ipsum
1460 1157 1643 1184 lucrifaceret.
1652 1155 1751 1183 Caneri

961 1200 1080 1236 denique
1092 1202 1179 1229 sancti
1195 1210 1258 1229 cum
1272 1202 1370 1234 Graeci,
1383 1207 1440 1229 tum
1456 1202 1574 1235 Hebraei,
1589 1206 1618 1230 et
1630 1202 1749 1229 Samari-

961 1248 1016 1274 tani
1037 1255 1132 1276 omnes
1152 1249 1248 1276 eodem
1271 1249 1353 1276 modo
1372 1248 1462 1276 ali‘ecti
1480 1248 1602 1276 fuerunt.
1621 1259 1630 1273 ι
1645 1248 1751 1276 Etenim

961 1295 1006 1327 qui
1020 1302 1071 1320 non
1082 1294 1205 1328 abnegat,
1221 1294 1259 1321 ait
1281 1294 1425 1327 Dominus,
1441 1297 1555 1329 patrem,
1581 1297 1605 1320 et
1625 1298 1749 1326 matrem,

961 1341 985 1363 et
1000 1338 1107 1372 fratres,
1132 1342 1156 1364 et
1170 1346 1284 1369 sorores,
1299 1342 1324 1364 et
1342 1337 1422 1372 ﬁlios,
1445 1342 1470 1364 et
1484 1346 1572 1373 agros,
1588 1342 1613 1364 et
1631 1338 1750 1369 domum,

962 1387 987 1410 et
1001 1391 1078 1410 suam
1091 1384 1173 1418 ipsius
1197 1384 1316 1410 animum
1332 1389 1439 1418 propter
1451 1392 1503 1414 me,
1527 1391 1579 1411 non
1592 1387 1630 1410 est
1655 1391 1696 1410 me
1713 1383 1753 1410 di-

961 1437 1038 1464 gnus.
1053 1429 1146 1463 Neque
1163 1429 1237 1456 dicat
1254 1430 1315 1464 quis
1331 1429 1523 1457 haereticorum
1549 1429 1674 1464 dogmata
1695 1437 1752 1456 non

963 1475 999 1502 ita
1024 1475 1158 1502 dissidere
1180 1476 1214 1502 ab
1242 1480 1317 1503 recta
1334 1475 1398 1508 ﬁde,
1426 1475 1658 1510 quemadmodum
1669 1474 1754 1503 Chal-

964 1519 1087 1546 daeorum
1124 1520 1260 1554 impietas,
1273 1525 1301 1547 et
1334 1520 1510 1548 Hebraeorum
1538 1520 1757 1554 Graecorumque

963 1565 1078 1592 dissidet
1092 1572 1106 1592 a
1122 1571 1196 1593 recta
1212 1566 1315 1593 Christi
1341 1566 1463 1593 ﬁdelium
1486 1566 1640 1602 religione;
1659 1567 1754 1601 proin-

964 1610 1056 1645 deque
1068 1611 1145 1646 sequi
1161 1619 1213 1639 nec
1230 1612 1327 1639 eodem
1345 1612 1427 1639 modo
1444 1620 1499 1647 quo
1522 1613 1640 1648 gentiles
1662 1612 1757 1639 desci-

963 1661 1073 1688 verunt,
1104 1657 1258 1685 desciscere
1275 1666 1290 1685 a
1310 1658 1420 1685 Christo
1436 1666 1510 1690 eum,
1531 1658 1577 1693 qui
1598 1665 1652 1685 una
1674 1662 1754 1692 parte

965 1702 1096 1729 duntaxat
1125 1710 1139 1729 a
1168 1707 1243 1730 recta
1283 1703 1504 1731 Christianorum
1538 1703 1590 1731 flde
1619 1703 1751 1731 deﬂectit.

966 1748 1033 1775 Nam
1046 1748 1093 1782 qui
1107 1748 1217 1783 pietatis
1227 1753 1332 1783 partem
1346 1757 1427 1776 unam
1439 1749 1481 1777 vel
1502 1749 1642 1776 minimam
1657 1749 1753 1781 violat,

967 1797 997 1820 ut
1007 1793 1155 1820 absurdam
1168 1793 1287 1828 aliquam
1299 1794 1452 1821 doctrinam
1464 1799 1511 1822 aut
1524 1795 1755 1822 consuetudinem

967 1844 1110 1874 sequatur,
1135 1838 1278 1866 manifeste
1302 1839 1433 1870 declarat.
1460 1848 1489 1867 se
1501 1848 1536 1868 ne
1552 1840 1619 1868 illud
1643 1841 1754 1875 quidem

968 1887 977 1919 (
996 1885 1024 1912 in
1041 1893 1097 1920 quo
1125 1885 1241 1912 maxime
1263 1885 1308 1919 pie
1342 1885 1447 1912 sentire
1479 1885 1607 1915 videtur)
1627 1887 1754 1921 amplecti

966 1935 1066 1966 sponte
1086 1931 1212 1962 ductum,
1229 1930 1276 1957 sed
1297 1934 1346 1957 aut
1360 1935 1518 1965 parentum,
1539 1935 1586 1958 aut
1598 1931 1753 1966 regionum.

967 1976 1010 2004 vel
1027 1977 1178 2003 amicorum
1203 1976 1425 2003 institutionibus
1449 1977 1597 2004 irretitum.
1619 1977 1755 2009 Quocirca

967 2021 1014 2056 qui
1036 2021 1083 2048 tali
1108 2021 1190 2048 modo
1210 2020 1325 2048 atl‘ectus
1344 2025 1396 2052 est,
1420 2021 1443 2047 si
1469 2021 1692 2053 Manichaeorum,
1707 2026 1756 2048 aut

121 2069 281 2097 Graecorum
303 2069 514 2096 Hebrmorumve
535 2069 609 2096 titius
628 2067 768 2099 evaderet,
786 2071 834 2094 aut
861 2065 978 2099 amicus,
1003 2071 1050 2093 aut
1066 2066 1217 2097 familiaris,
1235 2066 1315 2101 longe
1350 2067 1436 2102 magis
1463 2075 1546 2102 quam
1567 2067 1617 2102 ipsi
1632 2068 1755 2102 profecto

123 2115 272 2143 veritatem
300 2119 444 2149 sperneret
476 2119 506 2142 et
527 2118 710 2141 aversaretur.
737 2113 765 2140 Si
783 2113 856 2140 enim
874 2120 936 2140 cum
956 2120 1052 2146 parum
1077 2112 1147 2139 absit
1162 2112 1315 2144 averitate,
1339 2120 1399 2140 eam
1417 2117 1507 2140 tamen
1528 2113 1599 2140 haud
1631 2114 1757 2148 sequitur

123 2160 374 2196 amplectiturque;
390 2160 514 2196 profecto
535 2161 558 2187 si
576 2159 684 2194 longius
698 2159 816 2190 abesset,
832 2158 916 2185 etiam
935 2158 1057 2184 animum
1067 2157 1102 2184 ab
1120 2158 1178 2192 ipsa
1191 2158 1306 2184 veritate
1319 2159 1404 2193 magis
1415 2159 1534 2186 alienum
1548 2167 1606 2194 prae
1617 2159 1645 2186 se
1658 2159 1754 2189 l‘erret.

164 2216 174 2232 ι
199 2206 292 2237 Ἀλλὰ,
313 2207 390 2241 φησι,
410 2206 469 2232 κατ’
487 2205 606 2240 δμαυτδν
621 2204 676 2238 ἐγὼ
689 2204 807 2239 νομίζων
826 2212 917 2239 κρειτ-

123 2252 210 2284 τόνως
226 2252 346 2287 φρονεῖν,
361 2251 460 2286 ἔχομαι
473 2250 524 2285 τῆς
539 2251 608 2286 ἐμῆς
620 2249 699 2285 δόξης
710 2249 913 2293 ἀμεταθέτως.)

168 2341 248 2367 Ἀλλά
264 2341 311 2367 καὶ
326 2341 389 2375 περὶ
412 2337 449 2367 ὧν
464 2348 546 2374 φησιν
564 2339 579 2365 ὀ
600 2339 759 2370 Ἀπόστολος
780 2339 914 2365 Ἰουδαίων

125 2387 163 2418 ὡς
176 2387 236 2421 Θεῴ
251 2389 287 2421 μὴ
297 2387 479 2422 ἀρεσκόντων,
497 2386 544 2412 καὶ
558 2386 604 2412 τὸν
620 2385 723 2421 Κύριον
740 2385 914 2419 σταυρωσάν-

125 2441 192 2463 των,
208 2433 331 2461 καὶτοὺς
343 2433 510 2463 ἀποστόλους
524 2431 690 2464 διωξάντων,
705 2431 751 2457 καὶ
767 2431 850 2457 πᾶσιν
866 2432 914 2457 ἀν-

125 2478 248 2513 θρώποις
262 2477 457 2507 ἀπειθούντων,
471 2477 545 2511 ὅμως
558 2476 640 2502 τοῦτο
657 2477 795 2507 κάκείνοις
810 2484 914 2511 μαρτυ-

126 2525 180 2559 ρεῖ·
199 2523 266 2558 φησὶ
282 2524 335 2558 γάρ
352 2531 389 2557 πη
408 2523 498 2549 πάλιν
514 2521 659 2556 Μαρτιψῶ
675 2522 730 2556 γὰρ
742 2522 854 2554 αὐτοῖς,
873 2522 917 2548 ὅτι

126 2568 220 2603 ζῆλον
241 2569 314 2595 Θεοῦ
336 2569 463 2603 ἔχουσιν
476 2589 484 2600 ,
511 2569 580 2596 ἀλλ’
602 2570 638 2595 οὺ
663 2569 725 2595 κατ’
744 2568 918 2603 ἐπίγνωσιν.

129 2615 203 2650 Ἀρι
215 2612 261 2640 οὖν
276 2614 324 2649 οὐχ
333 2613 427 2645 ἁπλῶς
442 2613 550 2650 ζηλοῦν,
567 2614 634 2640 ἀλλὰ
649 2614 796 2648 ἐπιγνώσει
810 2612 856 2640 τοῦ
874 2613 920 2648 Cr,-

125 2660 259 2695 λουμένου
284 2660 419 2695 δόγματος
435 2660 487 2687 δεῖ,
508 2660 563 2686 Καὶ
576 2660 629 2695 γὰρ
644 2660 692 2686 καὶ
712 2660 787 2686 πᾶσα
809 2659 918 2693 ἄλογος,

126 2707 175 2733 καὶ
185 2707 284 2741 ἄνομος
292 2707 440 2741 παράδοσις
454 2707 501 2733 καὶ
514 2707 609 2737 ἐθνῶν,
623 2706 820 2741 καὶμῐρέσεων,
832 2705 917 2732 οἴεταί

123 2760 153 2778 τι
176 2752 258 2780 καλὸν
281 2753 383 2785 ποιεῖν,
398 2753 492 2787 ὥσπερ
512 2750 559 2779 οὗν
575 2753 623 2778 καὶ
639 2752 878 2788 ἀνθρωποθυσίαιτ

163 2831 170 2849 ῐ
190 2830 285 2858 Matth.
296 2838 351 2862 xxx,
366 2829 411 2856 29.
453 2831 465 2849 ⁸
478 2830 555 2857 Rom.
569 2838 594 2862 κ,
606 2830 623 2856 ‘2

1009 2212 1017 2228 ι
1034 2202 1079 2235 At,
1091 2203 1210 2238 inquies,
1223 2203 1290 2229 mihi
1304 2203 1399 2230 intime
1413 2211 1573 2237 persuasum
1584 2208 1626 2231 est
1641 2205 1755 2235 rectius,

970 2257 1053 2284 quam
1069 2257 1117 2276 VOS
1130 2257 1174 2276 me
1185 2249 1299 2281 sentire,
1314 2253 1460 2283 propterea
1479 2253 1638 2276 constanter
1655 2250 1681 2276 in
1696 2257 1757 2277 mea

968 2295 1105 2323 sententia
1121 2302 1229 2321 maneo.
1246 2304 1255 2320 ›

1003 2341 1103 2368 Verum
1120 2340 1158 2367 ita
1175 2348 1236 2368 sese
1250 2340 1382 2368 habuisse
1399 2345 1428 2368 et
1441 2341 1550 2368 Iudaeos
1568 2341 1648 2376 (quos
1663 2345 1756 2368 tamen

969 2388 1084 2414 atlirmat
1104 2387 1207 2414 Paulus
1232 2386 1381 2421 displicere
1407 2387 1480 2418 Deo,
1501 2391 1583 2422 atque
1608 2385 1757 2413 Dominum

968 2432 1154 2464 cruciﬁxisse,
1167 2436 1195 2459 et
1210 2432 1350 2466 apostolos
1364 2432 1509 2467 persequi,
1525 2436 1552 2459 et
1567 2431 1650 2459 nullis
1666 2431 1757 2459 homi-

969 2487 1035 2505 num
1052 2478 1176 2512 obedire)
1192 2481 1310 2505 testatur
1323 2477 1394 2505 idem
1405 2477 1568 2512 Apostolus,
1582 2477 1628 2504 ubi
1647 2485 1759 2505 rursum

969 2523 1036 2550 dicit
1049 2532 1055 2549 :
1069 2523 1159 2550 Testor
1170 2531 1212 2550 eos
1224 2524 1320 2551 habere
1333 2523 1379 2550 Dei
1390 2523 1486 2556 zelum,
1496 2524 1541 2550 sed
1553 2532 1604 2550 non
1616 2524 1758 2552 secundum

970 2569 1151 2595 discretionem
1165 2569 1187 2595 ε.
1204 2569 1264 2596 Non
1287 2574 1398 2604 oportet
1417 2577 1483 2604 ergo
1502 2570 1582 2596 emcis
1603 2569 1689 2596 oculis
1710 2576 1761 2595 vos

972 2614 1100 2649 amplecti
1115 2615 1241 2650 dogmata
1268 2623 1329 2650 qum
1345 2615 1506 2648 traduntur;
1523 2614 1572 2642 sed
1587 2622 1656 2649 opus
1670 2618 1712 2641 est
1726 2622 1759 2642 ea

973 2660 1145 2694 perpendere
1159 2661 1354 2696 diligenter,et
1366 2661 1488 2695 penitius
1501 2661 1546 2688 illa
1563 2659 1759 2694 introspicere.

971 2705 1068 2733 Omnis
1094 2705 1168 2732 enim
1196 2706 1318 2733 omnium
1346 2707 1469 2741 gentium
1512 2711 1540 2734 et
1566 2705 1760 2733 hmrcticorum

972 2751 1115 2784 doctrina,
1133 2753 1311 2787 quantumvis
1331 2752 1413 2788 impia
1434 2757 1461 2780 et
1480 2752 1614 2785 absurda,
1632 2756 1709 2787 puta:
1726 2763 1757 2782 se
