1963 3077
201 144 267 176 1305

823 142 979 173 LEONTII
1000 141 1202 172 BYZANTINI

1764 136 1836 169 1896

198 199 342 227 continere
362 198 466 226 bonum
487 199 598 234 aliquod
623 197 784 225 institutum
807 207 814 224 :
835 198 900 226 hinc
924 198 991 233 Scy-

1051 198 1147 226 Σκύθαι
1163 197 1365 228 θεοσεϐοῦντες.
1381 196 1445 223 Δέον
1461 196 1514 232 ἆρα
1531 195 1568 231 μὴ
1583 195 1706 230 ἀμελεῖν,
1725 195 1774 230 ὅση
1789 195 1837 221 δύ-

199 246 254 273 tba:
267 246 323 280 (44)
334 246 457 273 victimis
469 245 598 274 humanis
609 245 694 272 Deum
708 244 836 277 colendo,
845 244 890 279 pie
903 250 992 272 recte-

199 302 254 329 que
275 301 304 321 se
327 301 409 330 agere
432 292 615 320 arbitramur.
632 291 749 327 Oportet
770 299 836 326 ergo
858 290 991 323 scrutari,

199 344 334 374 quantum
359 339 387 365 in
412 337 493 365 nobis
515 342 573 369 est,
591 340 619 364 et
641 344 767 372 quzerere
788 336 949 367 veritatem.
965 340 994 362 et

199 390 327 413 accurate
345 389 443 411 cuncta
462 382 678 418 perpendenda.
695 387 799 410 rectam
817 382 845 409 in
863 382 994 410 omnibus

199 430 326 466 amplecti
346 429 524 456 sententiam.
539 429 594 455 Nos
612 433 688 456 certe
710 433 739 455 et
754 432 900 463 argentum
919 427 994 455 acci-

199 483 282 511 pere,
306 482 398 509 neque
423 479 527 502 vestem
554 481 646 501 emere
673 473 812 503 solemus.
836 473 890 500 nisi
916 473 995 508 prius

201 527 351 557 utrumque
362 525 492 550 accurate
510 520 791 552 consideraverimus,
803 519 993 555 exploraveri-

200 575 318 602 musque
332 566 555 601 diligentissime.
570 565 650 599 Quod
666 573 728 593 cum
743 565 781 593 ita
795 565 842 597 sit,
854 565 994 600 quotnodo

199 613 379 640 excusatione
401 612 478 647 digni
500 620 562 639 esse
585 612 757 647 poterimus,
776 615 880 638 temere
900 610 995 638 divina

201 659 327 695 dogmata
343 657 537 693 amplectenda
555 657 788 693 proﬁtendoque?
804 657 903 684 Nostra
920 656 994 683 enim

201 703 246 730 his
263 703 291 730 in
307 703 391 730 rebus
408 702 576 738 negligentia
593 701 798 737 quodammodo
815 702 916 729 clamat
931 701 994 728 nul-

201 749 257 777 lius
272 749 406 776 momenti
421 756 494 780 esse.
510 757 572 784 quae
589 749 731 776 credimus
745 747 778 775 de
793 747 905 775 Christo
920 748 995 783 ejus-

201 803 256 830 que
276 795 380 829 gratia,
395 803 441 830 per
456 803 537 830 quam
560 795 650 822 multae
671 799 694 822 et
713 795 836 822 maxima:
856 794 946 826 nobis,
965 798 996 821 ut

202 841 336 875 scriptum
347 845 400 872 est,
410 841 596 876 promitsiones
605 840 682 875 facta:
692 844 753 868 sunt
762 841 786 873 ιι,
796 844 879 875 atque
890 845 996 868 natum

1046 253 1139 280 ναμις,
1157 245 1205 271 καὶ
1220 244 1335 279 ὲρευνᾷν
1358 242 1407 278 τὴν
1421 242 1559 277 ἀλήθειαν,
1583 241 1631 268 καὶ
1653 242 1742 268 πάντα
1762 241 1838 267 δοκι.-

1047 289 1185 324 μάζοντας
1196 309 1203 320 ,
1230 289 1261 315 τὺ
1286 287 1368 315 καλὸν
1387 287 1515 323 φρόνημα
1531 287 1670 322 κατέχειν·
1686 285 1714 312 οἴ
1731 294 1762 320 γε
1776 286 1837 313 οὐδὲ

1046 333 1180 369 ἀργύριον
1205 333 1391 369 λαμϐάνομεν,
1408 332 1424 367 ἢ
1447 332 1554 366 ἱμάτιον
1572 331 1728 366 ὠνούμεθα,
1749 332 1773 357 εί
1799 331 1837 366 μὴ

1046 379 1232 414 δοκιμασίαις,
1249 378 1294 404 καὶ
1308 377 1462 412 πυρώσεσι,
1483 377 1530 403 καὶ
1545 376 1707 408 ἑπιδεὶξεσιν
1721 376 1760 407 εἰς
1776 375 1837 402 ἐτέ-

1051 433 1112 460 ρους
1131 424 1260 455 πλειόνως
1281 423 1348 450 αὐτὸ
1373 423 1564 458 βασανίσωμεν.
1583 421 1644 453 Πῶς
1665 420 1712 448 οὖν
1732 419 1838 455 εὔλογοι

1047 468 1121 506 ὦμεν
1136 469 1280 506 ἀτημελῶς
1297 469 1347 505 τὴν
1363 469 1438 495 θείαν
1460 467 1538 500 δόξαν
1561 467 1789 503 προσδεχόμενοι;
1807 467 1838 494 τὸ

1048 517 1101 552 γὰρ
1119 517 1147 543 ὲν
1163 517 1268 547 τούτοις
1283 515 1463 552 ἀφρόντιστον
1475 514 1513 546 ὡς
1531 514 1582 541 οὐκ
1597 513 1736 548 ἀξιόλογόν
1748 522 1774 541 τι
1788 514 1839 539 oio-

1049 564 1149 598 μένους
1171 564 1246 598 ἡμᾶς
1269 562 1319 598 τὴν
1336 562 1386 596 τῆς
1405 561 1524 593 πίστεως
1544 561 1662 596 Χριστοῦ
1684 561 1776 596 χάριν,
1791 561 1839 586 καὶ

1049 609 1182 644 ἀλήθειαν
1204 601 1362 641 διαϐάλλει,
1391 608 1429 635 δι’
1452 605 1489 642 ἧς
1507 607 1581 642 ἡμῖν
1603 607 1639 634 τὰ
1659 607 1734 640 πρὸς
1762 605 1840 638 ζωὴν

1049 655 1149 681 πάντα
1176 655 1212 681 τὰ
1230 654 1294 682 θεῖα
1321 654 1369 681 καὶ
1382 654 1511 689 μέγιστα
1527 652 1736 688 ἐπαγγέλματα
1750 651 1839 679 δεδώ-

1045 710 1145 736 ρηται,
1160 701 1198 734 ὡς
1211 701 1328 736 εἴρηται,
1341 701 1413 736 καὶή
1425 700 1493 736 πρὸς
1502 701 1551 735 τὴν
1563 699 1638 727 θείαν
1651 699 1733 734 φύσιν
1746 699 1840 730 ἁπλῶς

1049 747 1190 773 κοινωνία.
1217 747 1299 773 Ὅσον
1312 744 1359 773 οὖν
1373 747 1447 773 ἐστιν
1462 746 1564 780 ἀγαθὸν
1585 746 1601 781 ἡ
1617 745 1838 780 ἁκραιφνεστάτη

1050 791 1186 824 εὐσέϐεια,
1201 792 1248 819 καὶ
1269 791 1331 818 ὅσον
1349 791 1432 819 κακὸν
1454 792 1471 826 ή
1489 791 1617 818 ἀσέϐειαί
1646 791 1695 826 τῆς
1720 790 1775 825 γὰρ
1799 791 1840 822 εἰς

1050 837 1140 864 diem
1158 837 1295 873 ἁμαρτίαν
1310 838 1530 872 ὲγκαταλείψεως
1543 838 1594 863 ὑπὸ
1607 836 1674 864 Θεοῦ
1685 837 1760 863 αἰτία
1773 837 1840 872 ἡμῖν

203 886 303 914 divinae
324 886 474 922 participes
495 886 609 913 omnino
628 884 692 913 fieri
711 885 886 913 conceditur.
903 885 995 919 Quan-

1051 883 1118 919 αὕτη
1142 884 1201 910 ἐστὶ
1223 884 1302 920 μόνη.
1328 884 1410 920 Δηλοῖ
1430 884 1444 910 ὁ
1469 883 1574 918 λέγων,
1595 882 1649 910 Kal
1665 882 1762 914 καθὼς
1784 882 1839 908 οὐκ

203 935 260 958 tum
278 939 345 966 ergo
363 931 428 958 boni
446 938 502 966 pra:
519 938 548 958 se
563 930 618 958 fert
635 930 746 958 sincera
763 931 869 965 pietas;
888 935 995 958 tantum

203 976 329 1011 profecto
351 976 417 1003 mali
436 977 559 1004 continet
576 977 705 1012 impietas
722 977 748 1004 ei
765 978 913 1005 contraria.
932 977 995 1005 llaec

203 1022 279 1050 enim
293 1023 350 1049 sola
364 1022 392 1048 in
407 1030 488 1050 causa
503 1022 584 1050 nobis
599 1026 651 1054 est,
664 1030 713 1049 cur
724 1030 738 1049 a
752 1023 809 1050 Deo
823 1022 994 1056 deﬁciamus,

203 1070 232 1093 ct
258 1067 286 1093 in
311 1074 393 1094 omne
419 1071 596 1101 peccatorum
619 1075 707 1103 genus
731 1067 906 1100 delabamur,
926 1072 996 1096 teste

203 1111 352 1151 Apostolo,
369 1112 416 1147 qui
432 1113 470 1140 ait
487 1121 494 1139 :
512 1111 731 1147 Quandoquidem
749 1122 800 1140 non
817 1113 995 1148 probaverunt

203 1158 297 1184 habere
311 1157 394 1185 Deum
409 1159 436 1185 in
450 1158 556 1190 notitia,
571 1159 682 1186 tradidit
699 1159 759 1186 illos
776 1159 844 1186 Deus
859 1160 888 1187 in
903 1167 995 1194 repro-

203 1204 263 1230 bum
274 1212 391 1235 sensum,
404 1209 432 1232 ut
449 1204 551 1239 faciant
565 1213 595 1232 ea
613 1213 672 1241 qua:
688 1214 738 1232 non
755 1207 911 1233 conveniunt
926 1206 950 1238 ἱ;
969 1209 998 1232 et

202 1257 265 1285 quae
282 1250 413 1286 deinceps
432 1256 626 1278 recensentur.
643 1252 706 1279 [lare
723 1251 872 1287 Apostolus
891 1251 924 1278 de
944 1251 996 1278 imv-

202 1295 306 1331 pietate
323 1305 329 1323 :
347 1296 381 1324 de
396 1297 497 1331 pietate
514 1304 580 1324 vero
595 1297 621 1323 in
634 1297 749 1332 epistola
765 1297 798 1324 ad
817 1297 994 1324 Timotheum

203 1340 243 1368 ait
266 1351 273 1369 :
295 1342 531 1381 Exercejeipsum
557 1343 591 1370 ad
613 1344 736 1378 pietatem
760 1352 768 1370 :
793 1344 847 1370 lucc
869 1344 939 1370 enim
962 1343 997 1369 ad

1048 928 1237 962 ἐδοκίμασαν
1253 928 1308 956 τὸν
1325 929 1400 955 Θεὸν
1421 928 1504 963 ἔχειν
1518 929 1554 955 ἐν
1572 927 1744 962 ἐπιγνώσει.
1767 934 1840 961 παρ-

1049 973 1163 1001 έδωκεν
1175 974 1288 1007 αὐτοὺς
1305 976 1321 1001 ό
1339 974 1409 1006 Θεὸς
1422 976 1466 1006 εις
1477 974 1624 1009 ἀδόκιμον
1640 974 1726 1007 γοῦν,
1744 974 1841 1000 ποιεῖν

1049 1019 1085 1046 τὰ
1101 1019 1145 1054 μὴ
1166 1019 1348 1053 καθήκοντα,
1371 1020 1448 1047 ἅτινα
1479 1020 1543 1055 ἑξῆς
1570 1020 1770 1055 κατηρίθμησε.
1786 1019 1841 1047 Καὶ

1049 1066 1113 1092 τάδε
1132 1066 1183 1101 μὲν
1198 1064 1244 1093 οὖν
1261 1068 1397 1102 μαρτυρεῖ
1409 1068 1443 1102 τῇ
1462 1066 1589 1102 ὰσεῦείᾳ·
1606 1069 1671 1101 περὶ
1685 1066 1713 1093 δὲ
1728 1067 1777 1101 τῆς
1797 1067 1840 1093 εὑ-

1051 1111 1160 1143 σεσείας
1186 1113 1253 1148 φησὶ
1277 1112 1347 1148 πρὸς
1368 1111 1501 1147 Τιμόθεον
1516 1132 1524 1144 .
1547 1112 1683 1147 Γύμναζε
1710 1112 1841 1139 σεαυτὸν

1047 1158 1122 1191 ,πρὸς
1137 1157 1316 1185 εὐσέϐειαν¹
1355 1158 1374 1192 ἡ
1402 1159 1454 1193 γὰρ
1475 1158 1617 1186 ευσέϐεια
1642 1158 1717 1193 πρὸς
1741 1159 1842 1186 πάντα

1045 1203 1132 1230 ἐστὶν
1155 1203 1323 1238 ὠφέλιμος,
1347 1204 1532 1238 ἐπαγγελίαν
1550 1204 1667 1239 ἔχουσα
1685 1203 1770 1238 ζωῆς,
1786 1205 1841 1239 τῆς

1047 1257 1079 1275 τε
1098 1248 1167 1280 νῦν,
1190 1249 1239 1276 καὶ
1258 1249 1312 1282 τῆς
1325 1251 1515 1284 μελλούσης.
1538 1251 1620 1278 Ἀλλά
1640 1260 1666 1277 τι
1684 1251 1731 1278 καὶ
1747 1251 1841 1286 ἕτερον

1047 1295 1151 1321 τούτων
1173 1295 1245 1326 τινὲς
1265 1297 1314 1330 τῆς
1339 1295 1406 1331 πρὸς
1427 1296 1476 1331 τὴν
1501 1296 1631 1331 ἀλήθειαν
1657 1296 1840 1330 ἀνυποταξίας

1049 1342 1191 1368 ποιοῦνται
1206 1342 1354 1377 δικαίωμαο
1374 1351 1439 1377 φασι
1457 1343 1523 1378 γὰρ,

203 1388 293 1415 omnia
307 1387 378 1414 utilis
391 1393 440 1420 est,
453 1389 651 1423 promissionem
666 1388 763 1416 habent
778 1389 837 1416 vita
851 1397 910 1424 quc
926 1397 996 1415 nunc
1015 1391 1063 1420 est,
1076 1392 1099 1414 et
1119 1388 1215 1422 futura:
1228 1394 1250 1415 1.
1283 1388 1337 1416 Sed
1373 1389 1437 1426 aliis
1448 1389 1552 1425 justam
1568 1397 1680 1417 causam
1697 1395 1725 1417 et
1739 1389 1840 1424 proba-

204 1434 288 1462 bilem
313 1434 447 1460 rationem
473 1434 576 1462 afferre
599 1439 746 1468 conantur,
765 1443 814 1462 cur
836 1443 853 1462 a
875 1435 993 1462 veritate
1013 1434 1202 1461 desciverunt.

244 1489 252 1506 ι
277 1478 438 1513 Quomodo,
455 1480 602 1514 inquiunt,
619 1480 675 1507 Deo
697 1488 753 1507 non
774 1480 883 1516 placere
906 1483 998 1515 potest

204 1533 300 1553 eorum
322 1525 464 1557 doctrina,
481 1526 553 1561 apud
571 1534 641 1560 quos
661 1526 766 1554 inventi
786 1530 851 1554 sunl
872 1527 997 1554 nonnulli

205 1574 264 1598 tum
288 1571 316 1598 in
340 1571 410 1598 vivis
437 1575 494 1598 tum
519 1571 547 1599 in
570 1571 709 1599 defunctis
723 1572 770 1607 qui
787 1572 881 1599 eadem
898 1579 930 1599 ac
945 1572 998 1606 ipsi

206 1618 332 1652 dogmata
348 1616 478 1651 amplexi,
494 1617 611 1652 gratiam
628 1621 748 1652 zegrotos
761 1616 890 1648 sanandi,
902 1620 932 1644 et
945 1617 999 1644 alia

206 1662 340 1689 miracula
364 1662 491 1696 patrandi
518 1663 591 1690 nacti
615 1663 696 1690 sunt?
720 1663 902 1698 Perspicuum
926 1663 1000 1690 enim

206 1711 249 1734 cst
261 1707 383 1734 divinam
401 1707 428 1734 in
447 1707 480 1735 iis
498 1712 662 1743 potestatem
680 1709 800 1743 operari,
815 1709 933 1736 maxime
951 1708 999 1743 qui

206 1757 308 1780 rectam
336 1753 500 1788 religionem
526 1755 745 1790 colunt,,atque
768 1759 844 1783 recta
868 1755 999 1791 dogmata

207 1799 387 1834 proﬁtentur.
407 1810 422 1826 ι.

244 1845 352 1878 Quibus
369 1846 570 1880 respondemus
584 1847 610 1874 id
626 1847 660 1874 ad
677 1847 786 1882 plenam
802 1847 841 1874 rei
859 1847 1000 1882 probatio-

207 1899 273 1919 nem
286 1896 418 1919 accurato
431 1892 591 1919 divinorum
606 1893 766 1928 dogmatum
781 1893 961 1928 exploratori,
973 1897 1002 1920 et

206 1937 293 1972 iudici
308 1946 363 1965 non
379 1938 516 1965 sullicere.
533 1939 657 1966 Primum
676 1939 751 1966 enim
769 1946 833 1966 raro
849 1938 922 1973 apud
940 1938 1002 1965 illos

208 1983 260 2010 hoc
272 1982 376 2014 evenit,
390 1991 442 2010 nec
455 1991 489 2010 ex
504 1991 559 2011 una
573 1984 723 2011 hirundine
736 1992 795 2016 ver,
807 1987 838 2010 ut
850 1984 905 2012 dici
919 1984 1000 2016 solet,

207 2025 356 2061 dijudicari
381 2026 475 2054 debet.
498 2027 730 2062 Quandoquidem
753 2033 782 2055 et
801 2027 913 2061 Ariani,
937 2036 1000 2055 cum

207 2071 275 2099 alias
295 2076 394 2104 antea,
419 2077 476 2099 tum
497 2074 580 2100 etiam
604 2073 708 2101 nostris
732 2074 809 2102 hisce
831 2074 1001 2110 temporibus

205 2117 279 2152 apud
296 2117 510 2153 LongobardOS,
524 2123 552 2146 et
567 2119 638 2154 apud
653 2119 751 2147 Persas
764 2119 919 2147 Nestoriani
936 2120 1001 2147 talia

208 2163 341 2191 miracula
358 2169 483 2199 patrant;
498 2165 582 2200 idque
595 2172 649 2192 non
663 2165 696 2192 ad
711 2165 905 2200 probationem
917 2173 1002 2200 pecu~

207 2209 285 2237 liaris
300 2209 422 2244 ipsorum
439 2214 533 2243 sectae,
547 2210 594 2238 sed
613 2211 699 2238 totius
712 2211 877 2239 Christianae
892 2211 1000 2247 religio-

1092 1489 1101 1505 ι
1121 1479 1183 1506 Ὀτι
1203 1480 1263 1512 πῶς
1284 1481 1314 1507 οὐ
1341 1480 1487 1516 ὒεάρεστος
1516 1481 1533 1516 ἡ
1559 1481 1620 1508 κατ’
1645 1481 1743 1512 αὐτοὺς
1765 1481 1839 1515 δόξα,

1051 1525 1115 1552 ἔνθα
1129 1526 1239 1552 καὶτῶν
1253 1526 1362 1559 ζώντων
1376 1527 1404 1554 ὲν
1417 1528 1499 1562 σαρκί
1511 1536 1585 1559 τινες
1599 1528 1692 1560 αὐτοῖς
1705 1528 1840 1563 ὁμόδοξοι,

1011 1585 1033 1616 C
1051 1573 1098 1599 καὶ
1119 1572 1173 1599 τῶν
1195 1573 1439 1609 προκοιμηοέντων
1461 1574 1594 1610 ὤφθησαν
1623 1575 1770 1610 ἰαμάτων,
1794 1576 1842 1602 καὶ

1051 1618 1172 1652 σημείων
1188 1618 1280 1646 θεόθεν
1310 1620 1382 1654 ἔχειν
1395 1620 1425 1646 τὸ
1435 1621 1560 1656 χάρισμα
1571 1629 1579 1654 ;
1592 1621 1671 1655 δῆλον
1687 1621 1741 1656 γὰρ
1759 1621 1797 1652 ὡς
1811 1621 1842 1655 ἐξ

1051 1663 1147 1698 ἀκοῆς,
1165 1665 1212 1691 καὶ
1230 1665 1341 1700 διδαχῆς
1366 1665 1452 1701 ὀρθῆς
1478 1666 1599 1698 πίστεως
1624 1666 1692 1693 Θεοῦ
1718 1667 1747 1693 αἱ
1771 1666 1842 1693 θεῖαι

1051 1708 1183 1744 δυνάμεις
1201 1711 1389 1745 ὲνεργοῦνται.
1410 1721 1418 1736 ι

1090 1843 1160 1877 Πρὸς
1174 1843 1189 1868 ὂ
1202 1842 1321 1874 λεκτέον,
1337 1841 1374 1874 ὡς
1396 1842 1446 1869 οὐκ
1469 1842 1551 1878 ἀρκεῖ
1571 1842 1630 1868 τόδε
1645 1844 1713 1877 πρὸς
1731 1843 1841 1878 ἀσφαλῆ

1053 1887 1240 1923 πληροφορίαν
1260 1887 1298 1923 τῷ
1313 1888 1491 1923 δοκιμωτάτῳ
1517 1887 1571 1914 τῶν
1595 1887 1674 1914 θείων
1698 1887 1843 1922 δογμάτων

1053 1935 1145 1969 κριτῇ·
1163 1933 1272 1969 πρῶτον
1287 1933 1337 1968 μὲν
1358 1934 1413 1969 γὰρ
1434 1933 1620 1968 σπανιώτερον
1633 1933 1748 1969 εὓρηται
1763 1933 1843 1961 τοῦτο

1053 1979 1082 2005 ὲν
1099 1979 1202 2010 αὐτοῖς,
1219 1979 1266 2005 καὶ
1279 1979 1309 2006 οὺ
1325 1980 1357 2006 ὲκ
1373 1980 1439 2014 μιᾶς
1455 1979 1590 2014 χελιδόνος
1605 1979 1636 2006 τὸ
1653 1980 1703 2015 ξαρ
1718 1980 1841 2016 κριτέον·

1052 2024 1141 2056 ἄλλως
1155 2024 1221 2058 γοῦν
1252 2025 1299 2051 καὶ
1321 2025 1455 2060 Ἀρειανοί
1483 2033 1560 2057 ποτε,
1582 2026 1630 2052 καὶ
1652 2026 1734 2061 μέχρι
1749 2025 1797 2054 νῦν
1813 2026 1843 2054 ὲν

1052 2072 1263 2107 Λογγοὸάρδοις,
1277 2073 1324 2099 καὶ
1335 2073 1512 2108 Νεστοριανοὶ
1525 2074 1600 2108 παρὰ
1614 2073 1734 2109 Πέρσαις
1749 2074 1844 2101 ποιοῦ-

1053 2118 1153 2146 σιτάδε
1169 2118 1308 2153 Θαύματα”
1325 2118 1383 2145 ἀλλ’
1393 2119 1443 2145 οὐκ
1458 2120 1498 2150 είς
1515 2119 1670 2155 μαρτυρίαν
1687 2119 1780 2152 ἁπλῶς
1793 2120 1843 2155 τῆς

1053 2164 1112 2190 κατ’
1128 2164 1227 2195 αὐτοὺς
1239 2165 1306 2198 πρὸς
1320 2164 1393 2199 ἡμᾶς
1404 2164 1546 2199 αἱρέσεως,
1563 2163 1631 2190 ἀλλὰ.
1642 2163 1692 2198 τῆς
1707 2164 1761 2191 τῶν
1773 2165 1842 2198 Χρι-

1053 2208 1169 2234 στιανῶν
1186 2208 1315 2239 πίστεως-
1332 2209 1376 2236 οῐα
1392 2209 1435 2240 τίς
1451 2209 1551 2244 ἐστινὴ
1565 2209 1679 2244 δύναμις
1697 2209 1765 2245 πρὸς
1776 2210 1842 2242 τοὺς

208 2254 261 2286 nis,
276 2255 355 2290 cujus
371 2259 474 2289 quanta
488 2255 530 2282 vis
543 2255 580 2282 sit
593 2260 620 2282 et
633 2256 785 2283 auctoritas
799 2256 920 2291 Spiritus
934 2264 997 2284 san-

1051 2254 1140 2288 πάντη
1155 2254 1286 2286 ἀπίστους
1302 2254 1523 2289 ἐπιδεικνυμένου
1537 2254 1583 2280 τοῦ
1598 2254 1768 2289 Πνεύματος.
1778 2255 1841 2282 Ἔτι

200 2305 269 2327 ιοιιιε
282 2301 391 2336 populis
404 2309 419 2328 a
435 2305 510 2328 recta
522 2301 575 2328 fide
588 2309 701 2336 prorsus
716 2302 815 2330 alienis
826 2310 876 2337 per
887 2310 918 2330 ea
932 2311 996 2338 pro-

207 2345 279 2381 digia
296 2344 441 2373 manifeste
459 2345 589 2373 declarat.
604 2347 739 2374 Praeterea
757 2355 829 2382 smpe
843 2347 937 2375 videre
955 2352 997 2375 est

207 2390 311 2417 donum
328 2390 381 2418 hoc
396 2391 528 2419 miracula
542 2392 671 2428 patrandi
686 2400 748 2419 cum
765 2392 825 2420 dari
842 2393 998 2428 promiscue

209 2435 365 2468 nonnullis,
381 2435 543 2463 orthodoxis
565 2437 791 2472 et‘ltctcrodoxis
810 2437 866 2473 (L5)
886 2445 941 2465 non
962 2438 998 2465 ob

209 2480 296 2508 solam
316 2481 438 2516 ipsorum
459 2482 589 2517 pietatem
602 2476 723 2518 ‘(veritas
743 2483 816 2511 enim
838 2484 866 2511 in
888 2489 999 2512 contra-

245 2559 258 2578 ι·
271 2558 280 2586 l
294 2559 368 2588 Petr.
380 2568 399 2593 ι,
411 2561 437 2588 4.
479 2562 485 2581 ¹
501 2561 580 2589 Rom.
595 2562 669 2594 1,28.
710 2567 716 2586 ι
732 2562 825 2590 lTim.
838 2571 874 2596 iv,
885 2563 910 2590 8.

232 2637 308 2678 _(“)
326 2637 382 2666 Nec
402 2639 621 2678 Scythaemodo,
636 2648 732 2668 verum
752 2641 835 2668 etiam
854 2640 1000 2678 Carthagi-

212 2675 338 2710 nienses,
358 2675 609 2710 quosrAgathoclis
633 2680 757 2710 tempore
781 2684 844 2703 cum
870 2675 1001 2710 gravibus

212 2707 394 2745 incommodis
415 2707 612 2745 amigercntur,
630 2707 742 2738 Saturni
766 2707 1000 2745 plaeandigratia

211 2741 346 2780 {lugentes
358 2751 458 2777 pueros
470 2741 622 2773 nobilitatis
637 2745 728 2774 ﬂores.
738 2741 1002 2773 ct‘tercentosvcives

211 2775 242 2815 in
258 2775 454 2815 ﬂainma'suno
473 2787 543 2814 pene
564 2785 704 2807 momento
718 2781 869 2815 conjecisse
886 2785 1000 2808 testatur

213 2810 348 2850 Diodorus
364 2810 534 2850 Siculus-lib.
548 2823 591 2847 xx,
604 2823 632 2850 p.
646 2816 706 2843 756.

249 2844 304 2879 (ιὸ)
322 2846 482 2883 llujusmodi
499 2852 571 2877 cnim
587 2844 681 2886 gratia:
696 2850 780 2887 gratis
795 2850 865 2877 datm
878 2849 905 2877 in
922 2850 1001 2877 scho-

1051 2300 1104 2335 μὴν
1128 2300 1201 2326 ἐστιν
1217 2301 1284 2336 ὀρᾷν
1307 2300 1438 2333 πολλάκις
1463 2300 1610 2335 Θαυμάτων
1630 2300 1788 2335 χαρίσματα
1812 2301 1841 2328 Εν

1050 2355 1122 2373 τισιν
1147 2346 1306 2382 ὀρθοδόξοις
1331 2355 1361 2373 τε
1387 2347 1433 2373 καὶ
1453 2346 1620 2382 ἑτεροδόξοις
1633 2346 1744 2381 ὁμοίως,
1760 2347 1792 2373 οὐ
1807 2347 1842 2374 δι’

1051 2392 1194 2420 εὺσέὃειαν
1216 2393 1307 2428 μόνον·
1324 2393 1340 2428 ἢ
1359 2393 1413 2427 γὰρ
1430 2393 1463 2420 ἂν
1478 2391 1511 2428 ἦν
1527 2394 1556 2418 ἑν
1571 2394 1627 2424 τοῖς
1645 2393 1777 2423 ἐναντίοις
1797 2394 1843 2420 λό-

1053 2447 1122 2472 γοις,
1138 2438 1186 2465 καὶ
1201 2440 1387 2473 ἀντιφατικοις
1398 2440 1414 2473 ἠ
1430 2439 1554 2474 ἀλήθεια,
1571 2438 1639 2465 ἀλλὰ
1656 2438 1700 2465 διὰ
1723 2439 1843 2474 φυσικὴν

1055 2485 1207 2520 ἁπλότητα,
1225 2486 1271 2512 καὶ
1297 2485 1425 2519 ἀτυφίαν,
1445 2485 1543 2520 μᾶλλόν
1571 2494 1600 2512 τε
1620 2485 1770 2520 νηπιότητα
1790 2485 1843 2520 ψυ-

1053 2641 1087 2669 lis
1105 2642 1288 2677 appellantur,
1302 2651 1370 2677 quas
1392 2643 1433 2670 vel
1456 2643 1546 2677 impiis
1565 2643 1703 2670 interdum
1723 2644 1840 2672 concedi

1051 2681 1129 2704 certo
1151 2678 1254 2713 certius
1272 2683 1329 2711 est;
1351 2678 1434 2713 idque
1451 2678 1573 2705 fatentur
1593 2678 1711 2713 theologi
1733 2686 1840 2707 omnes.

1051 2713 1087 2739 At
1101 2720 1135 2739 ex
1153 2712 1204 2739 hoc
1219 2713 1326 2740 Leontii
1344 2712 1405 2740 loco
1423 2712 1566 2740 manifeste
1583 2713 1671 2747 liquet
1685 2712 1841 2741 doctrinam

1053 2747 1125 2774 hanc
1144 2755 1159 2774 a
1180 2748 1277 2782 primis
1298 2749 1428 2775 Ecclesiae
1448 2748 1554 2775 saeculis
1573 2747 1644 2775 tradi
1663 2749 1846 2776 consuevisse

1053 2782 1152 2818 iisdem
1169 2791 1238 2816 pene
1251 2783 1457 2818 verbiqunibus
1473 2782 1592 2818 theologi
1607 2782 1694 2810 nostri
1709 2785 1844 2818 temporis

1052 2817 1205 2852 loquuntur
1220 2827 1225 2844 :
1242 2818 1314 2852 quod
1329 2817 1395 2845 mihi
1413 2823 1506 2846 notalu
1522 2817 1634 2853 dignum
1649 2818 1770 2846 videtur.
