1963 3077
127 103 179 136 1901

621 104 756 134 CAPITA
776 103 857 133 XXX
873 103 1021 133 CONTRA
1040 102 1231 133 SEVERUM.

1668 103 1738 136 1902

123 157 196 187 οὕτως
211 157 258 183 καὶ
282 157 338 183 οἵδε
359 158 415 188 τοῖς
438 156 567 184 Ἰακώϐου
584 158 739 192 φρονήμασι
753 165 899 192 προκατει-
912 175 918 186 λ

975 164 1118 192 seramque
1140 156 1308 192 praebebant.
1327 157 1378 190 Qui
1398 157 1522 192 profecto
1542 166 1594 186 nec
1617 158 1669 193 ipsi
1686 167 1738 186 no-

123 203 243 239 λημμὲνοι
259 203 468 238 ὲνετνπὼθησαν
483 203 681 234 ἀϐασανίστως.

950 208 1022 234 rant.
1040 211 1129 238 neque
1149 203 1286 231 docebam
1304 204 1503 238 perscrutanda
1523 212 1583 232 esse
1603 205 1739 232 Christiao

123 256 208 277 norum
227 248 364 283 dogmata.
397 254 425 276 et
461 257 523 276 cum
547 249 610 276 aliis
630 249 748 276 aliorum
767 252 933 276 sectatorum
953 249 1089 276 institutis
1107 250 1292 284 comparanda
1311 258 1318 276 :
1336 250 1384 278 sed
1401 251 1633 285 quemadmodum
1651 252 1740 279 Persas

123 295 228 323 Nestorii
245 295 410 328 doctrinam,
426 297 463 323 ita
479 300 506 323 et
519 295 546 322 hi
564 303 648 330 prava
660 295 755 323 Jacobi
771 295 896 330 dogmata
917 295 977 322 sine
993 295 1048 322 ulla
1063 295 1256 330 disquisitione
1273 297 1436 332 probabam.

130 395 494 409 ====

407 392 1739 409 ΞΜ

422 475 1460 537 ΤΟΥ]ΗΑΚΑΡΚΠ’ΛΕΟΝΤΚΠ’

317 589 389 634 ΤΑ
424 592 741 637 ΤΡΙΑΚΟΝΤΑ
780 592 918 635 ΚΕΦΑ

975 592 1063 633 AIA
1101 592 1250 634 KATA
1286 592 1556 636 ΣΕΥΗΡΟΥ.

657 774 866 831 ΒΕΑΤΙ

362 891 571 936 CAPITA
603 892 895 937 TRIGINTA

927 774 1214 832 LEONTH

932 892 1167 938 CONTRA
1203 892 1505 937 SEVERUM.

659 989 837 1028 Inlerprcle
854 989 1024 1019 Francisco
1044 989 1214 1019 Tun-iano.

584 1070 658 1106 (Anc.
673 1071 734 1103 ΜΑι,
756 1070 811 1098 Vat.
828 1069 926 1104 Script.

159 1217 196 1242 A'.
215 1215 246 1241 Ei.
261 1214 296 1240 τὰ
312 1215 402 1249 πάντη
420 1213 507 1240 tau-:3:
525 1214 590 1248 μιᾶς
609 1214 683 1240 ἐστιν
708 1213 825 1247 φύσεως,
844 1213 914 1240 αὐτὰ

123 1261 153 1288 δὲ
165 1261 250 1288 ταῦτα
268 1262 315 1288 καὶ
331 1261 380 1296 μία
397 1260 477 1295 φύσις
494 1260 616 1294 λέγεται,
641 1260 699 1292 πῶς
726 1261 760 1286 τὰ
773 1261 810 1295 μὴ
821 1260 910 1295 πάντη

124 1307 208 1334 ταυτᾶ
221 1306 293 1333 κατὰ
305 1307 396 1341 φύσιν,
409 1307 472 1341 μιᾶς
488 1306 520 1333 ἂν
537 1305 579 1341 εἴη
602 1305 720 1340 φύσεως,
737 1306 753 1341 ἢ
768 1306 816 1340 μία.
832 1305 913 1339 φύσις

123 1351 285 1386 λεχθήσεται
299 1351 396 1383 fama;
411 1351 464 1386 μὴν
486 1351 614 1377 οὐδέποτε
636 1351 725 1385 πάντη
751 1351 850 1376 ταύτὸν
865 1351 913 1377 καὶ

125 1395 186 1421 κατ’
201 1395 282 1421 αὐτὸν
298 1395 373 1430 ἡτοῦ
389 1394 507 1430 Χριστοῦ
522 1394 617 1429 οεότης
630 1396 663 1430 τῇ
679 1395 739 1421 κατ’
752 1395 853 1426 αὐτοὺς
868 1395 914 1421 ὰν-

125 1441 294 1477 θρωπότητι·
321 1441 373 1468 οὐκ
395 1441 448 1476 ἄρα
475 1442 540 1476 μιᾶς
556 1440 642 1467 ταῦτα
656 1441 689 1467 ἂν
709 1441 750 1477 εἴη
767 1440 913 1476 φύσεως,ἢ

126 1488 175 1522 μία
193 1488 273 1522 φύσις
285 1487 447 1522 λεχθήσεται
462 1486 549 1513 ταῦτα
568 1487 636 1521 μετὰ
656 1487 706 1522 τὴν
720 1486 827 1513 ἕνωσιν.

161 1534 199 1560 Β’.
214 1530 264 1559 Ὧν
279 1534 328 1568 μία
343 1533 462 1568 ἡφύσις,
476 1533 565 1564 κοινὸς
585 1534 600 1559 ὁ
622 1533 701 1567 λόγος
713 1541 719 1548 '
737 1529 774 1559 ὧν
786 1532 814 1559 δὲ
829 1531 916 1562 κοινὸς

123 1580 140 1606 ὀ
151 1579 240 1612 λόγος,
257 1581 304 1606 καὶ
319 1581 336 1614 ἡ
351 1578 469 1614 ὓπαρξις
482 1578 626 1614 ὀμοοὺσιος
636 1587 643 1594 ”
670 1579 797 1605 οὐδέποτε
826 1578 854 1604 δὲ
870 1578 917 1604 καὶ

126 1625 198 1651 κατὰ
209 1625 308 1652 miath
318 1624 461 1660 ὁμοούσιος
473 1625 489 1659 ή
508 1624 604 1660 ῦεότης
622 1623 670 1650 τοῦ
688 1622 806 1660 Χριστοῦ
823 1624 856 1658 τῇ
869 1624 917 1649 ἀν-

126 1670 299 1705 θρωπότητι·
313 1670 364 1696 οὐκ
386 1670 441 1704 ἄρα
467 1666 508 1701 εἷς
527 1677 591 1695 ποτε
608 1668 711 1695 τούτων
728 1669 741 1695 ὁ
758 1668 837 1701 λόγος
849 1676 856 1683 ·
879 1664 917 1693 ὧν

124 1716 154 1743 δὲ
170 1717 305 1751 μηδέποτε
316 1713 356 1748 εἷς
370 1717 384 1742 ὁ
394 1716 482 1750 λόγος,
500 1715 603 1742 τούτων
615 1715 660 1750 ἄρ’
673 1716 701 1742 αἱ
718 1714 814 1749 φύσεις
839 1714 918 1749 δῆλον

125 1763 168 1789 ὅτι
183 1762 317 1798 διάφοροι.
610 1759 612 1761 ’
699 1766 703 1770 ”

163 1851 201 1878 1".
219 1851 250 1877 ΕΞ
266 1852 299 1878 ἐκ
329 1851 457 1885 Θεότητος
487 1851 533 1877 καὶ
558 1850 766 1885 ἀνθρωπότητος
781 1849 918 1883 λέγοντες,

125 1898 176 1925 καὶ
185 1898 218 1923 ὲκ
236 1897 283 1923 δύο
294 1896 402 1930 φύσεων
425 1896 562 1930 λέγουσιν,
581 1897 628 1922 καὶ
643 1896 741 1922 ταύτὸν
757 1895 850 1926 αὐτοῖς
872 1903 920 1928 ση-

127 1943 239 1978 μαίνειν
258 1942 342 1976 ἄμφω
356 1941 430 1967 δοκεῖ
440 1961 448 1973 ,
463 1941 524 1973 πῶς
551 1941 580 1967 ὲν
593 1941 700 1976 θεότητι
714 1941 762 1968 καὶ
779 1940 920 1975 ἀνθρωπό-

124 1997 191 2023 τητι
207 1988 334 2021 λέγοντες
352 1987 422 2022 μετὰ
436 1987 485 2022 τὴν
512 1987 620 2018 ἕνωσιν,
649 1987 698 2013 οὐκ
711 1987 740 2013 ὲν
762 1986 808 2013 δύο
822 1985 920 2019 φύσεσι

124 2033 219 2068 λέγειν
244 2035 276 2060 ὲκ
299 2033 353 2059 τῶν
374 2034 440 2068 παρ’
472 2033 563 2059 αὐτῶν
587 2032 718 2059 δοθέντων
745 2030 919 2066 ἀναγκασθή-

123 2087 238 2112 σονταις
261 2079 344 2105 muto
372 2080 426 2114 γὰρ
452 2080 500 2105 καὶ
519 2078 636 2106 ἐνταῦθα
657 2078 695 2104 ,τὸ
709 2077 740 2110 ἐξ
759 2078 859 2112 ἀμφοῖν
874 2077 920 2112 ὁη-

123 2125 174 2151 106
178 2134 271 2160 μενον.

163 2173 201 2198 Δ¹.
214 2171 244 2197 Εἰ
257 2173 288 2197 ὲκ
301 2171 347 2198 δύο
362 2171 469 2209 (piissimi
480 2171 527 2197 τὸν
537 2170 654 2205 Χριστὸν
667 2169 803 2203 λέγοντες,
818 2170 849 2195 ὲκ
863 2168 921 2195 θεό-

122 2225 211 2252 τητος
223 2218 271 2243 καὶ
286 2217 496 2252 ἀνθρωπότητος
515 2217 652 2250 λέγουσιν,
667 2216 715 2242 καὶ
744 2216 776 2241 ὲκ
794 2215 921 2249 θεότητος

123 2262 176 2288 καὶ
188 2261 398 2296 ἁνθρωπότητος
406 2261 542 2294 λέγοντες,
557 2262 588 2286 ὲκ
596 2259 644 2286 δύο
661 2258 768 2294 φύσεων
784 2259 864 2284 αὐτὸν
875 2257 921 2283 λέ-

123 2315 234 2340 γουσιν’
243 2307 357 2342 θεότητα
366 2307 394 2333 δὲ
409 2308 456 2333 καὶ
470 2305 519 2333 ἀνῡ
525 2306 671 2341 ρωπότητα
684 2305 752 2340 μετὰ
764 2304 813 2339 τὴν
823 2304 921 2330 ἕνωσιν

122 2353 267 2385 λέγουσιν.
279 2352 325 2378 δύο
340 2352 393 2388 ἄρα
408 2352 505 2386 φύσεις
523 2351 571 2378 καὶ
586 2351 664 2378 αὐτοὶ
675 2351 721 2377 τοῦ
741 2349 859 2385 Χριστοῦ
876 2349 922 2375 καὶ

123 2398 200 2431 μετὰ
215 2397 263 2432 τὴν
274 2398 372 2423 ἕνωσιν
386 2398 511 2432 λέγουσιν
524 2405 530 2411 ·
547 2399 570 2423 ει
580 2397 609 2423 δὲ
624 2397 653 2423 τὸ
663 2396 753 2429 λέγειν
764 2395 809 2421 δύο
826 2395 922 2428 φύσεις

121 2443 158 2468 ἰν
177 2442 219 2477 τῷ
233 2443 345 2478 Χριστῷ
372 2443 442 2478 μετὰ
456 2442 506 2477 τὴν
532 2441 631 2469 ἕνωσιν
646 2440 803 2476 ἀρνοῦνται,
817 2440 847 2466 τὺ
867 2440 922 2474 ἄρα

120 2488 221 2524 λέγειν
235 2489 351 2524 θεότητα
371 2489 489 2524 Χριστοῦ
503 2488 550 2514 καὶ
573 2487 771 2524 ἁνθρωπότητα
788 2487 857 2522 μετὰ
872 2487 921 2522 τὴν

120 2532 229 2560 ἕνωσιν
246 2533 405 2569 ἀρνοῦνται.

165 2581 204 2607 Ε¹.
218 2581 249 2607 Ei
266 2579 408 2614 ἀσύγχυτα
424 2579 453 2606 ἐν
467 2580 501 2614 τῇ
522 2578 619 2605 ὲνὼσει
633 2579 668 2604 τὰ
694 2577 854 2604 συνελθόντα
880 2585 923 2611 γι-

122 2626 294 2657 νώσκουσιν,
324 2624 371 2652 δύο
394 2625 423 2650 δὲ
452 2625 486 2651 τὰ
510 2623 673 2650 συνελθόντα
693 2625 739 2650 καὶ
763 2624 825 2649 κατ’
839 2623 922 2649 αὐτόν

117 2673 197 2702 ἔστι,
212 2672 271 2703 πῶς
287 2671 321 2698 τὰ
338 2671 367 2697 ὲν
383 2671 417 2706 τῇ
434 2670 529 2697 ὲνώσει
546 2669 584 2705 μὴ
605 2669 774 2705 συγχυθέντα
792 2669 848 2699 δύο.
874 2669 922 2695 καὶ

119 2718 199 2754 μετὰ
219 2719 270 2752 τὴν
292 2718 391 2744 ἕνωσιν
415 2717 446 2743 οὑ
473 2716 520 2743 δύο
546 2716 749 2751 γνωρίζουσιν;
775 2716 799 2742 ει
822 2715 851 2742 δὲ
876 2715 923 2742 δύο

116 2762 320 2798 γνωρίζουσιν,
335 2762 393 2794 πῶς
405 2762 455 2798 οὐχ
463 2761 661 2797 ὀμολογοῦσιν;
672 2762 699 2788 ει
709 2761 737 2788 δὲ
749 2761 920 2797 ὁμολογοῦσι,

115 2809 186 2840 πῶς
211 2808 340 2844 ἀριθμεῖν
363 2807 450 2835 ταῦτα
466 2808 673 2844 παραιτοῦνται,
693 2804 731 2835 ὦν
740 2807 789 2844 τὴν
803 2808 851 2843 τῆς
869 2807 920 2842 φύ-

943 1068 1067 1097 Bibliolh.
1084 1069 1171 1101 LVII,
1188 1078 1215 1104 p.
1231 1069 1287 1102 40.)

928 1215 951 1243 Β
1001 1213 1022 1239 1.
1040 1212 1068 1240 Si
1078 1217 1209 1248 qumsunt
1224 1212 1336 1239 omnino
1346 1211 1452 1244 eadem,
1468 1217 1532 1239 sunt
1541 1212 1624 1240 unius
1636 1217 1752 1245 natum.

966 1259 1024 1286 hac
1046 1263 1138 1286 autem
1155 1258 1213 1293 ipsa
1227 1258 1309 1285 etiam
1324 1265 1377 1285 una
1399 1262 1497 1285 natura
1511 1258 1643 1286 dicuntur
1657 1267 1664 1291 ;
1686 1267 1756 1294 quo-

964 1304 1056 1336 modo,
1073 1313 1135 1339 qua:
1151 1312 1206 1331 ncn
1220 1309 1285 1332 sunt
1297 1305 1411 1332 omnino
1429 1305 1536 1338 eadem,
1548 1305 1590 1333 vel
1610 1306 1692 1334 unius
1703 1314 1755 1334 na-

965 1355 1033 1377 tura:
1045 1355 1137 1382 erunt,
1153 1350 1196 1376 vel
1219 1358 1273 1377 una
1287 1354 1385 1377 natura
1402 1350 1550 1378 dicentur?
1566 1350 1651 1378 Porro
1665 1359 1757 1386 neque

965 1397 1061 1425 eadem
1093 1401 1158 1424 sunt
1180 1396 1284 1424 Christi
1305 1396 1437 1425 divinitas
1453 1402 1481 1424 et
1499 1397 1665 1426 humanitas.
1686 1399 1758 1435 Ergo

966 1450 1021 1470 non
1038 1443 1121 1469 unius
1137 1447 1242 1470 natum
1253 1447 1337 1470 erunt
1352 1450 1442 1478 neque
1459 1451 1512 1470 una
1520 1449 1619 1471 natura
1631 1444 1759 1473 dicemur

967 1493 1028 1523 post
1048 1489 1189 1516 unionem.

1003 1535 1035 1562 li.
1053 1534 1175 1568 Quorum
1194 1543 1247 1562 una
1263 1539 1306 1562 est
1328 1539 1437 1566 natura,
1449 1536 1605 1563 communis
1617 1541 1660 1563 est
1672 1538 1757 1570 ratio;

967 1586 1085 1613 quorum
1104 1584 1195 1606 autem
1209 1580 1365 1607 communis
1380 1580 1460 1611 ratio,
1470 1581 1593 1615 ejusdem
1601 1581 1761 1610 substantia)

969 1628 1034 1651 sunt
1049 1632 1055 1650 :
1073 1632 1129 1650 non
1146 1628 1286 1651 estautem
1298 1624 1449 1651 secundum
1461 1625 1669 1660 ipsosdivinitas
1682 1626 1761 1653 Chri-

969 1670 1003 1697 sti
1023 1669 1147 1705 ejusdem
1166 1669 1328 1696 substantiae
1347 1677 1409 1696 cum
1434 1670 1625 1697 humanitate:
1642 1678 1696 1698 non
1719 1675 1761 1698 est

970 1714 1055 1750 igitur
1076 1721 1129 1741 una
1153 1714 1252 1741 horum
1275 1714 1360 1746 ratio;
1385 1722 1503 1749 quorum
1522 1720 1612 1742 autem
1640 1723 1695 1742 non
1718 1720 1762 1743 est

970 1767 1092 1795 unquam
1115 1767 1168 1786 una
1189 1759 1271 1791 ratio,
1286 1758 1385 1787 horum
1401 1764 1505 1787 natura:
1527 1768 1638 1795 semper
1655 1761 1763 1789 scilicet

970 1809 1055 1832 erunt
1068 1804 1237 1832 diﬂcremes.

1009 1851 1052 1878 lli.
1070 1852 1098 1879 Si
1113 1851 1160 1885 qui
1174 1849 1270 1877 dicunt
1292 1850 1433 1878 Christum
1448 1858 1508 1879 esse
1524 1860 1558 1879 ex
1574 1852 1718 1880 divinitate
1734 1858 1763 1881 et

934 1888 954 1916 ε
971 1897 1153 1928 humanitate,
1167 1896 1249 1923 etiam
1266 1903 1301 1923 ex
1325 1896 1432 1923 duabus
1456 1897 1564 1925 naturis
1578 1905 1638 1926 esse
1656 1898 1761 1931 dicunt.

972 1945 999 1969 ct
1022 1941 1093 1968 idem
1117 1940 1271 1975 signiﬁcare
1294 1940 1375 1968 ambo
1397 1941 1463 1975 ipsis
1479 1941 1605 1975 videtur;
1623 1943 1763 1978 quomodo

972 1988 1096 2015 dicentes
1111 1987 1251 2014 Christum
1268 1994 1328 2014 esse
1349 1992 1411 2022 post
1424 1988 1555 2015 unionem
1577 1989 1604 2016 in
1618 1989 1762 2017 divinitate
1781 2001 1783 2003 ί

971 2037 999 2060 et
1012 2033 1193 2065 humanitate,
1207 2041 1262 2059 non
1273 2038 1405 2068 cogentur
1423 2033 1516 2061 dicere
1531 2042 1565 2062 ex
1573 2035 1643 2062 datis
1653 2043 1686 2063 ac
1698 2043 1764 2064 con-

973 2079 1059 2107 cessis
1082 2086 1097 2105 a
1123 2086 1162 2109 sc.
1181 2078 1208 2105 in
1236 2078 1343 2106 duabus
1367 2079 1475 2106 naturis
1496 2080 1572 2107 esse?
1592 2081 1667 2109 Idem
1688 2082 1762 2109 enim

972 2124 1055 2152 etiam
1072 2123 1129 2155 hic,
1147 2123 1219 2158 quod
1237 2123 1319 2150 ambo
1333 2123 1384 2151 ista
1399 2123 1550 2152 declarant.

1010 2167 1054 2194 IV.
1072 2167 1100 2194 Si
1116 2167 1133 2194 ii
1148 2167 1193 2200 qui
1211 2167 1308 2194 dicunt
1320 2167 1459 2195 Christum
1473 2177 1507 2196 ex
1523 2169 1630 2198 duabus
1647 2172 1763 2205 naturis,

973 2220 1006 2239 ex
1028 2211 1172 2239 divinitate
1195 2219 1223 2240 et
1241 2213 1414 2241 humanitate
1432 2214 1545 2248 dicunt;
1564 2221 1592 2243 et
1607 2217 1654 2251 qui
1669 2217 1766 2245 dicunt

973 2265 1005 2284 ex
1022 2257 1165 2286 divinitate
1180 2263 1208 2285 et
1222 2258 1405 2291 humanitate,
1419 2263 1447 2286 et
1460 2259 1568 2288 duabus
1578 2262 1685 2289 naturis
1701 2271 1765 2291 eum

974 2302 1080 2333 dicunt.
1096 2306 1124 2329 et
1139 2302 1314 2331 divinitatem
1329 2310 1392 2339 post
1403 2305 1534 2337 unionem
1549 2308 1632 2336 etiam
1651 2309 1764 2342 dicunt;

974 2348 1043 2376 duas
1070 2349 1154 2384 igitur
1177 2353 1204 2376 et
1225 2349 1277 2384 ipsi
1298 2355 1412 2378 naturas
1430 2356 1492 2386 post
1511 2352 1613 2381 Christi
1636 2355 1765 2383 unionem

974 2402 1085 2429 quoque
1098 2395 1195 2422 dicunt
1211 2403 1217 2420 :
1237 2395 1260 2422 si
1275 2403 1341 2423 vero
1352 2402 1451 2431 negant
1466 2398 1614 2427 dicendum
1623 2408 1684 2428 esse
1698 2401 1767 2429 duas

975 2445 1088 2467 naturas
1102 2440 1129 2467 in
1142 2440 1252 2467 Christo
1276 2446 1338 2475 post
1354 2442 1495 2476 unionem,
1513 2444 1597 2479 igitur
1607 2452 1708 2482 negant
1722 2446 1767 2474 di-

976 2487 1095 2514 cendum
1112 2494 1173 2514 esse
1188 2486 1215 2513 in
1231 2486 1342 2514 Christo
1365 2492 1426 2522 post
1443 2489 1573 2518 unionem
1593 2491 1767 2520 divinitatem

975 2538 1003 2560 et
1014 2533 1223 2559 humanitatem.

1014 2578 1046 2605 V.
1069 2578 1097 2605 Si
1123 2583 1293 2613 cognoscunt
1309 2586 1363 2606 non
1386 2587 1446 2608 esse
1468 2581 1580 2610 confusa
1609 2583 1637 2610 in
1654 2584 1768 2618 unione,

977 2631 1037 2659 qua:
1049 2623 1189 2651 coierunt:
1200 2623 1254 2650 duo
1267 2629 1359 2651 autem
1367 2629 1432 2652 sunt
1444 2634 1504 2659 qua:
1517 2627 1656 2660 coierunt,
1671 2633 1701 2655 ut
1716 2629 1769 2664 ipsi

977 2664 1117 2702 fatcntur;
1130 2669 1268 2704 quomodo
1279 2678 1339 2704 quae
1350 2670 1377 2697 in
1388 2671 1490 2698 unione
1501 2680 1556 2699 non
1570 2679 1633 2700 sunt
1643 2674 1768 2709 confusa,

976 2717 1058 2743 etiam
1079 2719 1142 2750 post
1166 2715 1296 2742 unionem
1319 2724 1374 2743 non
1390 2722 1559 2752 cognoscunt
1574 2719 1629 2746 duo
1644 2721 1720 2749 esse?
1739 2721 1768 2750 Si

977 2767 1068 2790 autem
1091 2766 1271 2797 cognoscunt,
1291 2763 1429 2797 quomodo
1441 2772 1494 2791 non
1511 2765 1694 2795 conﬁtentur?
1719 2768 1766 2798 :In

975 2816 1042 2835 γει-ο
1054 2807 1231 2840 confitentur,
1242 2808 1382 2843 quomodo
1392 2817 1538 2838 numerare
1553 2811 1611 2840 haec
1623 2821 1762 2846 recusant.
