1963 3077
195 157 262 189 1903

829 148 984 178 LEONTll
1001 148 1156 178 ΒΥΖᾹΝΤΙ
1164 149 1202 178 Nl

1749 142 1816 175 1904

193 217 310 247 quorum
333 213 439 236 naturae
458 206 653 242 proprietatem
679 211 731 230 non
757 201 896 230 confusam
920 205 981 235 post
996 205 1015 232 Α
1033 211 1100 233 σεως
1113 201 1390 236 ἰδιότητπιὰσύγχοτον
1403 199 1527 234 μκὰτλν
1537 185 1629 224 ποτε.
1643 196 1816 231 enisum“;

194 259 325 285 unionem
354 254 463 282 sciunt?
486 252 563 285 Quod
587 251 660 278 enim
683 249 866 280 conﬁtentur,
892 247 981 282 inquit

196 306 292 332 beatus
309 302 433 331 Basilius,
452 301 597 325 numerent
614 297 706 323 etiam.

231 350 274 377 VI.
289 348 317 376 Si
337 356 370 374 cx
386 346 493 373 duabus
510 343 616 370 naturis
631 342 726 368 dicunt
744 340 896 371 Christum,
913 338 982 365 duas

195 387 287 422 autem
302 397 411 419 naturas
421 390 560 417 Christum
570 396 624 414 non
636 387 747 416 dicunt;
761 393 794 412 cx
808 385 850 412 his
859 384 981 419 quidem,

195 449 251 467 non
277 443 369 465 autem
391 437 450 462 hate
475 434 571 461 dicunt
592 432 731 459 Christum
749 440 755 457 :
774 430 867 456 dicant
889 429 982 464 igitur.

197 491 289 513 utrum
310 491 343 511 ex
362 482 463 517 quibus
487 479 660 507 constituttnt
680 476 833 507 Christum,
848 475 930 502 etiam
956 475 982 500 in

197 533 240 559 his
264 536 430 565 cognoscere
445 535 507 555 eum
530 525 647 553 volunt?
666 524 692 551 Si
706 523 779 551 enim
803 530 858 549 non
874 525 938 548 sunt
956 521 983 547 in

196 587 230 606 co
239 587 271 605 ea
285 585 316 604 ex
331 576 433 611 quibus
450 575 507 608 ipse
522 577 575 604 est,
599 572 642 598 vel
659 577 832 605 nequaqttam
848 572 923 598 sunt,
941 567 985 593 vel

198 625 226 651 in
241 624 330 650 altero
346 624 421 652 sunt,
435 619 542 647 scilicet
559 618 586 644 in
604 617 697 651 aliquo
712 619 812 650 praeter
835 614 942 648 ipsum;
958 617 986 638 ct

197 670 259 705 quis
272 668 325 696 crit
342 667 395 697 hic.
413 666 486 692 clare.
506 664 632 690 doceant.

235 715 289 741 νιι.
303 714 330 741 Si
349 714 375 739 in
389 713 424 739 iis
438 720 499 746 qum
520 714 585 737 sunt
604 708 727 744 ejusdem
747 706 907 734 substantiae
923 712 984 731 cum

198 761 302 788 dicitur
325 766 379 786 una
397 761 506 787 natura,
524 763 579 782 non
606 754 778 781 identitatem
797 751 985 785 subjectorum

199 806 391 842 principaliter
418 803 561 834 declarat;
583 799 722 835 quomodo
741 798 767 825 in
785 798 818 824 iis
842 805 902 832 qua:
924 799 988 823 sunt

199 855 314 880 diversa:
331 850 502 882 substantiae,
517 849 577 875 dua:
592 852 696 874 naturm
714 853 770 872 non
790 843 986 873 ditl'ercntiam,

200 899 246 926 sed
260 895 461 932 scparationcm
475 892 631 920 necessario
647 889 822 925 signiﬁcant?

236 944 303 970 VIII.
328 943 357 970 Si
369 940 533 972 necessario
552 946 685 966 numerus
709 937 873 963 divisionem
894 942 988 961 secum

201 991 449 1022 infcrt;nutnerus
474 986 557 1020 igitur
578 985 630 1011 erit
654 991 733 1010 causa
758 981 912 1012 divisionis,
935 987 988 1006 non

202 1041 293 1063 autent
314 1033 413 1061 divisio
425 1039 507 1059 causa
522 1029 641 1057 uulneri.
658 1035 686 1055 et
699 1036 731 1055 cx
749 1027 858 1054 duobus
872 1026 989 1053 alterunt

201 1081 255 1108 erit
269 1078 454 1107 necessarium
475 1086 481 1103 :
501 1077 543 1103 vel
560 1075 629 1102 nihil
645 1074 787 1101 numerari
808 1080 915 1104 eorum,
930 1079 990 1106 qua:

202 1130 267 1154 sunt
282 1124 358 1151 unita
372 1132 378 1149 :
394 1123 435 1148 vel
445 1122 513 1148 nihil
523 1120 595 1147 uniri
605 1127 712 1150 eorum,
722 1126 782 1153 qum
792 1121 989 1147 numerantur;

202 1177 230 1199 at
244 1170 382 1206 quomodo
399 1176 452 1195 non
465 1168 516 1194 hoc
532 1166 679 1193 ridiculum
693 1165 756 1196 erit,
772 1163 853 1190 talem
872 1167 991 1197 potesta-

205 1225 258 1245 Ictn
274 1217 398 1244 tribtterc
415 1213 550 1241 numero?
568 1220 629 1238 eum
646 1211 736 1238 omnis
753 1217 885 1236 numerus
902 1216 989 1242 quan-

204 1268 262 1291 tum
279 1263 307 1289 in
325 1261 418 1290 rebus,
442 1266 497 1285 non
520 1262 612 1285 autem
638 1260 776 1287 naturam,
795 1254 838 1281 vel
852 1253 945 1291 qualis
957 1252 992 1279 sit

205 1310 302 1336 harum
322 1305 468 1336 habitudo,
489 1303 669 1329 demonstret.

242 1354 289 1382 IX.
306 1353 334 1381 Si
348 1352 425 1382 uuio,
440 1355 468 1377 et
482 1349 558 1376 unita
574 1352 639 1375 sunt
653 1354 748 1374 eorum
765 1354 825 1380 quze
840 1345 873 1371 ad
889 1343 992 1379 aliquid

205 1400 355 1429 dicuntur;
372 1403 433 1431 quae
449 1399 540 1421 autem
562 1396 627 1419 sunt
645 1391 679 1418 ad
693 1390 809 1425 aliquid,
821 1389 901 1417 simul
917 1392 992 1419 sunt,

205 1449 234 1473 ct
249 1450 357 1478 semper
373 1450 380 1467 :
397 1440 478 1468 simul
494 1438 577 1473 igitur
598 1442 626 1463 et
641 1443 751 1470 semper
766 1435 842 1466 unio,
864 1439 892 1460 et
908 1433 992 1459 unita.

207 1492 256 1519 Sin
274 1494 365 1518 autem
381 1486 458 1514 unita
471 1484 623 1515 desierunt,
637 1482 738 1509 desinit
753 1481 836 1508 etiam
849 1487 912 1507 cum
929 1479 995 1513 ipsis

209 1537 284 1565 llnlO.

244 1583 278 1610 Χ.
296 1581 324 1608 Si
345 1585 479 1606 numerus
500 1575 614 1603 omnino
633 1578 744 1609 separat
761 1576 917 1603 numerata,
941 1579 996 1598 non

208 1629 298 1656 solum
314 1631 447 1654 numerus
466 1627 628 1650 naturarum
646 1622 752 1655 separat
768 1623 892 1649 naturas,
909 1617 956 1644 sed
970 1621 998 1644 et

210 1681 341 1702 numerus
355 1670 553 1706 proprietatum
566 1667 679 1694 omnino
696 1664 844 1700 separabit.
855 1662 998 1696 Quomodo

210 1721 295 1756 igitur
310 1719 356 1754 qui
372 1717 469 1744 dicunt
485 1715 554 1742 duas
567 1713 761 1748 proprietates.
778 1718 835 1738 non
851 1714 933 1737 erunt
947 1707 998 1743 ipsi

210 1765 327 1801 subjecti
343 1770 432 1791 causa:
448 1759 611 1788 divisionis?

246 1813 293 1839 Kl.
315 1811 343 1836 Si
368 1808 520 1836 secundum
540 1805 705 1840 Gregorium
722 1803 880 1838 theologum
905 1805 1000 1829 contra

212 1863 254 1886 est
281 1858 307 1884 iu
325 1855 471 1885 Trinitate,
495 1859 576 1886 quam
596 1851 624 1877 in
649 1850 780 1885 mysterio
805 1847 1002 1875 incarnationis

213 1902 374 1932 Salvator-is,
403 1904 459 1926 tres
481 1902 572 1925 autem
591 1897 753 1932 hypostases
777 1901 894 1928 semper,
919 1900 1001 1919 unam

213 1954 306 1977 autem
324 1951 451 1973 naturam
465 1943 492 1970 in
514 1943 650 1970 Trinitatc
667 1940 849 1970 conﬁtemur;
863 1936 1002 1972 quomodo

215 2003 269 2023 non
283 1994 353 2020 duas
372 1991 483 2027 quidem
502 1993 626 2019 naturas,
645 1994 726 2014 unam
750 1992 815 2012 vero
834 1982 1002 2019 hypostasim

214 2042 242 2069 in
258 2038 447 2068 incarnatione
460 2033 664 2063 concedamus?
677 2030 819 2067 Siquidem
842 2033 938 2057 contra
950 2031 1002 2059 est,

214 2087 337 2114 omnium
353 2082 492 2111 contraria
506 2079 648 2108 conversio
663 2077 815 2106 secundum
834 2080 934 2103 totum.

249 2132 308 2159 XII.
326 2131 355 2158 Si
372 2130 453 2161 alius,
469 2132 498 2155 et
510 2127 580 2155 alius
595 2131 748 2161 pronomen
766 2127 809 2151 est
821 2123 1004 2158 hypostascon

215 2177 368 2206 secundum
382 2175 510 2203 eumdem
524 2171 706 2206 Gregorium;
724 2169 798 2197 aliud
811 2176 876 2196 vero
890 2172 919 2195 et
930 2166 1005 2194 aliud

1032 249 1046 274 ὂ
1062 248 1116 284 γὰρ
1129 247 1300 283 ὁμολογοῦσι,
1322 247 1404 281 φησιν
1416 248 1430 271 ὁ
1445 244 1515 275 θεῖος
1528 243 1679 274 Πασίλειος,
1697 243 1743 268 καὶ
1758 243 1819 278 ἀρι⁸

1033 294 1196 329 θμείτωσαν.

1069 340 1114 372 (τι.
1140 339 1171 365 Εἰ
1186 340 1217 365 ἐκ
1233 337 1279 364 δύο
1296 337 1344 372 μὲν
1372 335 1479 370 φύσεων
1494 335 1602 368 λέγουσι
1630 333 1675 360 τὸν
1690 333 1818 368 Χριστὸν,

1032 385 1078 411 δύο
1091 385 1118 410 δὲ
1137 383 1232 418 φύσεις
1261 384 1342 409 αὑτὸν
1357 383 1388 408 οὐ
1415 382 1539 414 λέγουσιν
1552 401 1559 412 ,
1576 381 1607 407 ἐκ
1630 380 1732 406 τούτων
1759 380 1819 414 μὲν,

1033 430 1094 465 οὐχὶ
1119 430 1147 456 δὲ
1172 431 1218 455 καὶ
1233 430 1328 458 ταῦτα,
1341 428 1451 461 λέγουσι
1465 427 1509 452 τὸν
1524 426 1658 461 Χριστόν·
1687 426 1710 451 εἰ
1726 425 1755 451 δὲ
1772 425 1819 459 μὴ,

1033 476 1063 508 ἐξ
1075 475 1112 505 ὧν
1123 477 1282 502 συνίστωσιν
1295 475 1423 510 Χριστὸν,
1446 473 1494 500 καὶ
1513 473 1542 499 ὲν
1557 471 1661 502 τούτοις
1680 471 1822 506 γνωρίζειν

1034 523 1116 548 αὑτὸν
1131 521 1264 554 ἀξιοῦσιν.
1281 521 1312 546 Et
1325 520 1380 555 γὰρ
1396 520 1433 554 μὴ
1445 520 1473 545 ὲν
1485 519 1560 553 αὐτῷ
1574 518 1606 544 τὰ
1617 518 1647 551 ἐξ
1657 516 1694 544 ὧν
1705 517 1821 551 αὑτὺ;,ἢ

1037 568 1165 602 οὐδαμοῦ,
1181 568 1238 603 ἣὲν
1256 567 1342 601 ἑτέρῳ
1356 565 1488 600 δηλονότι,
1516 565 1562 590 καὶ
1585 564 1613 590 ἓν
1624 572 1677 590 τινι
1694 565 1758 598 παρ’
1772 562 1821 589 αὺ-

1036 615 1082 641 τόν
1092 622 1098 629 '
1116 615 1162 640 mi.
1174 614 1216 645 τίς
1231 611 1308 644 οὗτος
1325 612 1418 647 σαφῶς
1434 610 1646 637 διδασκέτωσαν.

1075 710 1111 738 Z'.
1123 712 1153 737 Εἰ
1170 711 1215 737 ἐπὶ
1233 710 1286 736 τῶν
1304 709 1456 744 ὁμοουσίων
1479 709 1495 743 ή
1524 707 1573 742 μία
1589 706 1669 740 φύσις
1689 704 1824 739 λεγομένη

1038 759 1192 793 ταυτότητα
1218 757 1272 783 τῶν
1289 756 1477 790 ὑποκειμένων
1496 754 1572 789 δηλοῖ
1599 752 1825 787 προηγουμένως,

1040 806 1098 836 πῶς
1121 805 1166 830 ἐπὶ
1199 803 1253 830 τῶν
1287 801 1462 837 ἑτεροουσίων
1492 801 1519 826 αἱ
1545 799 1591 825 δύο
1614 798 1709 832 φύσεις
1737 799 1766 824 οὐ
1795 797 1826 822 τὸ

1040 851 1167 885 διάφορον
1179 870 1186 882 ,
1205 849 1273 875 ἀλλὰ
1290 849 1319 874 τὸ
1335 846 1537 883 κεχωρισμένον
1550 844 1705 878 ἀναγκαίοις
1727 843 1827 878 σημαί‹

1040 906 1085 923 νου
1090 906 1131 923 σιν
1139 905 1146 927 ς

1076 942 1117 968 ιιι.
1134 942 1165 968 Ei
1182 941 1269 975 πάντη
1293 949 1322 965 τε
1345 939 1393 966 καὶ
1406 938 1514 969 πάντως
1529 937 1543 963 ὁ
1560 936 1676 971 ἀριθμὸς
1692 935 1740 969 τὴν
1758 934 1828 961 διαί-

1041 997 1116 1024 ρεσιν
1131 987 1313 1020 συνεισφέρει,
1336 987 1350 1012 ὁ
1369 984 1486 1020 ἀριθμὸς
1506 983 1559 1017 ἄρα
1574 983 1650 1009 ἔσται
1666 982 1714 1015 τῆς
1726 981 1829 1015 ὀισιρὲ⁴

1041 1043 1108 1064 ceto;
1122 1033 1218 1064 αἴτιος,
1234 1033 1284 1067 οὐχ
1301 1032 1316 1066 ἡ
1336 1030 1468 1065 διαίρεσις
1480 1029 1525 1055 τοῦ
1542 1027 1677 1062 άριθμοῦ¹
1692 1029 1739 1053 καὶ
1756 1027 1829 1052 δυοῖν

1041 1079 1147 1113 ἀνάγκη
1166 1078 1290 1112 θάτερον,
1307 1077 1323 1111 ἦ
1341 1075 1424 1110 μηδὲν
1457 1073 1633 1109 ἀριθμεῖσθαι
1653 1073 1707 1098 τῶν
1725 1071 1830 1106 ἡνωμέ-

1041 1133 1105 1156 νων,
1122 1124 1137 1159 ἤ
1154 1124 1235 1158 μηδὲν
1247 1123 1368 1157 ἡνῶσθαι
1385 1121 1438 1148 τῶν
1452 1120 1677 1156 ἀριθμουμένων·
1703 1118 1749 1144 καὶ
1771 1117 1829 1147 πῶς

1042 1171 1072 1196 οὺ
1109 1169 1311 1203 καταγέλαστον
1341 1167 1470 1201 τοιαύτην
1498 1165 1622 1198 ἐξουσίαν
1650 1163 1690 1197 τῷ
1720 1162 1831 1198 ἀριθμῷ

1042 1217 1162 1248 διδόναι;
1178 1215 1278 1246 παντὸς
1296 1213 1414 1249 ἀριθμοῦ
1430 1213 1461 1239 τὸ
1478 1212 1560 1238 ποσὸν
1574 1212 1627 1237 τῶν
1645 1210 1828 1245 πραγμάτιον,

1043 1263 1072 1289 οὐ
1083 1261 1132 1297 τὴν
1147 1261 1228 1296 φύσιν
1245 1261 1261 1295 ἦ
1276 1261 1325 1295 τὴν
1349 1259 1427 1286 ποίαν
1453 1258 1554 1285 τούτων
1587 1257 1678 1292 σχέσιν
1695 1256 1831 1290 παριστᾷν

1045 1308 1207 1342 πεφυκότος.

1079 1354 1117 1381 Θ’.
1132 1355 1162 1380 Εἰ
1176 1354 1192 1389 ἡ
1204 1353 1300 1383 Evenit;
1313 1352 1359 1378 καὶ
1383 1351 1419 1378 τὰ
1437 1350 1566 1386 ἡνωμένα
1583 1349 1639 1375 τῶν
1657 1348 1724 1384 πρός
1741 1356 1766 1374 τι
1777 1355 1783 1361 ·
1799 1347 1833 1372 τὰ

1044 1401 1071 1427 δὲ
1088 1401 1156 1435 πρός
1172 1408 1210 1431 τι,
1228 1399 1275 1426 καὶ
1291 1398 1335 1425 ἀεὶ
1347 1398 1405 1433 ἅμα
1419 1405 1425 1412 ·
1442 1397 1502 1431 ἅμα
1516 1395 1563 1422 οὖν
1579 1395 1625 1422 καὶ
1644 1395 1688 1421 ἀεὶ
1703 1395 1720 1428 ἡ
1735 1394 1833 1423 ἓνωσις

1045 1447 1092 1472 καὶ
1115 1446 1147 1472 τὰ
1164 1445 1308 1479 ἡνωμένα·
1326 1445 1350 1470 εἰ
1369 1443 1398 1470 δὲ
1413 1442 1448 1469 τὰ
1463 1442 1591 1478 ἡνωμένα
1607 1441 1737 1472 παύεται,
1755 1439 1800 1466 καὶ
1816 1439 1833 1473 ὴ

1046 1492 1142 1523 ἓνωσις
1155 1492 1212 1525 ἅμα
1230 1491 1346 1517 παύεται
1364 1490 1412 1524 (1).
1444 1511 1448 1516 .

1084 1581 1112 1608 l'.
1131 1580 1162 1606 Εἰ
1179 1581 1193 1606 ὁ
1209 1578 1324 1614 ἀριθμὸς
1340 1578 1447 1608 πάντως
1459 1576 1570 1612 χωρίζει
1585 1574 1618 1602 τὰ
1634 1573 1833 1610 ἀριθμούμενα,

1049 1629 1098 1663 οὐχ
1113 1629 1127 1654 ὁ
1141 1628 1195 1653 τῶν
1211 1626 1319 1660 φύσεων
1346 1625 1425 1660 μόνος
1448 1623 1564 1658 ἀριθμὸς
1587 1621 1701 1656 χωρίσει
1723 1621 1772 1650 τὰς
1790 1619 1838 1653 φύ-

1051 1682 1118 1705 σεις.
1131 1673 1199 1700 ἀλλὰ
1213 1672 1283 1699 καὶὸ
1298 1671 1351 1698 τῶν
1365 1671 1504 1705 ίδιοτήτων
1518 1669 1630 1704 χωρίσει
1647 1668 1755 1697 πάντως
1779 1667 1839 1700 ἀρι⁵

1050 1719 1133 1754 θμός·
1153 1719 1211 1749 πῶς
1225 1718 1315 1744 τοίνυν
1331 1717 1464 1751 ἰδιότητας
1473 1715 1607 1749 λέγοντες,
1624 1713 1683 1747 οὐχὶ
1695 1711 1741 1739 καὶ
1762 1711 1839 1737 αὐτοὶ

1050 1765 1083 1798 τῇ
1099 1763 1173 1798 αἰτίᾳ
1185 1763 1234 1797 τῆς
1249 1762 1407 1797 διαιρέσεως
1424 1761 1614 1787 ὑποκείσονται
1627 1767 1635 1791 ς

1088 1808 1139 1837 ΙΑ’.
1158 1808 1189 1834 Εἰ
1213 1807 1331 1842 ἔμπαλιν
1358 1807 1428 1832 κατὰ
1453 1805 1499 1845 τδρι
1517 1805 1589 1831 θεῖον
1615 1802 1763 1845 Γρηγόριον
1790 1800 1839 1833 τῆς

1051 1853 1166 1888 Τριάὸος
1182 1838 1262 1887 ἔχειή
1278 1851 1348 1879 κατὰ
1361 1851 1406 1877 τὸν
1428 1838 1544 1884 Eun-ﬁgo.
1558 1847 1708 1882 οἰκονομία,
1718 1838 1796 1881 Χτρείς
1812 1845 1840 1871 δὲ

1054 1899 1102 1935 μὲν
1115 1899 1164 1930 τὰς
1180 1898 1353 1928 ὑποστάσεις,
1373 1896 1436 1931 μίαν
1451 1895 1478 1922 δὲ
1491 1895 1572 1928 φύσιν
1585 1893 1631 1920 ἐπὶ
1642 1893 1687 1927 τῆς
1703 1891 1840 1924 θεολογίας

1052 1933 1248 1978 ὁμολογοῦμεν,
1273 1942 1332 1972 πῶς
1345 1942 1375 1968 οὐ
1390 1940 1435 1967 δύο
1454 1940 1503 1975 μὲν
1530 1939 1635 1973 φύσεις.
1653 1937 1719 1971 μίαν
1731 1936 1759 1963 δὲ
1773 1933 1844 1962 ὑπόέ

1055 1997 1148 2016 στασιν
1165 1989 1212 2015 ἐπὶ
1228 1989 1277 2023 τῆς
1291 1988 1362 2014 κατᾶ
1374 1988 1419 2014 τὸν
1447 1986 1563 2021 Σωτῆρα
1587 1983 1742 2018 οἰκονομίας
1756 1982 1841 2008 δώσο-

1056 2044 1122 2071 μεν;
1135 2035 1161 2061 εἴ
1174 2043 1226 2069 περ
1250 2034 1282 2060 τὸ
1301 2033 1430 2068 ἔμπαλιν,
1448 2031 1494 2058 τοῦ
1516 2030 1616 2061 παντὸς
1641 2030 1700 2055 ἐστι
1718 2027 1789 2054 κατὰ
1812 2027 1843 2053 τὺ

1054 2081 1115 2107 ὅλον
1130 2080 1307 2114 ἀντιστροψή.

1091 2125 1140 2152 lB'.
1155 2125 1188 2152 Εἰ
1201 2124 1231 2151 τὸ
1247 2125 1326 2155 ἄλλος
1341 2124 1388 2149 καὶ
1401 2123 1479 2153 ἄλλος
1490 2120 1645 2155 ἀντωνυμία
1668 2117 1845 2145 ὑποστάσεων

1056 2170 1125 2197 κατὰ
1140 2170 1184 2196 τὸν
1192 2169 1274 2196 αὑτὸν
1288 2169 1427 2203 ΘεοΜγον,
1439 2167 1469 2193 τὸ
1479 2167 1507 2193 δὲ
1514 2166 1576 2194 ἄλλο
1587 2165 1634 2192 καὶ
1648 2163 1711 2192 ἄλλο
1724 2163 1844 2189 ἀντωνυ-

216 2231 369 2260 ιποῐιοιιιριι
385 2225 566 2251 naturarum;
591 2224 701 2251 semper
718 2219 809 2242 autem
827 2218 869 2242 est
884 2213 996 2248 primun

1060 2217 1109 2251 μία
1128 2217 1246 2251 φύσεων,
1264 2215 1308 2241 ἀεὶ
1329 2215 1357 2241 δὲ
1382 2214 1412 2240 τὸ
1428 2213 1559 2248 πρότερον
1578 2211 1623 2238 ἐπὶ
1635 2211 1682 2245 τῆς
1694 2208 1845 2242 θεολογίας,

216 2272 245 2298 in
260 2269 409 2304 theologia,
425 2267 453 2294 id
467 2270 521 2298 cst,
537 2265 564 2291 in
578 2261 708 2298 mysterio
720 2260 882 2293 Trinitatis;
897 2266 1006 2293 semper

218 2317 303 2352 igitur
318 2313 471 2342 secundum
489 2311 516 2338 in
536 2308 736 2337 incarnatione.
751 2307 779 2334 Si
793 2310 885 2333 autem
898 2313 1007 2340 semper

219 2361 370 2390 secundum
396 2359 424 2385 in
444 2355 646 2386 incarnatione,
672 2361 781 2388 semper
802 2359 867 2387 ergo
889 2355 1005 2378 natura}.

219 2405 361 2441 Siquidem
381 2410 490 2437 semper
503 2405 569 2429 sunt
581 2399 744 2435 pronomina
758 2405 866 2426 carum.

255 2450 327 2478 Xlll.
346 2449 374 2476 Si
397 2448 470 2474 idem
485 2449 528 2473 est
542 2445 636 2472 dicere
659 2443 733 2470 aliud
758 2447 866 2475 natura,
883 2446 912 2469 et
925 2441 1005 2469 aliam

221 2501 363 2527 naturam;
389 2500 499 2528 semper
517 2495 610 2518 autem
625 2497 691 2517 vere
711 2489 812 2518 dicitur
834 2489 954 2524 primum
979 2487 1007 2514 in

221 2542 366 2571 divinitate
386 2537 536 2567 Salvatoris
551 2541 578 2564 et
591 2535 779 2568 humanitate;
800 2542 909 2569 semper
924 2534 1008 2569 igitur

222 2587 376 2616 secundum
390 2583 548 2612 necessario
560 2588 625 2609 vere
641 2581 722 2608 simul
738 2580 840 2607 dicitur
855 2580 882 2606 in
900 2579 1008 2606 iisdem.

258 2632 326 2659 XIV.
343 2631 371 2659 Si
383 2637 440 2658 non
458 2634 500 2656 est
517 2628 590 2655 idem
604 2625 721 2660 simplex
737 2630 848 2656 natura,
862 2630 889 2652 et
899 2632 1011 2659 compo—

222 2679 284 2710 sita.
301 2677 418 2713 simplex
428 2681 521 2703 autem
542 2677 640 2700 natura
658 2671 740 2698 Verbi
762 2678 844 2699 unam
860 2671 945 2698 solam
963 2677 1012 2697 na—

261 2759 298 2794 (l)
318 2755 560 2794 Desideratur__ltoc
576 2752 727 2794 capitulum
752 2757 856 2794 nonum
872 2751 899 2776 in
915 2750 1011 2790 codice

224 2785 365 2824 Vaticano,
385 2792 469 2826 culpa
494 2785 673 2826 librarii—qui
693 2785 1009 2826 incautepraatermisit.

224 2819 319 2855 Esstat
344 2819 441 2854 tamen
460 2824 556 2852 Latine
580 2831 613 2850 ex
635 2819 1011 2856 "interpretationeTurriani

224 2854 297 2898 apud
315 2862 454 2890 Canisium
467 2859 558 2893 Antiq.
576 2857 635 2885 lect.
649 2857 694 2884 ed.
708 2854 824 2890 Basnag.
836 2860 855 2882 t.
868 2854 889 2888 l,
901 2863 929 2889 ι).
944 2854 1009 2884 638;

1057 2263 1101 2289 ἀεὶ
1124 2262 1178 2297 ἄρα
1192 2263 1223 2288 τὸ
1240 2262 1365 2296 δεύτερον
1377 2260 1424 2287 ἐπὶ
1438 2260 1487 2294 τῆς
1496 2257 1663 2292 οἰκονομίας·
1680 2257 1705 2282 εἰ
1721 2255 1750 2281 δὲ
1759 2254 1802 2281 ἀεὶ
1816 2254 1847 2280 τὸ

1057 2307 1181 2342 δεύτερον
1194 2308 1239 2333 ἐπὶ
1248 2306 1298 2341 τῆς
1314 2305 1479 2340 οἰκονομίας,
1497 2304 1542 2331 ἀεὶ
1558 2303 1612 2338 ἄρα
1627 2303 1654 2329 αἱ
1667 2301 1771 2336 φύσεις,
1786 2300 1847 2326 ἐπεὶ

1058 2353 1104 2379 ἀεὶ
1121 2353 1167 2379 καὶ
1177 2352 1207 2378 αἱ
1225 2352 1284 2378 κατ’
1300 2350 1389 2378 αὐτῶν
1405 2348 1581 2384 ἁντωνυμίαι.

1096 2440 1146 2467 1Γ’.
1163 2440 1195 2467 Εἰ
1215 2439 1311 2466 ταύτὸν
1325 2439 1354 2465 τὸ
1366 2439 1430 2466 ἄλλο
1442 2439 1489 2465 καὶ
1508 2438 1538 2464 τὸ
1553 2437 1634 2472 φύσιν
1649 2436 1733 2470 ἄλλην
1749 2436 1847 2464 εἰπεῖν,

1061 2487 1104 2513 ἀεὶ
1117 2487 1146 2513 δὲ
1171 2486 1201 2512 τὺ
1218 2487 1349 2522 πρότερον
1366 2485 1494 2521 ἀληθεύει
1518 2485 1565 2511 ἐπὶ
1590 2483 1640 2518 τῆς
1657 2483 1784 2516 Θεότητος
1802 2480 1848 2507 τοῦ

1061 2533 1186 2568 Σωτῆρος
1199 2533 1247 2559 καὶ
1262 2533 1310 2567 τῆς
1324 2532 1544 2567 ἀνθρωπὸτητος,
1560 2530 1604 2557 ἀεὶ
1614 2530 1668 2565 ἄρα
1679 2528 1710 2555 τὸ
1724 2527 1859 2562 δεύτερον,

1061 2578 1109 2603 ἐπὶ
1121 2577 1175 2602 τῶν
1191 2577 1281 2603 αὐτῶν
1298 2575 1439 2610 ἀληθεύειν
1453 2576 1571 2610 ἀνάγκη.

1099 2624 1146 2650 1Δ¹.
1164 2622 1194 2649 El
1207 2623 1237 2648 οὐ
1253 2622 1350 2649 ταύτὸν
1368 2623 1384 2657 ἡ
1397 2622 1469 2657 ἁπλῆ
1484 2621 1563 2656 φύσις
1575 2623 1608 2656 τῇ
1625 2620 1744 2655 συνθέτῳ
1757 2618 1850 2653 φύσει,

1063 2670 1079 2704 ἡ
1097 2669 1125 2694 δὲ
1139 2668 1210 2702 ἁπλῆ
1227 2668 1274 2695 τοῦ
1289 2669 1375 2703 Λόγου
1393 2668 1474 2710 φύσις
1492 2668 1555 2704 μίαν
1567 2668 1651 2702 μόνην
1664 2665 1747 2701 φύσιν
1761 2664 1850 2700 δηλοῖ,

1063 2749 1155 2777 Graece
1171 2757 1235 2777 vero
1243 2756 1313 2784 pene
1326 2748 1359 2784 ad
1375 2748 1494 2784 litteram
1512 2753 1563 2784 ego
1575 2745 1680 2780 sumpsi
1691 2753 1729 2784 ex
1752 2744 1851 2784 Dama-

1063 2786 1139 2812 sceni
1158 2778 1300 2820 opusculo,
1321 2783 1454 2820 adversus
1472 2778 1609 2810 Jacobitas
1626 2778 1697 2815 apud
1721 2778 1850 2806 eumdem

1063 2818 1213 2854 Canisiuin,
1233 2824 1252 2847 t.
1279 2819 1312 2852 ll,
1331 2826 1359 2853 ι).
1376 2818 1420 2846 46.
