1963 3077
134 116 193 150 1905

641 119 775 149 CAPITA
794 118 875 148 XXX
893 119 1040 148 CONTRA
1062 119 1251 148 SEVEltUM.

1683 116 1750 149 Ῑειιὶϋ

132 176 146 209 ἡ
165 174 284 204 σύνθετος
304 174 374 201 κατὰ
398 173 446 206 τὰς
463 175 558 208 φύσεις
579 174 625 201 τοῦ
650 174 769 210 Χριστοῦ
785 175 815 201 οὐ
843 175 907 209 μίαν

965 180 1049 203 turam
1072 175 1205 205 declarat.
1221 175 1374 210 colnposita
1395 175 1547 202 secundum
1563 174 1636 209 ipsos
1652 180 1749 202 natura

132 220 202 253 φύσιν
213 220 303 254 δηλοῖ’
319 219 383 247 εἰδὲ
400 221 416 255 ἡ
433 220 504 256 ἁπλῆ
520 222 566 247 καὶ
593 221 610 256 ἠ
628 221 756 252 σύνθετος
771 222 835 257 μίαν
850 223 910 248 κατ’

132 266 220 297 αὐτοὺς
243 265 325 300 φύσιν
338 266 432 300 δηλοῖ,
459 266 612 300 λεγέτωσαν
631 267 680 302 τὴν
702 267 834 302 διὰξοραν
862 268 911 301 τῆς

136 311 255 337 συνθέτου
265 311 325 338 κατ’
339 312 438 343 αὖτοὺς
452 312 572 348 Χριστοῦ
582 312 690 348 φύσεως
702 314 748 340 καὶ
759 313 806 348 τῆς
821 313 910 348 ἀπλῆς

132 357 173 383 τοῦ
188 357 273 391 Λόγου
293 358 412 392 φύσεως.

162 446 209 474 1Ε¹.
224 447 284 473 Τῶν
297 447 438 482 ὀνομάτων
452 447 497 474 καὶ
510 447 563 473 τῶν
584 447 714 482 ῥημάτων
733 448 767 474 τὰ
789 447 838 481 μὲν
852 447 908 481 ἔχει

129 492 172 526 τὴν
188 493 325 527 προφορὰν
334 493 532 529 πληϐυντικὴν,
550 494 643 529 ἑνικὴν
655 494 682 520 δὲ
694 494 743 529 τὴν
759 495 908 529 σημασίαν,

128 537 162 568 ὡς
180 537 265 571 Θῆϐαι
277 539 323 564 καὶ
344 539 455 573 Ἀθῆναι
471 540 517 565 καὶ
534 539 722 576 παρεμϐολαί·
737 540 771 566 τὰ
781 541 809 566 δὲ
821 540 910 575 ἔμπα-

128 581 165 608 λιν
184 582 275 618 ἑνικὴν
297 584 346 618 μὲν
370 585 419 619 τὴν
444 585 595 619 προφορὰν,
612 584 800 620 πληθυντικὴν
816 585 846 611 δὲ
860 585 910 621 τὴν

129 630 272 664 σημασίαν,
294 630 330 662 ὡς
349 630 379 656 τὸ
393 630 483 665 χορὸς,
501 630 597 666 δῆμος,
615 631 742 666 στρατὸς,
754 632 833 664 πόλις
843 640 850 648 ·
864 632 909 658 λε-

127 675 242 708 γέτωσαν
261 677 351 702 τοίνυν
367 677 425 709 πῶς
452 678 468 712 ἠ
491 678 540 712 μία
567 678 694 710 σύνθετος
718 680 812 711 αὺτοῖς
829 679 909 713 φύσις

126 720 247 754 Myer“;
264 723 289 748 εἰ
306 723 355 756 μὲν
373 723 410 754 ὡς
429 724 503 759 παρὰ
516 725 572 755 τοῖς
588 725 727 759 Πατράσιν
743 726 759 760 ὴ
774 726 850 759 διττὴ
864 726 909 752 λε-

127 768 222 802 γομένη
237 769 284 794 καὶ
297 769 378 804 διπλῆ
392 770 483 802 φύσις,
500 770 592 805 χώραν
605 771 654 797 οὐκ
668 771 763 806 ἕχειτὺ
780 773 910 807 προσχεῖ-

128 813 223 848 οθαιτῇ
233 813 352 849 συνοέτῳ
363 813 441 848 φύσει
452 814 481 840 τὸ
495 816 559 850 μίαν
571 816 655 850 αὐτὴν
668 816 821 850 ὀνομάζειν,
833 818 910 852 εἴπερ

127 858 188 892 μηδὲ
201 860 233 894 τῇ
247 859 341 894 διττῇ·
358 859 426 895 πρὸς
447 859 475 886 δὲ
507 861 554 887 καὶ
581 861 696 895 μάταιος
706 862 799 893 αὐτοῖς
813 863 827 889 ὁ
844 863 910 898 πρὸς

125 904 169 936 τὰς
182 904 227 931 δύο
243 905 339 939 φύσεις
352 905 486 941 πόλεμος·
500 908 577 942 ἐνικῇ
595 908 649 942 γὰρ
667 917 699 943 ση
706 908 792 944 μασίᾳ
803 909 850 935 καὶ
860 911 910 935 αὑο

124 951 164 976 τοὶ
180 951 368 986 πληθυντικὴν
379 952 584 980 ἀποδεδώκασιν
598 954 714 981 ἔννοιαν.
730 955 760 981 El
773 955 802 981 δὲ
815 955 910 992 ὥσπερ

123 995 175 1030 ἔχει
193 996 242 1031 τὴν
270 997 367 1032 κλῆσιν
382 999 488 1033 ἑνικὴν.
504 998 593 1031 οὕτως
609 1000 718 1033 ἀξιοῦσι
745 1001 795 1036 τὴν
820 1010 910 1036 σημα-

124 1042 180 1068 silv
193 1040 263 1070 εἶναι
280 1043 385 1079 ἑνικὴν,
401 1045 500 1071 ταύτὸν
525 1045 618 1077 αὐτοῖς
637 1046 800 1081 σημαίνεται
816 1048 847 1073 ὲκ
861 1048 910 1083 τῆς

121 1088 208 1122 ἁπλῆς
223 1089 270 1115 καὶ
286 1089 436 1117 ἀσυνθέτου
452 1090 559 1125 φύσεως
570 1099 576 1106 ·
592 1092 639 1118 καὶ
660 1092 774 1128 περιττὴ
787 1094 880 1136 αὐτρῖς
894 1095 910 1129 ἠ

121 1133 165 1159 τοῦ
189 1134 316 1161 συνθέτου
328 1136 403 1171 φωνή
418 1144 424 1150 ·
441 1137 471 1162 τὸ
492 1137 547 1172 γὰρ
573 1137 640 1164 αὐτὸ
664 1139 695 1164 ὲκ
712 1138 762 1173 τῆς
777 1133 866 1174 ἁπλῆς
880 1148 909 1165 τε

121 1179 166 1204 καὶ
182 1179 309 1207 συνθέτου
324 1181 486 1209 ἀποδέδοται
502 1182 604 1217 νόημα⁸
621 1184 645 1209 εί
663 1183 691 1209 δὲ
708 1184 855 1219 μηδέτερον
871 1184 909 1219 (2)

120 1224 173 1250 τῶν
182 1226 338 1260 εἰρημένων
356 1226 477 1263 νοηθείη,
492 1228 546 1263 ἄρα
561 1228 607 1254 καὶ
621 1229 829 1264 συγκεχυμένην
844 1229 911 1264 μίαν

122 1270 201 1303 φύσιν
219 1271 251 1297 ἐκ
278 1271 325 1298 δύο
343 1272 451 1306 φύσεων
470 1273 719 1308 μυθοπλαστοῦσιν,
734 1275 816 1302 ὁποία
829 1275 875 1302 καὶ
893 1276 910 1311 ἡ

121 1316 173 1342 τῶν
191 1317 311 1351 ἡμιόνων
340 1319 527 1354 ἐπινενόηται,
551 1321 599 1346 καὶ
628 1321 704 1356 παρὰ
728 1322 784 1352 τοῖς
798 1321 910 1355 Ἕλλησι

120 1362 148 1388 δὲ
172 1364 188 1397 ἡ
222 1363 276 1390 τῶν
310 1364 494 1401 πολυμόρφων
525 1365 602 1399 ζώων
630 1367 804 1402 ἐπινενόηται
831 1376 910 1402 τερα-

120 1409 190 1435 τεία.

156 1494 213 1528 ΚΤ,
227 1495 259 1521 Εἰ
273 1494 304 1521 τὺ
320 1495 411 1529 λέγειν
426 1497 492 1531 μίαν
517 1496 600 1532 φύσιν
612 1497 660 1524 τοῦ
675 1497 744 1524 Θεοῦ
758 1499 846 1533 Λόγου
864 1508 910 1526 σει

963 221 1065 248 Cliristi
1088 230 1142 248 non
1168 229 1250 249 unam
1273 227 1399 249 naturam
1422 222 1594 253 declarabit;
1626 221 1699 255 quod
1727 222 1749 249 si

962 267 1078 301 simplex
1105 272 1134 294 et
1162 267 1314 302 composita
1343 275 1425 294 unam
1450 272 1575 294 naturam
1599 267 1751 294 secundum

962 313 1037 347 ipsos
1051 313 1182 344 declarat,
1206 313 1301 340 dicant
1317 313 1503 340 diﬁcrentiam
1521 317 1626 340 natura:
1649 312 1750 339 Christi

961 358 1115 386 secundum
1139 358 1214 393 ipsos
1243 358 1405 393 compositi,
1427 363 1455 385 et
1485 363 1591 385 natura;
1616 357 1753 392 simplicis

961 403 1056 430 Verbi.

996 449 1054 476 XV.
1071 449 1232 479 Nominum.
1245 454 1273 476 et
1286 449 1437 477 verborum
1455 449 1554 484 partim
1569 449 1682 483 quidem
1703 449 1747 475 ha-

959 496 1282 530 bentpronuntiationem
1288 496 1333 530 plu
1339 495 1651 530 rium,significationem
1658 495 1752 529 singw-

960 543 1037 573 laris,
1046 546 1077 568 ut
1085 541 1186 573 Thebaa
1197 545 1286 569 castra
1295 546 1324 568 et
1332 541 1471 572 Athenae;
1491 540 1592 575 partim
1612 548 1678 567 vero
1686 548 1752 567 con-

961 593 1001 616 tra
1012 587 1265 622 pronuntiationem
1274 586 1435 622 singularis,
1446 586 1676 621 signiﬁcationem
1686 594 1756 612 vero

959 635 1092 671 plurium.
1109 639 1138 661 ut
1157 634 1269 666 chorus,
1288 634 1418 668 populus,
1440 633 1579 660 exercitus
1590 636 1618 659 et
1630 631 1727 658 civitas
1743 641 1748 658 :

959 681 1052 708 dicant
1063 680 1156 715 igitur,
1163 679 1301 714 quomodo
1307 687 1360 706 una
1374 678 1525 713 composita
1531 683 1629 705 natura
1642 678 1676 704 ab
1686 678 1752 712 ipsis

960 725 1077 753 dicitur:
1087 725 1235 760 siquidem,
1245 725 1318 751 sicut
1328 725 1400 759 apud
1416 725 1511 751 Patres
1525 729 1624 751 natura
1637 731 1751 758 compo-

960 772 1012 799 sita
1029 776 1128 798 natura
1155 771 1256 806 duplex
1282 771 1394 801 dicitur.
1411 778 1467 797 non
1493 770 1577 797 habet
1601 770 1703 800 locum,
1722 773 1752 795 nt

961 816 1141 850 compositam
1172 820 1310 846 naturam,
1327 823 1410 842 unam
1432 815 1602 846 existiment,
1621 814 1686 849 quia
1704 822 1753 840 ne-

925 854 948 883 Β
962 869 1016 896 que
1043 861 1200 896 duplicem;
1220 861 1329 895 eritque
1351 861 1441 888 inanis
1463 868 1559 888 eorum
1582 861 1756 887 concertatio

962 906 1097 933 adversus
1119 905 1190 932 duas
1208 910 1321 932 naturas
1337 904 1407 940 :ipsi
1429 904 1503 932 enim
1526 904 1634 931 scilicet
1655 904 1754 931 Patres

962 952 1158 988 significationi
1179 951 1313 987 singulari
1338 959 1451 979 sensum
1478 950 1599 985 plurium
1622 950 1751 977 reddide—

963 1003 1027 1026 runt
1040 1007 1047 1031 ;
1064 999 1107 1025 sin
1127 1002 1230 1029 autem,
1249 998 1321 1025 sicut
1330 997 1414 1024 habet
1428 997 1643 1032 appellationem
1656 997 1736 1031 singu
1750 1010 1753 1014 -

961 1041 1056 1073 larem,
1072 1043 1113 1069 sic
1133 1042 1228 1069 volunt
1245 1041 1475 1077 signiﬁcationem
1490 1049 1552 1068 esse
1572 1041 1751 1075 singularem,

961 1086 1034 1113 idem
1049 1086 1116 1121 ipsis
1127 1087 1263 1122 signiﬁcat
1279 1087 1395 1121 simplex
1404 1091 1433 1114 et
1446 1087 1627 1122 incomposita
1641 1092 1750 1114 natura.

961 1133 995 1160 Et
1008 1142 1209 1168 supervacanea
1240 1138 1281 1161 est
1307 1133 1525 1167 vorcompositi.
1551 1133 1653 1160 Eadem
1675 1134 1750 1160 enim

961 1177 1038 1203 notio
1053 1177 1120 1212 ipsis
1140 1177 1265 1204 redditur
1279 1185 1311 1204 ex
1327 1178 1466 1212 simplici.
1492 1183 1520 1205 et
1542 1186 1576 1204 ex
1597 1178 1754 1212 conquisita

962 1228 1073 1250 natura.
1089 1223 1117 1250 Si
1134 1228 1228 1250 autem
1240 1229 1372 1250 neutrum
1391 1232 1424 1250 ex
1444 1224 1527 1250 dictis
1546 1228 1599 1256 est,
1616 1224 1749 1251 adulteri-

962 1277 1024 1296 nam
1042 1269 1135 1304 igitur,
1152 1274 1180 1296 et
1197 1269 1338 1296 confusam
1352 1277 1434 1296 unam
1450 1275 1576 1296 naturam
1592 1277 1625 1297 ex
1643 1269 1757 1297 duabus-

961 1315 1070 1342 naturis
1083 1314 1254 1349 contingunt,
1270 1315 1360 1348 qualis
1374 1319 1471 1342 natura
1492 1315 1630 1343 mulorum
1644 1320 1670 1342 et
1683 1315 1757 1342 alio-.

963 1369 1023 1388 rum
1035 1361 1168 1396 ejusmodi
1182 1360 1335 1396 excogitata
1346 1366 1404 1394 est;
1418 1365 1446 1388 et
1459 1361 1541 1396 quale
1551 1361 1624 1396 apud
1634 1362 1758 1397 gentiles.

963 1407 1130 1434 describitur
1143 1406 1354 1434 multiformium
1367 1411 1395 1434 et
1408 1407 1610 1434 contrariorum
1625 1408 1751 1435 animari..-

964 1453 1032 1480 tium
1053 1457 1217 1480 monstrum.

997 1498 1067 1527 XVI.
1082 1499 1111 1526 Si
1128 1499 1223 1527 dicere
1240 1507 1321 1526 unam
1339 1503 1462 1527 naturam
1473 1499 1556 1527 Verbi
1570 1499 1750 1528 incarnatam.

121 1541 302 1576 σαρκωμένην
315 1541 436 1569 ἐναντίον
445 1543 503 1569 έστὶ
518 1542 557 1578 τῷ
570 1543 660 1577 λέγειν
677 1543 723 1570 δύο
753 1544 907 1579 ἠνωμένας,

965 1542 1132 1570 contrarium
1151 1547 1194 1570 est
1213 1544 1294 1578 atque
1312 1543 1403 1571 dicere
1423 1543 1491 1570 duas
1514 1549 1624 1571 naturas
1639 1543 1750 1575 unitas;

119 1587 192 1612 δυοῖν
202 1587 308 1622 ἀνάγκη
324 1587 474 1623 θάτερον,ἢ
491 1588 540 1624 τὴν
557 1590 646 1624 σάρκα
662 1589 765 1625 ταύτην
781 1590 819 1626 μὴ
836 1589 908 1618 εἶναι

122 1632 212 1666 φύσει,
236 1632 303 1668 μηδὲ
332 1633 432 1668 σαρκὸς
447 1633 519 1668 ἔχειν
534 1633 625 1668 φύσιν,
639 1634 655 1670 ἢ
672 1632 756 1661 οὖσαν
776 1635 814 1671 μὴ
827 1636 908 1671 λέγει

121 1678 184 1704 σθαι
215 1678 284 1714 ὅπερ
297 1679 386 1705 ἐστίν·
416 1679 553 1715 ὁποτέραν
575 1680 667 1706 τοίνυν
690 1680 832 1716 βούλονται
856 1682 911 1709 τῶν

121 1724 267 1756 ἀσεϐειῶν,
280 1725 473 1760 αἱρείσθωσαν,
486 1726 503 1761 ἢ
527 1726 575 1762 τὴν
601 1722 684 1760 φύσιν
701 1726 805 1762 ταύτην
820 1728 910 1763 σάρκα

121 1769 160 1804 μὴ
179 1766 260 1802 εἶναι,
282 1770 298 1804 ἢ
315 1771 365 1806 τὴν
381 1771 473 1806 σάρκα
490 1771 571 1805 φύσιν
584 1771 621 1807 μὴ
634 1771 773 1806 λέγεσθαι.

153 1858 203 1884 IZ'.
223 1857 306 1893 1H5)
332 1857 384 1893 μία
409 1857 490 1892 φύσις
517 1857 562 1885 τοῦ
582 1858 651 1885 Θεοῦ
666 1859 756 1894 Λόγου
772 1867 908 1895 σεσαρκωι

117 1904 202 1938 μένη,
215 1904 332 1938 τριπλῆν
356 1903 413 1939 ἔχει
435 1904 484 1940 τὴν
501 1905 605 1931 ἔννοιαν
616 1913 622 1920 ·
637 1905 653 1940 ἦ
668 1905 720 1939 γὰρ
743 1905 819 1932 κατὰ
830 1906 911 1932 ἀντι⁴

115 1949 259 1982 στιορὴν
268 1949 383 1983 λέγοιτο,
392 1947 448 1977 οἷον
455 1950 496 1976 ὅτι
505 1950 551 1976 καὶ
560 1951 756 1986 σεσαρκωμένη
769 1951 819 1985 μία
829 1951 910 1978 πάλιν

113 1996 190 2026 ἐστὶ,
218 1995 310 2031 γυμνὴ
335 1996 471 2031 σώματοῇ
487 1996 581 2032 ὥσπερ
607 1998 654 2023 καὶ
678 1996 725 2023 τοῦ
749 1997 848 2032 χαλκοῦ
864 1997 911 2024 ἀν-

113 2041 245 2076 δριάντος
259 2042 309 2076 μία.
328 2041 408 2076 φύσις
423 2041 526 2076 χαλκοῦ
547 2043 775 2078 ἐσχηματισμένη
787 2052 793 2058 “
809 2043 825 2077 ἦ
842 2044 912 2069 κατὶι

112 2088 224 2123 τροπὴν
242 2087 348 2119 οὐσίας,
362 2088 443 2114 οἱονεὶ
457 2089 507 2123 μία
526 2089 606 2122 φύσις
620 2088 666 2115 τοῦ
687 2089 774 2122 Λόγου
787 2089 910 2124 ἀποπαρ-

114 2133 240 2159 κωϐεῖσα
251 2143 258 2149 ·
276 2133 370 2168 ὥσπερ
384 2134 417 2160 ἂν
429 2134 509 2165 εἴτις
523 2134 569 2160 καὶ
584 2134 631 2161 τοῦ
650 2134 745 2166 ὓδατος
758 2135 831 2168 λέγοι
847 2135 912 2169 μίαν

113 2178 202 2212 φύσιν
216 2178 435 2206 ἀπολιθωοείσαν
447 2187 453 2193 ·
471 2179 489 2214 ἢ
504 2180 545 2206 ὅτι
567 2179 616 2213 μία
637 2177 704 2206 οὖσα
719 2181 734 2214 ἡ
749 2180 796 2206 τοῦ
823 2181 911 2214 Λόγου

113 2223 202 2257 φύσις
219 2224 249 2250 οὺ
271 2224 351 2259 μόνον
369 2224 551 2259 καθ’έαυτὴν,
565 2225 633 2251 ἀλλὰ
649 2225 720 2260 μετὰ
736 2225 835 2261 σαρκὸς
846 2226 913 2253 οὖσα

113 2270 276 2304 θεωρεῖται.
302 2269 334 2296 Et
363 2270 413 2305 μὲν
438 2268 484 2296 οὖν
511 2271 581 2296 κατὰ
599 2271 647 2302 τὰς
667 2271 781 2306 πρώτας
809 2271 913 2303 ἐννοίας

113 2316 202 2342 τοῦτο
216 2310 352 2349 λέγουσιν,
371 2316 485 2343 αὐτόθεν
502 2317 593 2348 αὐτοῖς
606 2317 655 2351 τῆς
670 2316 797 2348 ἀσεϐείας
811 2319 824 2343 ό
839 2318 914 2351 ἐλεγ-

113 2369 185 2396 χοςο
215 2363 286 2396 μετὰ
314 2362 369 2397 γὰρ
395 2362 585 2397 Ἀπολιναρίου
615 2364 662 2389 καὶ
686 2363 825 2398 Εὑτυχοῦς
845 2364 912 2390 ἀπο-

113 2403 305 2439 σιὶευάζονται
315 2408 362 2442 τὴν
377 2409 535 2443 οἰκονομίαν
546 2418 552 2424 ·
565 2408 626 2435 εἰδὲ
640 2409 710 2435 κατὰ
720 2409 750 2435 τδ
758 2409 913 2436 τελευταῖον

113 2454 337 2488 σημαινόμενον,
348 2453 405 2484 πῶς
420 2454 436 2488 ἠ
450 2455 518 2488 μετὰ
532 2454 633 2489 σαρκὸς
647 2454 693 2481 τοῦ
710 2455 798 2488 Λόγου
817 2455 910 2489 φύσις,

111 2501 150 2533 τῇ
163 2499 258 2532 φύσει,
268 2500 315 2533 τῆς
325 2500 426 2534 σαρκὸς
439 2501 471 2534 τῇ
485 2500 554 2534 μετὰ
565 2499 611 2526 τοῦ
623 2500 710 2534 Λόγου
726 2500 802 2535 οὔσῃ,
814 2501 864 2535 μία
879 2503 910 2536 τῇ

111 2544 203 2578 φύσει.
214 2544 302 2577 ἐστὶν,
314 2545 329 2579 ἢ
343 2545 402 2575 πῶς
419 2544 456 2579 μὴ
469 2542 535 2570 οὖσα
554 2543 603 2578 μία
614 2545 647 2579 τῇ
663 2544 752 2578 φύσει,
771 2545 818 2579 μία
832 2545 913 2583 φύσις

110 2590 301 2624 λεχθήσεται;

963 1587 1128 1616 alterutrum
1149 1596 1261 1615 necesse
1274 1593 1326 1621 est,
1342 1593 1511 1616 autearnem
1531 1589 1600 1615 hanc
1622 1597 1674 1616 non
1690 1597 1756 1616 esse!

963 1638 1100 1666 naturam,
1118 1642 1207 1668 neque
1229 1638 1354 1661 naturam
1375 1635 1466 1662 carnis
1483 1634 1597 1666 habere;
1615 1639 1662 1661 aut
1687 1642 1750 1662 eam

964 1679 1066 1715 alioqui
1080 1680 1191 1712 sit,non
1208 1684 1298 1707 tamen
1312 1680 1366 1707 dici
1379 1688 1450 1712 esse,
1471 1680 1545 1714 quod
1565 1684 1608 1707 est
1628 1690 1634 1706 :
1650 1681 1750 1715 eligant

963 1725 1111 1760 sapientes,
1128 1730 1218 1752 utram
1232 1725 1329 1752 harum
1355 1725 1527 1760 impietatum
1549 1725 1655 1755 malint.
1669 1731 1749 1752 natu-

963 1779 1020 1798 ram
1044 1771 1114 1799 hanc
1131 1779 1185 1799 non
1201 1779 1263 1808 esse
1279 1779 1402 1803 carnem,
1427 1779 1461 1798 an
1479 1779 1594 1799 .carnem
1622 1779 1676 1798 non
1694 1771 1761 1798 dicit.

963 1819 1100 1842 naturam.

998 1859 1079 1887 XVII.
1096 1860 1154 1887 Una
1167 1864 1264 1887 natura
1280 1860 1359 1887 Verbi
1375 1859 1526 1891 incarnata,
1549 1859 1684 1894 tripiicem
1701 1860 1751 1886 Ila~

965 1906 1011 1934 bet
1025 1907 1238 1933 notioncmmut
1254 1906 1328 1933 enim
1342 1905 1445 1934 dicitur
1456 1905 1527 1932 κατὰ
1544 1905 1592 1941 τὴν
1609 1906 1751 1939 ιίινιιτιστρο⁴

965 1951 1028 1986 φὴν,
1051 1950 1076 1977 id
1093 1956 1135 1978 est
1152 1950 1302 1978 secundum
1320 1950 1580 1985 reciprocationem;
1603 1950 1655 1977 hoc
1669 1949 1751 1976 modo

964 2000 1006 2023 est
1028 2004 1081 2023 una
1103 2000 1200 2023 natura
1226 1996 1308 2023 Verbi
1334 1996 1492 2028 ineat-nata,
1519 1995 1584 2030 quia
1612 1995 1758 2022 incantata

965 2048 1060 2068 rursus
1079 2049 1133 2068 una
1153 2046 1249 2068 natura
1263 2046 1315 2074 est,
1337 2041 1390 2068 hoc
1407 2046 1459 2073 est,
1475 2041 1547 2068 nuda
1567 2048 1694 2074 corpore,
1715 2040 1751 2066 si-

965 2087 1021 2114 cuti
1038 2087 1100 2114 :nris
1117 2092 1214 2115 statua:
1236 2095 1288 2114 una
1304 2091 1402 2114 natura
1412 2091 1454 2114 est
1471 2087 1534 2114 :eris
1556 2086 1687 2121 ﬁgurata;
1705 2088 1752 2111 aut

966 2133 1068 2160 dicitur
1082 2133 1233 2160 secundum
1255 2133 1434 2160 mutationem
1449 2132 1618 2163 substantim,
1636 2135 1682 2157 atlt
1699 2138 1751 2157 una

967 2183 1062 2205 natura
1081 2178 1159 2205 Verbi
1183 2186 1280 2205 carnea
1294 2179 1375 2210 facta,
1398 2181 1429 2204 ut
1449 2177 1471 2204 si
1495 2176 1558 2211 quis
1571 2176 1654 2209 dicat,
1668 2182 1748 2202 unam

927 2211 1090 2250 Dnaturam
1119 2231 1196 2258 aqua:
1217 2224 1450 2258 lapidcscentcm;
1470 2226 1517 2249 aut
1541 2222 1653 2253 dicitur,
1677 2220 1751 2255 quod

966 2278 1018 2297 una
1035 2275 1134 2297 natura
1149 2270 1230 2298 Verbi
1246 2278 1308 2297 cum
1326 2270 1371 2300 sit.
1387 2277 1440 2296 non
1454 2268 1522 2300 sola,
1537 2273 1566 2296 et
1582 2276 1631 2303 per
1647 2275 1687 2300 se,
1703 2267 1751 2294 sed

964 2323 1025 2343 cum
1044 2323 1125 2343 carne
1145 2316 1344 2343 consideratur.
1372 2315 1400 2342 Si
1423 2315 1505 2349 igitur
1526 2317 1678 2341 secundum
1694 2313 1751 2348 pri-

965 2369 1022 2388 mas
1043 2362 1169 2389 notiones
1186 2370 1267 2388 unam
1284 2366 1409 2388 naturam
1425 2360 1505 2387 Verbi
1523 2360 1694 2386 incarnatam
1711 2357 1752 2385 di-

965 2412 1040 2439 cunt,
1053 2415 1086 2434 ex
1101 2415 1135 2434 eo
1150 2407 1208 2442 ipso
1222 2407 1296 2442 quod
1311 2407 1417 2438 dicunt,
1431 2407 1553 2441 ipsorum
1568 2406 1694 2441 impietas
1708 2413 1752 2432 rc-

966 2453 1129 2488 dargnitur:
1145 2461 1206 2480 cum
1238 2453 1408 2488 Apollinario
1421 2453 1494 2480 enim
1508 2458 1534 2480 et
1553 2460 1615 2479 eum
1631 2451 1753 2486 Eutyche

967 2499 1126 2534 mysterium
1148 2499 1346 2526 incarnationis
1365 2499 1474 2526 tollunt.
1496 2498 1523 2525 Si
1544 2503 1636 2525 autem
1654 2504 1752 2524 secun-

967 2544 1030 2571 dum
1050 2549 1203 2572 extremum
1222 2545 1402 2580 signiﬁcatum
1421 2544 1527 2576 dicunt,
1553 2542 1690 2577 (ptomndo
1705 2549 1753 2567 na—

969 2595 1028 2618 tura
1043 2591 1122 2618 Verbi
1139 2599 1200 2618 Clllll
1213 2599 1305 2623 carne,
1322 2598 1384 2617 cum
1400 2595 1496 2617 natura
1512 2589 1601 2616 carnis
1617 2595 1676 2622 qum
1690 2593 1752 2613 cum

112 2635 215 2663 Verbo
231 2642 283 2669 est,
304 2645 357 2664 una
376 2640 418 2664 est
437 2637 587 2664 secundum
608 2637 752 2664 naturam?
771 2642 818 2664 aut
836 2638 974 2672 quomodo
988 2638 1008 2665 si
1024 2646 1078 2665 non
1110 2643 1149 2666 est
1164 2647 1216 2666 una
1247 2638 1396 2666 secundant
1425 2643 1560 2669 naturam,
1578 2642 1674 2664 natura
1699 2643 1751 2661 una

109 2683 251 2711 diei-tur?

154 2731 214 2757 III’.
241 2730 281 2756 Ti
309 2731 411 2766 κυρῖως
427 2730 551 2765 ἀλλήλοις
570 2730 756 2766 ἀντικείμενα,
787 2732 850 2767 ὃλην
868 2731 914 2767 τὴν

156 2814 197 2849 (2)
216 2814 284 2842 Cod.
305 2813 342 2849 μὴ
358 2813 404 2840 δύο
418 2813 538 2849 πότερον.

1004 2731 1095 2759 XVIII.
1112 2732 1176 2765 Quae
1191 2731 1301 2766 proprie
1324 2731 1395 2758 inter
1415 2737 1443 2757 se
1463 2733 1525 2756 sunt
1552 2728 1685 2763 opposita,
1711 2733 1751 2756 to.

1003 2811 1038 2847 (ὅ)
1054 2813 1144 2840 I‘rima
1161 2820 1239 2840 manu
1258 2817 1329 2839 recte
1346 2811 1372 2845 ἡ,
1387 2809 1508 2837 secunda
1525 2816 1666 2845 perperam
1679 2810 1710 2836 at.
