1959 3064
85 135 147 173 255⁸1

549 138 740 174 HlSTORM?
757 138 1051 172 ECCIESIASTICE
1069 141 1183 171 LIBER
1199 140 1241 170 ΙΙ.

1625 136 1696 172 2558

88 197 184 224 σάντων
198 195 344 229 ἐσφάλθαι,
363 196 409 222 καὶ
426 196 514 231 μάτην
539 197 635 228 αὐτοὺς
659 197 855 232 καθῃρηκέναι.

910 197 936 222 in
951 196 1004 223 lide
1018 216 1025 226 ,
1046 197 1147 230 injuste
1162 194 1278 229 depositi
1309 201 1369 221 esse
1395 197 1566 221 noscuntur:
1586 195 1695 223 videtur

85 241 153 269 οὐδὲν
171 241 233 276 περὶ
245 240 294 276 τὴν
308 241 399 268 πίστιν
416 241 562 275 σφαλέντες
577 242 741 273 δείκνυνται,
758 242 857 273 ἀδίκως

86 287 112 314 δὲ
126 283 355 321 καθαιρεθέντεςδ
365 286 493 320 φαίνεται
507 288 574 322 ἡμῖν
586 287 656 314 κατὰ
679 287 709 314 τὸ
724 287 783 322 Θεῷ
798 287 861 322 ἀρέ-

86 337 144 360 σκον
164 333 270 359 δίκαιον
291 329 370 365 εἶναι,
389 333 414 359 εί
437 333 592 368 παρασταίη
608 334 647 368 τῷ
669 334 798 368 θειοτάτῳ
815 333 862 360 καὶ

83 377 260 412 εὖσεϐεστάτῳ
285 376 363 412 ἡμῶν
386 377 519 412 Δεσπότῃ,
545 377 584 412 τῷ
613 376 686 411 αὐτῷ
719 374 859 411 ἐπιτιμίῳ,

84 423 220 458 Διόσκορον
251 422 298 449 τὸν
327 418 522 449 εὖλαὸέστατον
553 419 702 448 ἐπίσκοπον
734 421 859 454 Ἀλεξαν-

82 468 177 503 δρείας.
192 468 238 494 καὶ
256 463 430 494 ’Ῐονὸενάλιον
442 464 487 494 τὸν
499 464 695 494 εύλαϐέστατον
709 467 860 493 ἐπίσκοπον

87 512 283 548 Ἰεροσολύμων,
299 513 345 539 καὶ
364 513 514 540 Θαλάσσιον
527 508 572 539 τὸν
585 512 783 540 εὐλαϐέστατον
799 513 860 539 ἐπί-

83 568 176 586 σκοπον
188 558 365 593 Καισαρείας,
380 559 428 585 καὶ
460 557 589 585 Εὖσέὸιον
602 559 647 585 τὸν
662 559 859 585 εὐλαϐέστατον

81 605 223 631 ἐπίσκοπον
237 602 381 638 Ἀρμενίας
394 602 462 637 (10),
472 604 519 630 καὶ
539 602 685 631 Εὐστὰθιον
693 603 738 630 τὸν
746 601 860 630 εὐλαϐέ-

83 657 172 675 στατον
191 645 338 675 ἐπίσκοπον
362 646 494 684 Βηρυτοῦ,
509 649 557 675 καὶ
576 646 713 676 Βασίλειον
727 649 771 675 τὸν
783 648 862 676 εὐλα-

81 694 205 720 ϐέστατον
223 695 371 721 ἐπίσκοπον
386 694 548 726 Σελευκείας
563 695 613 730 τῆς
634 693 782 728 Ἰσαυρίας,
798 694 860 726 τοὺς

82 737 200 770 ἐξουσίαν
218 739 366 773 ἐσχηκότας
386 738 432 764 καὶ
450 738 614 774 ἐξάρχοντας
632 738 681 773 τῆς
711 739 771 764 τότε
799 746 861 764 συν-

80 784 146 815 όδου,
164 784 290 810 ἐκπεσεῖν
305 783 360 818 (11)
383 783 427 810 διὰ
441 783 491 818 τῆς
519 785 594 818 legi;
618 784 721 818 ταύτης
751 783 860 810 συνόδου

81 829 148 855 κατὰ
162 830 224 861 τοὺς
239 829 354 862 κανόνας
376 828 422 856 τοῦ
447 829 627 856 ἐπισκοπικοῦ
641 830 796 864 ἀξιώματος
809 830 858 856 ἁλ-

79 872 196 910 λοτρίους
218 873 389 909 γινομένους,
407 874 515 901 πάντων
530 874 585 901 τῶν
600 875 858 910 παρακολουθησάν-

80 930 131 947 των
150 922 182 956 τῇ
203 919 263 955 θείᾳ
285 921 389 955 κορυφῇ
413 919 633 955 γνωριζομένων.
656 920 714 955 Ἐφ’
737 917 778 952 οἷς
807 922 857 948 t1:-

77 965 189 1001 εϐόησαν
200 962 225 992 ot
239 962 416 992 Ἀνατολικοί’
428 965 501 1001 Αὕτη
515 966 606 992 δικαία
615 967 715 999 κρίσις.
726 967 757 993 Οἱ
768 964 795 993 δὲ
805 966 859 992 τῶν

83 1011 215 1046 Ἰλλυριῶν
237 1008 382 1038 ἐπίσκοποι
408 1008 630 1045 ὲπεκραύγασαν·
654 1008 756 1044 Πάντες
772 1008 857 1045 ἐσφά-

76 1056 169 1091 λημεν.
187 1056 287 1087 πάντες
312 1055 477 1090 συγγνώμης
505 1055 676 1091 ἀξιωθῶμεν.
697 1055 752 1082 Καὶ
777 1056 858 1083 πάλιν

75 1102 127 1128 τῶν
141 1101 322 1128 Ἀνατολικῶν
336 1101 549 1136 ἐπιϐοησάντων*
560 1101 634 1136 Δῦτη
649 1102 739 1128 δικαία
749 1101 838 1137 ψῆφος
849 1110 857 1118 ο

74 1148 119 1175 τὸν
136 1147 217 1182 φονέα
230 1147 243 1172 ὁ
258 1147 375 1182 Χριστὸς
397 1147 517 1180 καθεῖλε,
531 1147 593 1178 τοὺς
609 1148 749 1182 μάρτυρας
762 1148 776 1173 ὁ
791 1147 855 1182 Χρι⁴

75 1193 135 1226 στδς
156 1194 327 1228 ἐξεδίκησεν·
349 1193 375 1220 οἰ
397 1193 574 1228 συγκλητικοὶ
596 1193 766 1227 διελὰλησαν,
786 1192 856 1219 ὥστε

74 1238 188 1266 ἕκαστον
202 1239 255 1265 τῶν
272 1239 428 1265 ἐπισκόπων
448 1238 502 1265 τῶν
517 1238 731 1273 συνειλεγμένων
742 1237 856 1269 ἰδιαζόν-

72 1292 126 1315 τως
147 1284 198 1318 τὴν
221 1283 324 1310 οἰκείαν
348 1283 476 1310 ἐκθέσθαι
504 1283 606 1313 πίστιν,
624 1283 793 1318 γινώσκοντα
818 1284 856 1315 ὡς

73 1329 208 1360 θειότατος
225 1327 351 1363 βασιλεὺς
365 1328 434 1355 κατὰ
443 1327 492 1364 τὴν
506 1327 614 1355 ἔκθεσιν
630 1328 685 1354 τῶν
707 1329 736 1355 ὲν
754 1329 857 1364 Νικαίᾳ

70 1374 233 1409 τριακοσίων
264 1377 310 1409 ιη’,
339 1374 386 1400 καὶ
409 1373 464 1400 τῶν
503 1375 531 1400 ὲν
572 1373 857 1400 Κωνσταντινουπόλει

72 1423 110 1455 ριν
126 1419 180 1455 (12)
194 1419 333 1454 Πατέρων,
351 1419 397 1445 καὶ
410 1419 460 1450 τὰς
470 1418 613 1450 ἐπιστολὰς
628 1418 682 1446 τῶν
700 1419 785 1453 ἁγίων
801 1420 856 1445 Πα-

71 1466 167 1500 τέρων,
183 1464 345 1499 Γρηγορίου,
367 1463 519 1497 Βασιλείου,
538 1464 664 1499 Ἰλαρίου,
682 1464 854 1497 Ἀθανασίου,

914 241 1077 276 uobisjuxta
1097 240 1124 267 id
1143 239 1215 274 quod
1232 240 1286 266 Deo
1297 239 1396 273 placet,
1410 239 1514 273 justum
1529 247 1598 272 esse,
1615 241 1696 268 modo

913 285 938 312 id
949 285 1079 320 placuerit
1089 281 1274 312 sacratissimo
1284 292 1316 311 ac
1331 284 1455 319 piissimo
1464 285 1579 312 Domino
1589 290 1695 318 nostro,

913 336 943 358 ut
969 331 1115 358 Dioscorus
1133 328 1378 357 reverendissimus
1407 328 1553 365 cpiscopus
1577 329 1694 358 Alexan-

911 375 988 407 driae,
1003 379 1032 403 et
1045 374 1184 402 Juvenalis
1201 374 1447 402 reverendissintus
1468 376 1613 411 episcopus
1630 376 1695 403 Hie-

913 421 1122 456 rosolymorum,
1145 425 1173 447 et
1189 417 1347 447 Thalassius
1362 420 1608 448 revereudissimus
1635 422 1695 456 cpi-

912 472 1010 500 scopus
1020 465 1150 493 Caesarea:
1165 464 1354 500 Cappadociae,
1370 470 1397 492 et
1411 464 1546 493 Eusebius
1567 474 1696 494 reveren-

912 510 1042 538 dissimus
1056 510 1201 545 episcopus
1212 511 1337 545 Ancyrae,
1346 513 1374 538 et
1388 506 1549 539 Eustathius
1565 520 1694 540 reveren-

912 555 1042 584 dissimus
1052 557 1196 591 cpiscopus
1211 556 1312 592 Beryti,
1328 561 1356 584 et
1370 556 1487 584 Basilius
1497 557 1678 584 reverendissi
1689 572 1696 577 -

911 611 972 630 mus
980 601 1125 638 episcopus
1132 601 1265 630 Seleuciae
1278 602 1398 634 Isauria,
1406 601 1452 636 qui
1461 606 1526 629 tunc
1534 602 1696 629 auctoritate

912 648 1017 683 przediti
1041 648 1159 675 concilio
1188 647 1375 682 pra-fuerunt,
1395 647 1484 674 eidem
1500 655 1587 682 poena:
1602 647 1695 682 subja-

911 699 1002 727 ccant,
1019 694 1185 721 sacrosancti
1208 693 1317 720 concilii
1338 693 1473 720 sententia
1490 713 1497 723 ,
1510 693 1585 727 juxta
1602 700 1696 720 sacros

911 747 1030 768 canones
1052 736 1134 767 alieni
1169 736 1203 765 ab
1224 739 1372 773 episcopali
1399 738 1531 774 dignitate
1559 738 1693 773 judicati:

911 786 1018 813 cunctis
1034 793 1095 820 quae
1110 786 1311 819 consequenter
1334 788 1409 819 gesta
1429 784 1531 811 fuerint
1556 784 1589 810 ad
1605 792 1695 811 sacra-

913 831 1010 858 tissimi
1030 830 1162 865 prittcipis
1189 830 1317 857 notitiam
1334 828 1517 864 perferendis.
1545 829 1609 857 Post
1624 830 1695 858 hanc

909 876 1150 904 interlocutionem
1174 876 1355 903 acclamatum
1382 878 1425 902 est
1449 875 1484 902 ab
1509 875 1695 902 Orientalibus

908 920 1044 957 episcopis
1054 922 1178 950 :Justum
1192 926 1235 948 est
1245 921 1298 948 hoc
1309 921 1454 957 judicium.
1468 919 1613 956 Illyriciani
1628 926 1695 948 vero

908 968 1114 996 exclamarunt:
1132 965 1260 995 Universi
1277 967 1469 1002 peccavimus;
1495 964 1616 993 universi
1646 973 1694 992 ve—

907 1012 981 1041 niam
996 1019 1207 1048 consequamur.
1222 1012 1345 1047 Cumque
1362 1012 1516 1040 Orientales
1531 1012 1631 1039 iterum
1645 1020 1693 1040 ac-

907 1059 1090 1086 clamassent:
1108 1058 1170 1086 Harc
1193 1059 1330 1086 sententia
1353 1057 1427 1093 justa
1448 1061 1511 1085 est:
1528 1055 1694 1085 homicidam

906 1101 1034 1132 Christus
1047 1102 1192 1138 deposuit:
1210 1099 1346 1131 Christus
1362 1107 1495 1138 martyres
1515 1102 1665 1130 vindicavit
1683 1110 1690 1128 :

907 1152 1046 1178 Senatores
1068 1150 1285 1185 interloquentes
1301 1150 1528 1184 pronuntiarunt,
1543 1152 1573 1176 ut
1588 1150 1692 1184 cpisco-

907 1205 1005 1232 porum
1034 1196 1082 1231 qui
1118 1200 1304 1223 convenerant
1337 1196 1529 1230 unusquisque
1568 1197 1710 1223 seorsum'

907 1243 987 1270 ﬁdem
1001 1250 1078 1270 suam
1089 1246 1240 1276 exponeret
1253 1250 1260 1268 :
1273 1249 1322 1275 pro
1337 1246 1413 1268 certo
1429 1241 1545 1274 habens,
1566 1241 1695 1269 saeratis-

907 1289 1006 1316 simum
1022 1290 1214 1322 imperatorem
1230 1287 1307 1321 juxta
1332 1287 1530 1321 expositionem
1555 1287 1616 1315 ﬁdei
1637 1291 1693 1314 tre-

906 1337 1049 1361 centorum
1066 1337 1093 1360 et
1106 1331 1259 1359 octodecim
1275 1332 1385 1358 Patrum
1405 1332 1450 1366 qui
1464 1332 1560 1359 Nicmzc
1578 1339 1694 1367 caugre-

906 1380 961 1414 gati
973 1382 1047 1410 sunt,
1064 1381 1093 1405 ct
1118 1383 1229 1405 centum
1254 1384 1286 1404 ac
1301 1377 1502 1412 quinquaginta
1523 1377 1631 1404 illorum
1646 1377 1694 1412 qui

906 1421 1171 1457 Constantinopolim
1191 1429 1360 1455 convenere;
1389 1422 1453 1449 item
1472 1423 1549 1457 juxta
1565 1423 1696 1457 epistolas

907 1473 1065 1496 sanctorum
1082 1467 1194 1495 Patrum
1212 1467 1346 1502 Gregorii,
1366 1467 1472 1500 Basilii,
1485 1468 1591 1500 llilarii,
1610 1468 1695 1494 Atha-

77 1510 249 1547 Ἀμδροσίου,
267 1511 315 1538 καὶ
337 1510 386 1541 τὰς
408 1511 456 1537 δύο
468 1512 516 1542 τὰς
533 1511 678 1545 Κυρελλου,
693 1511 742 1542 τὰς
760 1511 807 1536 ἐπὶ
820 1512 853 1546 τῇ

907 1515 987 1547 nasii,
1004 1513 1153 1547 Ambrosii,
1169 1519 1197 1541 et
1209 1514 1285 1549 juxta
1300 1513 1369 1541 duas
1382 1512 1476 1549 Cyrilli
1490 1514 1620 1549 epistolas
1636 1522 1697 1549 qua:

71 1558 166 1592 πρώτῃ
199 1557 298 1592 συνόδῳ
322 1557 356 1591 τῇ
381 1556 410 1582 ὲν
432 1556 536 1591 Ἐφέσῳ
562 1555 785 1590 δημοσιευοείσας
807 1565 851 1582 πι-

72 1602 179 1628 στεύειν
191 1601 232 1635 (Ι).
248 1601 303 1628 Καὶ
318 1601 372 1637 γὰρ
389 1601 437 1628 καὶ
456 1600 502 1627 τὸν
526 1601 723 1627 εὐλαϐέστατον
739 1601 853 1627 ἐπίσκο-

72 1656 123 1673 πον
134 1648 185 1682 τῆς
201 1645 391 1681 πρεσῦυτέρας
410 1645 520 1681 Ῥώμης
541 1646 655 1677 Λέοντα,
672 1646 779 1681 Εὐτυχῆ
807 1647 854 1672 ἐπὶ

71 1692 176 1723 τούτοις
191 1691 324 1719 καθελεῖν.
343 1691 422 1718 Οὕτω
447 1691 538 1718 τοίνυν
552 1692 598 1718 καὶ
610 1691 711 1725 ταύτης
733 1691 782 1725 τῆς
796 1699 856 1718 συν-

71 1737 208 1769 ελεύσεως
223 1736 454 1771 καταπαυθείσης,
469 1736 498 1768 ὲς
511 1736 607 1772 ἑτέραν
620 1734 799 1762 συνελθόντων
811 1735 857 1772 μό-

71 1791 125 1808 νων
143 1782 198 1816 (15)
211 1781 264 1808 τῶν
278 1782 435 1808 ὁσιωτάτων
450 1781 618 1813 ἐπισκόπων,
637 1780 776 1811 λισὲλλους
805 1780 856 1805 ἑπ-

71 1827 174 1853 έδωκεν
195 1826 348 1857 Εὐσέϐιοςὸ
364 1825 411 1852 τοῦ
438 1825 583 1860 Δορυλαίου
613 1824 762 1855 ἐπίσκοπος
787 1823 857 1858 ὑπὲρ

70 1872 170 1899 ἑαυτοῦ
184 1872 231 1898 καὶ
248 1871 410 1904 Φλαὸιανοῦ,
429 1871 461 1898 δι’
476 1866 507 1897 οὗ
528 1870 706 1905 ὲπεμὲμψατο
720 1869 856 1905 Διοσκόρῳ

69 1917 108 1949 ὡς
123 1917 160 1944 τὰ
178 1917 248 1945 αύτὰ
267 1917 382 1952 Εὐτυχεῖ
396 1916 573 1951 φρονήσαντι,
586 1916 634 1942 καὶ
652 1916 693 1942 ὅτι
713 1923 745 1949 γε
759 1915 856 1946 αὐτοὺς

68 1962 120 1997 τῆς
137 1961 286 1997 ίερωσύνης
298 1961 432 1996 ἀφείλετο.
448 1960 630 1996 Προστέθεικε
641 1960 669 1986 δὲ
686 1960 727 1987 ὅτι
741 1961 788 1986 καὶ
797 1969 855 1995 φω-

901 1558 928 1587 in
944 1559 1031 1594 prima
1048 1559 1153 1595 synodo
1168 1558 1306 1593 Ephesina
1338 1557 1460 1586 recitatae
1478 1563 1553 1591 sunt,
1570 1560 1695 1588 credere.

902 1602 970 1631 Nam
985 1607 1012 1631 et
1024 1601 1283 1630 reverendissimum
1298 1602 1416 1630 senioris
1427 1602 1520 1630 Romae
1534 1605 1696 1638 episcopum

902 1649 1033 1679 Leonem,
1045 1648 1121 1683 juxta
1129 1647 1251 1674 eamdem
1264 1647 1343 1674 ﬁdem
1356 1646 1508 1682 Eutychem
1522 1648 1694 1682 deposuisse.

904 1692 983 1720 lluuc
1000 1692 1027 1719 lu
1039 1691 1150 1719 modum
1168 1691 1244 1719 ﬁnita
1259 1692 1309 1719 hac
1324 1693 1431 1720 actione
1443 1713 1450 1725 ,
1466 1701 1529 1720 cum
1545 1693 1695 1728 religiosis-

909 1738 970 1766 simi
988 1738 1108 1773 episcopi
1130 1737 1164 1765 ad
1178 1738 1292 1765 alteram
1306 1739 1442 1766 actionem
1467 1738 1518 1766 soli
1532 1739 1612 1774 315
1631 1746 1697 1766 con-

910 1784 1062 1815 venissent,
1073 1783 1208 1810 Eusebius
1221 1784 1366 1818 episcopus
1385 1784 1498 1819 Dorylmi
1510 1784 1617 1812 libellos
1631 1792 1695 1819 por-

910 1828 980 1856 rexit
1002 1836 1054 1863 pro
1072 1836 1102 1855 se
1119 1832 1146 1855 ct
1168 1836 1218 1863 pro
1243 1828 1387 1860 Flaviano,
1407 1829 1508 1864 quibus
1534 1829 1695 1857 Dioscorum

908 1874 1066 1905 accusabat,
1082 1874 1155 1909 quod
1180 1874 1276 1902 eadem
1299 1883 1362 1902 cum
1377 1875 1499 1910 Eutyche
1514 1876 1639 1907 sentiret,
1667 1879 1696 1902 et

908 1918 981 1953 quod
1005 1918 1189 1946 sacerdotium
1217 1919 1283 1954 ipsis
1296 1919 1456 1946 ademisset.
1480 1919 1586 1955 Adjecit
1612 1919 1694 1953 etiam

672 2016 808 2050 VALESll
829 2015 1106 2045 ANNOTATIONES.

106 2077 165 2113 (10)
184 2077 365 2113 Ἐπίσκοέτον
375 2077 542 2113 Ἀρμενίας,
549 2075 730 2113 Scribendttm
740 2081 782 2113 est
793 2076 856 2113 '_Ay-

67 2111 159 2147 κόρας
171 2120 204 2139 ex
214 2112 290 2139 Actis
304 2112 433 2140 Chalced.
447 2111 566 2144 concilii,
581 2118 641 2147 pag.
660 2111 720 2144 132,
737 2111 784 2138 ubi
797 2111 855 2138 haec

63 2146 196 2184 judicum
204 2147 388 2184 interlocutio
402 2146 530 2184 refertur.

102 2182 164 2244 3H)
191 2181 355 2208 'Exaeasir.
373 2181 484 2209 Rectius
505 2181 533 2208 in
555 2180 662 2208 actione
675 2180 762 2216 prima
773 2179 855 2208 Chal-

122 2216 235 2244 onensis
249 2216 369 2244 concilii.
386 2224 446 2244 nam
460 2216 521 2244 152.
541 2215 671 2242 scribitur
695 2215 852 2242 ὑποπεσεῖν.

65 2215 235 2244 cedonensis
249 2216 369 2246 concilii,
386 2224 446 2250 pag.
460 2216 521 2248 152,
541 2215 680 2250 scribitur,
695 2215 852 2242 ὑποπεσεῖν.

67 2251 201 2278 Refertur
211 2251 285 2278 enim
301 2251 333 2277 ad
348 2251 374 2277 id
387 2249 462 2285 quod
482 2250 634 2285 praecessit,
648 2249 686 2284 τῷ
701 2249 776 2285 αὐτῷ
791 2250 852 2276 ἐπι..

64 2286 165 2326 τιμςηξ,
179 2285 309 2326 atqueita
323 2283 406 2326 etiam
419 2283 522 2326 legitur
540 2283 751 2326 supra_'in'_cap.
762 2283 781 2311 ι
799 2285 851 2311 hu-

61 2321 113 2355 jus
125 2319 202 2352 libri.
216 2319 266 2347 tibi
278 2319 470 2355 htccjudicuin
485 2320 662 2355 interlocutio
685 2319 790 2355 integra
809 2327 851 2355 re-

940 2075 995 2110 (15)
1010 2075 1223 2103 Συνελθόντων
1229 2075 1341 2109 μόνων.
1356 2075 1385 2103 In
1398 2075 1506 2103 actione
1519 2076 1599 2103 tertia
1610 2076 1692 2104 Chal-

904 2110 966 2139 ced.
982 2111 1092 2138 concilii
1108 2111 1158 2137 soli
1173 2116 1366 2138 convenerunt
1381 2111 1513 2145 episcopi,
1533 2119 1583 2138 nec
1594 2111 1640 2138 ulli
1658 2119 1693 2139 ex

904 2145 1087 2172 s:eeularibus
1105 2145 1243 2173 iudicibus
1263 2153 1296 2172 ac
1319 2145 1492 2173 senatoribus
1509 2146 1626 2172 concilio
1650 2147 1692 2173 in-

905 2180 1068 2207 terfuerunt.
1087 2180 1154 2207 Nam
1172 2181 1199 2207 in
1216 2188 1247 2207 ea
1264 2180 1545 2215 sessione-agendum
1570 2186 1631 2208 erat
1657 2182 1693 2209 de

904 2215 978 2242 ﬁde:
995 2222 1077 2249 quam
1093 2219 1123 2241 ut
1141 2219 1320 2249 exponerent.
1346 2215 1454 2242 invitati
1479 2215 1557 2249 pritts
1582 2215 1694 2243 fuerant

904 2248 1026 2284 episcopi
1049 2257 1063 2276 a
1085 2248 1293 2284 gloriosissimis
1313 2248 1464 2284 judieibus.
1480 2248 1610 2284 Episcopi
1624 2259 1691 2278 vero

905 2284 953 2312 diu
966 2284 1077 2320 quidem
1101 2284 1128 2320 id
1152 2289 1511 2320 praestareirecusaverant,
1530 2292 1592 2311 cum
1616 2285 1692 2313 dice—

905 2325 966 2347 rent
979 2319 1103 2346 sulIiecre
1117 2319 1263 2346 formulam
1282 2319 1346 2346 ﬁdei
1363 2319 1483 2351 Nicente,
1498 2327 1559 2353 quae
1574 2320 1602 2346 in
1618 2320 1692 2347 Coli-

64 2353 167 2382 l'crtur.
183 2355 213 2382 In
225 2356 241 2382 Δ
253 2353 461 2390 ουιθιιιήεῑὶοηο
473 2354 707 2390 synodiChalced.
721 2353 851 2390 [955.217,
869 2353 891 2382 D
905 2354 1191 2390 stantinopolitana_et
1206 2354 1233 2390 in
1249 2354 1337 2388 prima
1356 2354 1614 2390 Epliesinarsynodo
1629 2355 1691 2382 fue-

65 2390 200 2416 ἐκπεσεῖν
220 2389 330 2424 quidem
344 2390 462 2424 legitur;
486 2389 532 2417 sed
548 2389 662 2416 verbum
676 2389 800 2416 additum
811 2393 854 2416 est

65 2424 96 2451 in
119 2423 310 2459 superioribus
333 2423 386 2451 hoc
413 2425 505 2456 modo,
529 2423 568 2458 τῷ
591 2424 666 2458 αὐτῷ
695 2424 851 2458 ὑπαχθῆναι

64 2458 211 2493 ἐπιτιμίῳ.
237 2458 316 2491 Quod
339 2460 362 2486 si
385 2459 499 2486 verbum
526 2460 652 2485 ἐκπεσεῖν
674 2459 851 2489 retineamus,

65 2497 129 2520 tum
151 2493 296 2527 superﬁme
320 2497 402 2520 erunt
421 2493 482 2521 duae
503 2501 584 2520 voces
601 2501 662 2528 quae
686 2498 851 2527 sequuntur,

62 2528 228 2562 ἀλλοτρίους
247 2528 419 2562 γενομένους.
448 2528 528 2555 Certe
551 2528 592 2554 lue
622 2528 683 2555 duze
707 2532 851 2562 postremae

63 2570 154 2590 voces
169 2562 270 2589 desunt
289 2562 316 2589 in
338 2562 440 2590 nostris
464 2563 616 2594 codicibus,
629 2562 699 2590 Flor.
718 2567 746 2589 et
767 2562 850 2595 Tell.,

61 2604 120 2624 nec
134 2597 272 2624 habentur
291 2597 362 2631 apud
377 2597 573 2631 Nicephorum.

99 2632 160 2666 (12)
185 2631 246 2658 Τῶν
260 2632 295 2658 ἐν
315 2632 628 2658 Κωνσταντινουπόλει
640 2631 694 2666 ρκ’.
706 2632 734 2659 In
751 2632 855 2666 optimo

59 2667 164 2694 codice
174 2666 333 2693 Florentino
345 2666 444 2693 desunt
457 2666 515 2694 haec
530 2667 624 2698 verba,
642 2670 670 2692 ὲν
686 2668 854 2693 Κωνσταντι-

60 2702 193 2727 vso-mihi
206 2709 213 2715 ·
231 2709 291 2735 qua:
305 2701 416 2735 quidem
438 2709 488 2728 nec
508 2701 533 2733 i_u
549 2702 618 2728 actis
635 2701 726 2729 Chalc.
743 2702 851 2729 concilii

61 2735 216 2768 habentur,
236 2741 266 2763 ut
282 2737 376 2763 videre
391 2740 434 2763 est
445 2743 504 2771 pag.
522 2736 572 2763 152
585 2737 713 2764 editionis
728 2737 807 2764 Biuii.

903 2394 946 2416 rat
957 2389 1126 2416 conﬁrmata.
1141 2388 1264 2424 Tandem
1277 2393 1366 2415 tamen
1376 2388 1554 2423 postulationi
1565 2390 1690 2424 judicum

902 2429 1052 2452 cesserant.
1078 2430 1163 2458 seque
1187 2423 1214 2450 id
1238 2423 1359 2450 facturos
1384 2424 1579 2458 promiserant.
1606 2425 1690 2451 Porro

902 2459 948 2486 ubi
962 2459 996 2485 de
1014 2458 1066 2485 ﬁde
1081 2459 1182 2493 agitur,
1207 2459 1288 2485 nulla:
1305 2464 1369 2485 sunt
1390 2463 1482 2492 partes
1495 2459 1619 2493 judicqu
1638 2467 1689 2486 sa:-

901 2494 1047 2521 cularium.
1067 2493 1095 2520 In
1111 2493 1190 2520 tertia
1212 2493 1294 2528 igitur
1309 2494 1417 2528 actione
1436 2494 1463 2520 in
1480 2501 1532 2527 qua
1548 2493 1685 2528 agendum

902 2534 963 2556 erat
985 2529 1019 2556 de
1045 2528 1108 2560 ﬁde,
1134 2528 1203 2555 nulli
1224 2527 1373 2554 adfuerunt
1400 2527 1508 2562 judiCes
1532 2529 1687 2555 smeulares.

901 2564 1036 2591 Cmterum
1058 2564 1209 2590 notandum
1225 2568 1266 2590 est
1297 2563 1442 2595 Evagrium
1471 2563 1522 2589 hoc
1544 2564 1604 2589 loco
1619 2570 1688 2595 prte-

910 2599 1060 2626 termisisse
1076 2603 1151 2632 gesta
1165 2598 1281 2624 actionis
1303 2597 1439 2624 secundat.
1456 2597 1576 2623 Tertiam
1605 2597 1689 2630 igitur

907 2634 1043 2660 actionem
1067 2631 1116 2666 pro
1139 2633 1259 2660 secunda
1281 2634 1386 2666 cepisse
1414 2632 1522 2658 videtttr
1547 2631 1687 2663 Evagrius.

906 2668 991 2702 quue
1004 2669 1167 2695 conﬁrmant
1183 2672 1243 2694 acta
1259 2667 1346 2701 ipsius
1361 2666 1468 2701 synodi,
1485 2674 1545 2701 pag.
1565 2667 1625 2694 177.
1641 2667 1686 2692 ulti

905 2701 1026 2731 secunda
1043 2702 1217 2738 congregatio
1236 2703 1293 2728 site
1318 2702 1389 2728 actio
1409 2701 1516 2728 videtur
1538 2709 1599 2736 qua:
1617 2709 1689 2727 nunc

904 2743 947 2765 est
963 2739 1053 2765 tertia.
1663 2739 1668 2743 '

793 2792 985 2820 VARIORUM.

102 2840 137 2876 (ί)
154 2839 207 2867 Ἐν
225 2839 336 2875 Ἐφέσῳ
352 2840 601 2874 ὃτυιοσιευθείσσς
617 2841 777 2868 πιστεύειν.
796 2840 855 2876 ιιι-ει

907 2849 951 2867 um
967 2841 1099 2867 πιστεύει.
1118 2841 1161 2867 W.
1177 2840 1284 2867 Lotutt.
