1959 3064
278 126 356 161 2559

889 126 1047 159 EVAGRII
1068 128 1310 160 SClIOLAS'l‘ICI

1845 130 1925 163 2560

282 195 366 215 voces
379 185 510 221 quasdam
523 193 584 220 quae
600 185 627 212 in
641 184 746 221 synodo
762 189 828 212 tunc
842 191 1007 220 congregata
1023 185 1073 212 mi-

1128 186 1176 218 νὰς
1191 187 1228 222 μὴ
1242 185 1391 221 εἰρημένας
1404 186 1437 222 τῇ
1454 185 1484 213 τὸ
1499 185 1650 222 τηνικαῦτα
1658 186 1798 225 ἀλισθείσῃ
1813 190 1925 224 συνόδῳ

284 234 360 260 nime
376 233 455 259 dicta:
466 237 569 263 essent,
579 239 594 258 a
609 231 742 258 Dioscoro
756 231 826 258 actis
839 231 957 258 insertas
972 231 1072 258 fuisse:

284 285 397 306 curasse
415 282 545 311 praaterea
563 276 691 303 eumdem
706 276 866 303 Dioscorum
878 297 884 307 ,
902 280 931 303 ut
951 277 1074 312 episcopi

241 322 258 356 ’λ
285 325 312 351 in
335 324 430 351 charta
461 330 530 357 pura
555 322 776 349 subscriberent.
806 322 1015 356 Postulavitque
1046 327 1076 349 ut

257 367 258 395 ξ
284 375 344 397 acta
362 369 453 396 omnia
465 368 592 395 secundae
603 367 702 403 synodi
716 367 871 403 Ephesinze,
883 367 1074 402 episcoporutn

282 416 330 450 qui
357 415 512 451 congregati
529 419 609 442 erant
623 414 728 450 judicio
749 414 966 446 inﬁrmarentur,
990 419 1075 449 utque

284 461 336 496 ipsi
351 462 515 496 dignitatem
528 462 676 489 sacerdotii
702 465 911 496 recuperarent,
927 466 1013 496 utque
1028 470 1076 489 ne-

283 507 381 534 farium
395 508 461 534 illud
479 509 577 543 dogma
591 507 766 534 anathemate
787 507 975 534 damnaretur.
993 507 1076 535 Petilt

283 553 367 579 etiam
379 559 439 587 post
458 553 645 580 recitationem
659 552 744 579 libelli
762 552 822 584 sui,
847 556 876 578 ut
899 552 1076 580 adversarius

283 597 401 624 adesset.
418 597 543 632 Cumque
560 596 684 631 episcopi
698 597 847 632 iussissent
873 600 903 623 ut
919 596 1006 628 lieret,
1024 596 1076 624 Ae-

283 642 339 669 tius
352 643 562 670 archidiaconus
574 648 602 670 et
616 642 791 677 primicerius
807 643 980 670 notariorum
1007 642 1076 669 dixit

282 688 437 723 profectum
449 696 478 716 se
494 696 554 715 esse
569 688 603 715 ad
621 687 794 719 Dioscorum,
816 687 967 722 itidemque
981 688 1015 714 ad
1033 695 1076 715 re-

283 734 392 769 liquos:
409 735 570 762 Dioscorum
588 742 654 761 vero
672 733 859 768 respondisse,
888 733 1031 768 prohiberi
1045 741 1075 761 se

282 788 298 808 a
312 781 474 808 custodibus
490 789 524 808 ne
539 780 572 807 ad
591 779 739 807 concilium
755 780 859 807 veniat.

317 825 398 852 Facta
414 826 512 852 iterum
529 824 854 860 interlocutionejussum
877 828 930 856 est,
965 829 996 851 ut
1011 824 1075 851 Dio-

281 879 379 899 scorus
394 880 444 906 pro
461 871 566 898 foribus
579 871 689 898 concilii
702 875 882 906 quaereretur.
902 870 935 898 Et
951 879 1015 898 eum
1030 878 1074 898 re-

281 922 376 952 pertus
400 925 455 944 non
469 921 551 949 esset,
568 917 710 944 Anatolius
727 916 983 953 Constantinopolis
1012 916 1073 951 epi-

281 970 382 997 Seopus
402 963 589 997 interloquens
608 962 687 994 dixit,
710 962 812 989 debere
835 961 912 989 illum
925 962 1033 988 evocari
1047 965 1074 988 et

281 1009 399 1036 concilio
415 1009 559 1036 interesse.
573 1008 650 1041 Quod
666 1007 1073 1035 cumexsecutionimandatum

281 1055 390 1087 fuisset,
408 1055 556 1082 redeuntes
573 1054 591 1081 ii
605 1054 651 1089 qui
679 1054 754 1081 missi
768 1053 877 1080 fuerant
903 1053 937 1080 ad
963 1054 1074 1081 Diosco-

279 1108 351 1130 rum.
372 1100 566 1127 renuntiarunt
578 1107 641 1127 eum
653 1099 755 1127 dixisse
769 1108 774 1125 :
792 1099 849 1127 Sub
860 1099 986 1127 custodia
1001 1107 1072 1126 sum.

279 1145 376 1173 Dicant
395 1145 532 1177 custodes,
558 1145 644 1172 velint
659 1153 693 1172 ne
717 1145 784 1172 mihi
799 1145 961 1180 permittere
989 1149 1021 1172 ut
1037 1144 1071 1172 ad

279 1191 425 1218 concilium
443 1198 564 1226 pergam.
588 1191 712 1225 Cumque
725 1190 807 1225 legati
824 1189 935 1217 concilii
956 1198 1073 1224 respon-

279 1237 383 1264 dissent
394 1245 422 1264 se
430 1236 464 1263 ad
480 1236 555 1264 illum
571 1236 671 1263 missos
680 1243 751 1268 esse,
776 1243 830 1262 non
847 1243 911 1262 vero
927 1235 960 1262 ad
988 1235 1074 1270 magi-

279 1283 408 1311 strianos:
422 1283 578 1309 retulerunt
589 1282 749 1309 Dioscorum
762 1281 820 1308 bmc
828 1281 947 1308 dixisse:
961 1281 1075 1308 Paratus

278 1335 339 1355 sum
358 1327 451 1354 venire
463 1327 497 1353 ad
513 1334 620 1354 sacrum
635 1330 662 1352 et
673 1326 828 1353 universale
842 1326 993 1352 concilium
1009 1324 1074 1352 :sed

279 1374 439 1408 prohibeor.
461 1372 566 1405 Quibus
585 1371 685 1406 adjecit
710 1371 859 1404 llimerius,
885 1371 1068 1398 redeuntibus

279 1420 347 1454 ipsis
359 1420 512 1446 aDioscoro
537 1418 691 1445 occurrisse
705 1417 860 1453 adjutorem
883 1417 1005 1451 magistri
1032 1425 1076 1444 sa-

279 1474 390 1493 crorutu
407 1466 570 1496 otiiciorum,
588 1468 616 1491 et
630 1464 776 1498 episcopos
793 1471 847 1490 una
872 1471 935 1490 cum
955 1463 1003 1490 i-llo
1030 1470 1074 1490 re-

280 1518 375 1538 versos
388 1518 449 1538 esse
473 1510 507 1537 ad
522 1510 695 1541 Dioscorum,
713 1509 803 1543 deque
825 1508 879 1536 illis
904 1509 1028 1543 quaedam
1046 1517 1074 1536 sc
1089 1522 1111 1551 ο

281 1556 383 1583 habere
396 1563 457 1590 qua:
480 1555 553 1582 notis
563 1555 724 1589 excepisset.
737 1554 775 1581 Ea
785 1554 903 1589 perlecta
917 1553 1074 1581 indicabant

280 1602 440 1629 Dioscorum
465 1601 523 1628 haec
537 1601 571 1628 ad
591 1601 706 1628 verbum
723 1600 825 1627 dixisse
841 1608 847 1626 :
865 1600 1013 1634 Postquam
1029 1607 1073 1626 me

281 1648 339 1683 ipse
355 1648 492 1683 recollegi,
511 1652 539 1675 et
563 1647 629 1682 quid
643 1647 710 1674 mihi
732 1647 1071 1682 expediretconsideravi,

281 1695 319 1722 ita
328 1695 490 1729 respondeo.
502 1693 729 1728 Quandoquidem
741 1693 768 1720 in
777 1694 919 1728 superiore
927 1701 1071 1725 concessu,

281 1740 546 1775 magniﬁcentissimi
565 1739 674 1774 judices
686 1743 747 1773 post
761 1739 861 1765 multas
883 1739 1015 1773 cujusque
1031 1739 1074 1765 in-

281 1786 479 1814 terlocutiones
497 1785 581 1812 multa
599 1785 798 1816 decreverunt;
813 1792 888 1811 nunc
900 1792 965 1812 vero
979 1785 1012 1811 ad
1028 1793 1072 1812 sc-

279 1832 402 1860 cundutn
414 1840 572 1860 consessum
583 1840 675 1865 vocor,
692 1838 722 1860 ut
740 1832 868 1867 przedicta
886 1832 1071 1864 inlirmentur,

281 1884 348 1912 rogo
362 1882 391 1904 ut
405 1878 666 1913 magnificentissimi
684 1879 793 1914 judices
811 1882 839 1905 et
853 1878 1014 1913 amplissimi
1028 1887 1072 1906 se-

282 1926 407 1969 natores,
434 1923 480 1958 qui
501 1924 587 1958 priori
605 1924 752 1952 conventui
774 1924 975 1956 interfuerunt,
998 1933 1073 1952 nunc

281 1968 392 2002 queque
413 1968 541 1996 intersint
554 1977 609 2004 quo
626 1969 722 1996 eadem
740 1969 841 1996 iterum
856 1970 1068 1996 examinentur:

280 2013 332 2041 Cui
346 2015 472 2046 Aeacius,
500 2015 565 2042 utin
582 2015 680 2043 iisdem
699 2015 768 2043 actis
783 2015 913 2047 refertur,
929 2015 1073 2049 respondit

281 2060 326 2098 his
337 2060 427 2088 verbis
442 2070 448 2087 ε
463 2061 563 2088 Sancta
573 2066 601 2088 et
613 2069 709 2097 magna
721 2060 842 2096 synodus
851 2069 905 2087 non
936 2061 999 2088 ideo
1010 2069 1072 2088 san-

281 2106 404 2133 ctitatem
421 2112 493 2134 tuam
512 2107 606 2134 adesse
619 2107 710 2142 jussit.
728 2111 799 2134 utea
811 2114 872 2142 qum
893 2114 986 2134 coram
1013 2115 1072 2135 ma-

281 2151 514 2187 gniﬁcentissimis
526 2153 664 2188 iudicibus
675 2158 702 2181 et
715 2161 792 2180 sacro
806 2157 901 2180 senatu
911 2158 985 2187 gesta
997 2158 1070 2185 sunt,

1126 232 1322 267 προστέθεικεν
1335 232 1365 258 ὲν
1379 234 1436 264 τοῖς
1448 233 1640 268 ὑπομνήμασι,
1659 234 1706 261 καὶ
1723 235 1759 267 ὡς
1772 235 1926 270 ἀγράφους

1125 277 1229 312 χάρτας
1253 277 1459 312 παρεσκεύασεν
1478 278 1578 309 αὐτοὺς
1593 279 1838 315 ὑποσημήνασθαι.
1864 282 1926 308 Καὶ

1126 323 1223 358 ἐδεήθη
1241 323 1310 350 ὥστε
1325 324 1356 350 ἐκ
1367 323 1458 359 ψήφου
1468 324 1522 351 τῶν
1539 325 1755 360 συνειλεγμένων
1768 327 1926 361 ἀκυρωθῆ-

1125 377 1170 395 ναι
1187 368 1276 395 πάντα
1297 369 1332 396 τὰ
1355 371 1383 396 ὲν
1407 369 1440 404 τῇ
1460 369 1574 405 δευτέρᾳ
1591 371 1691 405 συνόδῳ
1705 373 1737 407 τῇ
1759 373 1786 398 ὲν
1807 371 1925 406 Ἐφέσῳ

1126 415 1324 450 πεπραγμένα,
1340 415 1387 442 καὶ
1412 415 1484 450 ἔχειν
1505 417 1604 448 αὐτοὺς
1621 417 1670 452 τὴν
1687 417 1851 453 ἱερωσύνην,
1873 418 1925 445 καὶ

1125 461 1415 496 ἀναθεματιοθῆναιτὺ
1430 462 1630 497 μιαρὸν¹ὲκεῖνο
1648 463 1746 497 δόγμα.
1763 464 1817 490 Καὶ
1832 464 1923 497 ἠξίω-

1127 513 1156 532 σε
1177 505 1246 540 μετὰ
1256 506 1305 541 τὴν
1317 506 1480 541 ἀνάγνωσιν,
1502 508 1549 533 καὶ
1564 508 1609 534 τὸν
1623 508 1757 534 ἀντίδικον
1772 511 1920 544 παρεῖναι.

1126 549 1163 579 Οὒ
1177 552 1208 586 δὴ
1227 552 1434 588 διαλαληθέντος
1450 553 1589 588 γενέσθαι,
1613 554 1724 589 εἴρηκεν
1750 554 1855 585 ’Ᾱέτιος
1872 556 1921 590 ἀρ-

1126 598 1277 633 χιδιάκονος
1289 599 1336 625 καὶ
1347 601 1529 635 πριμικήριος
1544 600 1687 636 νοταρέων,
1703 601 1740 632 ὡς
1755 601 1831 637 διέϐη
1851 603 1922 638 προς

1125 645 1283 680 Διόσκορον,
1312 644 1408 681 ὥσπερ
1437 644 1485 673 οὖν
1511 646 1558 673 καὶ
1572 647 1641 682 πρὴς
1661 647 1724 678 τοὺς
1744 647 1855 680 enm,
1872 649 1922 674 καὶ

1125 689 1186 717 εἷπε
1199 691 1233 722 ⁵³,
1247 691 1285 726 μὴ
1301 691 1502 727 συγχωρεῖσθαι
1523 692 1576 719 ὑπὸ
1593 692 1647 719 τῶν
1663 693 1857 727 φυλαττόντων
1871 695 1922 720 αῦ-

1124 736 1169 763 τὺν
1185 737 1400 773 παραγενέσθαι.

1161 826 1216 853 Καὶ
1229 826 1375 861 διελαλήθη
1391 826 1544 861 ζητηθῆναι
1559 826 1605 853 τὸν
1621 827 1766 862 Διόσκορον
1791 827 1846 862 πρὸ
1870 828 1922 855 τοῦ

1091 855 1110 883 Β
1126 871 1274 907 συνεδρίου.
1304 855 1375 898 καὶ,
1449 855 1608 906 έῦρεθέντος
1633 855 1726 904 αὐτοί
1760 855 1922 906 Ἀνατόλιος

1124 917 1271 949 ἐπίσκοπος
1283 918 1596 950 Κωνσταντινουπόλεως
1611 918 1779 953 διελάλησεν,
1796 920 1920 954 ὀψείλειν

1123 962 1205 989 αὑτὸν
1226 963 1441 998 μετακληθῆναι,
1465 962 1512 989 κοιλ¹
1529 963 1558 990 ἐν
1582 964 1615 998 τῇ
1634 964 1735 999 συνόδῳ
1759 965 1919 999 παραγενέ-

1126 1009 1198 1036 σθαι.
1218 1009 1272 1035 Καὶ
1286 1009 1384 1035 τούτου
1398 1009 1559 1044 γενομένου,
1576 1009 1795 1044 παραγενόμενοι
1809 1011 1833 1036 οἱ
1851 1011 1921 1037 dm-

1126 1055 1279 1088 σταλέντες,
1300 1056 1428 1090 εἰρήκασι
1448 1055 1535 1082 εἰπεῖν
1555 1055 1647 1088 αὐτὸν,
1660 1056 1832 1090 Φυλάττομαι
1849 1057 1917 1091 ἐγώ.

1126 1100 1156 1127 Et
1177 1101 1206 1127 δὲ
1228 1101 1403 1136 συγχωροῦσὲ
1422 1109 1469 1136 μοι
1493 1097 1645 1133 κατελθεῖν,
1675 1102 1841 1129 εἰπάτωσαν.
1862 1103 1919 1129 Καὶ

1125 1146 1256 1173 εἰπόντων
1273 1146 1348 1182 αὐτῷ
1364 1147 1419 1173 τῶν
1432 1146 1658 1181 ἀπεσταλμένων,
1680 1147 1717 1179 ὡς
1737 1148 1805 1183 πρὸς
1821 1149 1916 1179 αὑτὸν,

1125 1193 1154 1219 οὺ
1169 1193 1237 1227 πρὸς
1251 1193 1314 1223 τοὺς
1331 1194 1544 1228 μαγιστριαινοὺς
1559 1192 1762 1230 ἀπεστάλης-αν,
1775 1193 1919 1228 διεξῆλθον

1125 1239 1213 1264 εἰπεῖν
1239 1238 1330 1270 αὑτὸν,
1347 1238 1476 1274 ’Ἐτοιμὸς
1493 1240 1550 1274 εἰμι
1571 1239 1777 1274 παραγενέσθαι
1803 1241 1844 1270 εἰς
1867 1241 1918 1274 τὴν

1126 1285 1206 1318 ἁγίαν
1227 1285 1274 1311 και
1297 1285 1491 1320 οἰκουμενικὴν
1517 1285 1642 1311 σύνοδον·
1670 1285 1738 1311 ἀλλὰ
1760 1285 1916 1319 κωλύομαι.

1126 1327 1174 1361 Οἷς
1200 1330 1395 1365 προστέθεικεν
1415 1329 1544 1365 Ἱμέριος,
1567 1330 1603 1362 ὡς
1623 1330 1808 1356 κατελθόντων
1825 1331 1919 1357 αὐτῶν

1126 1375 1202 1410 παρὰ
1227 1375 1385 1410 Διοσκόρου,
1419 1376 1574 1410 ὑπήντησεν
1600 1377 1613 1401 ὁ
1642 1375 1737 1410 βοηθὸς
1765 1372 1812 1402 τοῦ
1835 1377 1920 1410 μαγί-

1127 1429 1208 1455 στρου
1224 1420 1279 1455 (Η)
1297 1421 1350 1447 τῶν
1365 1420 1445 1446 θείων
1468 1421 1613 1454 όιρφικίων,
1627 1421 1675 1447 καὶ
1692 1421 1750 1456 μετ’
1766 1422 1849 1448 αὐτοῦ
1863 1424 1918 1449 πά-

1126 1466 1166 1492 λιν
1181 1466 1310 1500 γεγόνασι
1327 1466 1396 1500 πρὸς
1413 1466 1559 1503 Διόσκορον
1571 1468 1595 1493 οι
1614 1466 1769 1498 ἐπίσκοποι,
1789 1468 1836 1494 καὶ
1852 1470 1918 1503 περὶ

1126 1510 1228 1538 τούτων
1243 1512 1271 1537 ἐν
1285 1512 1407 1546 σημείοις
1419 1512 1480 1538 τινὰ
1495 1511 1576 1547 ἔχειν.
1592 1512 1683 1547 ’Ᾱπερ
1694 1513 1916 1546 ἀναγνωσθέντα,

1127 1557 1262 1591 ἐδήλωσεν
1277 1558 1324 1583 ἐπὶ
1339 1557 1438 1590 λέξεως
1462 1557 1508 1584 τὸν
1530 1557 1678 1593 Διόσκορον
1702 1559 1787 1585 εἰπεῖν
1812 1559 1916 1585 ταῦτα·

1128 1601 1294 1636 Συναγαγὼν
1319 1603 1447 1638 ἐμαυτὸν,
1465 1603 1512 1629 καὶ
1535 1603 1615 1637 γνοὺς
1639 1603 1671 1630 τὸ
1686 1603 1836 1638 συμφέρον,
1852 1605 1917 1631 τάδε

1126 1648 1327 1682 ἀποκρίνομαι·
1351 1647 1460 1683 Ἐπειδὴ
1480 1648 1509 1674 ἐν
1539 1649 1572 1683 τῇ
1601 1648 1653 1683 πρὸ
1678 1649 1782 1684 ταύτης
1812 1650 1918 1684 συνόδῳ

1126 1693 1305 1728 καθεζόμενοι
1321 1694 1346 1720 οἱ
1374 1693 1665 1729 μεγαλοπρεπέστατοι
1691 1694 1830 1729 ἄρχοντες,
1850 1695 1919 1729 ὤρι-

1128 1747 1177 1765 σαν
1202 1739 1288 1765 πολλὰ
1317 1738 1386 1774 μετὰ
1411 1739 1512 1774 πολλὴν
1526 1739 1641 1765 ἑκάστου
1656 1739 1804 1771 διαλαλιὰν,
1823 1739 1871 1766 νῦν
1887 1740 1917 1767 δὲ

1126 1785 1166 1815 εἰς
1181 1784 1310 1820 δευτέραν
1330 1785 1464 1819 καλοῦμαι
1483 1784 1602 1814 σύνοδον,
1618 1785 1657 1816 εἰς
1678 1785 1723 1810 τὸν
1748 1785 1804 1811 τῶν
1821 1793 1916 1820 προει-

1127 1830 1254 1866 ρημένων
1271 1831 1436 1866 ἀνασκευὴν,
1461 1829 1612 1865 παρακαλῶ
1637 1831 1700 1861 τοὺς
1716 1829 1810 1865 πρώην
1835 1831 1864 1856 ἐν
1882 1832 1915 1866 τῇ

1128 1876 1228 1910 συνόδῳ
1253 1877 1496 1911 παραγενομένους
1527 1875 1836 1911 μεγαλοπρεπεστάτους
1864 1877 1917 1912 ἆρ-

1126 1930 1235 1957 χοντας,
1248 1923 1295 1948 καὶ
1319 1922 1369 1957 τὴν
1395 1922 1470 1958 ἱερὰν
1493 1921 1654 1956 σύγκλητον,
1669 1923 1715 1947 καὶ
1727 1922 1773 1948 νῦν
1789 1923 1918 1956 παρεῖναι

1127 1967 1172 1994 ἵνα
1203 1967 1283 1995 πάλιν
1310 1969 1343 1994 τὰ
1367 1968 1436 1995 αὐτὰ
1464 1967 1619 2003 γυμναςθῇ.
1646 1967 1716 2002 Πρὸς
1737 1967 1767 1993 δν
1786 1966 1919 1994 ’Λκάκιον

1126 2014 1200 2048 δηλοῖ
1220 2014 1256 2041 τὰ
1275 2015 1460 2050 πεπραγμένα
1483 2013 1628 2046 διεξελθεῖν
1650 2014 1697 2039 ἐπὶ
1717 2013 1818 2046 λέξεως
1850 2013 1916 2039 ταῦ-

1126 2069 1170 2087 τα·
1183 2061 1239 2096 Οὐχ
1254 2059 1342 2092 οὕτως
1357 2061 1498 2087 ἐκέλευσεν
1527 2061 1544 2095 ἡ
1570 2061 1636 2094 ἁγία
1651 2060 1696 2086 καὶ
1721 2059 1828 2094 μεγάλη
1854 2059 1916 2085 σύν-

1125 2107 1184 2139 οδος
1194 2107 1241 2143 τὴν
1251 2106 1386 2142 ὑμετέραν
1393 2106 1524 2141 ἁγιότητα
1532 2107 1669 2141 παρεῖναι,
1679 2105 1750 2131 ὥστε
1763 2105 1915 2131 ἀνασκευα-

1128 2152 1224 2187 σθῆναι
1245 2153 1278 2179 τὰ
1300 2152 1347 2178 ὲπὶ
1364 2151 1419 2178 τῶν
1445 2151 1749 2186 μεγαλοπρεπεστάτων
1776 2151 1915 2186 ἀρχόντων

282 2197 457 2226 ἰηΩι-ιῐιεηιυι·
479 2199 547 2226 :sed
568 2207 618 2226 nos
643 2199 718 2226 misit
731 2199 765 2226 ad
780 2204 816 2230 te,
841 2199 975 2226 mandans
991 2203 1022 2226 ut
1041 2199 1073 2226 ad

1129 2199 1175 2225 καὶ
1188 2199 1235 2225 ἐπὶ
1248 2199 1298 2233 τῆς
1316 2199 1392 2233 ἱερᾶς
1407 2197 1559 2233 συγκλήτου
1583 2197 1739 2232 πραχθέντα
1750 2205 1758 2212 ν
1771 2196 1828 2222 ἀλλ’
1842 2197 1917 2232 ἡμεῖς

283 2251 443 2270 consessum
462 2244 568 2277 venias,
585 2252 635 2272 nec
658 2244 729 2271 absit
767 2244 801 2271 ab
817 2252 850 2271 eo
865 2244 996 2271 sanctitas
1016 2248 1074 2271 tua.

279 2288 333 2316 Cui
346 2289 493 2317 Dioscorus
515 2290 551 2316 ita
570 2291 722 2324 respondit,
738 2296 768 2317 ut
785 2289 812 2316 in
825 2289 923 2317 iisdem
944 2290 1013 2316 actis
1027 2290 1076 2317 ba-

286 2334 388 2361 betur:
404 2335 484 2362 Modo
496 2335 603 2363 dixistis
623 2336 690 2362 mihi
714 2335 862 2363 Eusebium
884 2335 992 2363 libellos
1011 2344 1075 2370 por-

284 2381 400 2409 rexisse.
413 2382 514 2408 Iterum
527 2382 635 2417 postulo
646 2386 676 2409 ut
687 2382 923 2417 coramjudicibus
932 2390 963 2409 ac
976 2386 1073 2409 senatu

282 2435 344 2456 mea
360 2436 441 2456 causa
459 2429 640 2456 examinetur.
659 2429 693 2456 Et
707 2433 769 2464 post
782 2429 835 2456 alia
852 2429 976 2465 ejusdem
997 2428 1072 2456 modi

1129 2243 1300 2274 ἀπέστειλεν,
1317 2242 1389 2269 ὥστε
1416 2242 1581 2269 καταλαὸεἰν
1598 2251 1627 2268 σε
1649 2243 1680 2268 τὸ
1703 2242 1854 2277 συνέδριον.
1869 2243 1917 2268 καὶ

1129 2290 1167 2325 μὴ
1182 2290 1380 2325 ἀπολειφθῆναι
1403 2289 1486 2316 αὐτοῦ
1510 2289 1560 2324 τὴν
1579 2289 1627 2324 σὴν
1643 2288 1781 2323 ὁσιότητα.
1802 2289 1873 2323 Πρὸς
1887 2288 1917 2314 ὃν

1132 2335 1277 2371 Διόσκορος
1290 2336 1409 2370 εἴρηκεν,
1421 2335 1458 2367 ὼς
1471 2334 1505 2361 τὰ
1517 2335 1702 2369 ὑπομνήματα
1722 2334 1858 2368 λέγουσιν’
1871 2334 1916 2360 Εἱ-

1129 2381 1232 2416 ρήκατέ
1246 2389 1292 2415 μοι
1311 2379 1359 2407 νῦν
1375 2381 1416 2407 ὅτι
1431 2380 1570 2411 λιὸέλλους
1590 2380 1755 2406 ἐπιδέδωκεν
1773 2379 1916 2410 nactam;

1123 2427 1280 2462 Παρακαλῶ
1294 2427 1374 2454 πάλιν
1391 2426 1531 2462 παρόντων
1548 2425 1715 2462 ἁρχόντων⁸δ
1730 2427 1776 2452 καὶ
1790 2425 1841 2461 τῆς
1852 2434 1918 2460 συγ-

937 2508 1053 2537 ΫΑΒΙΑΞ
1069 2507 1214 2537 LECTION
1219 2508 1270 2536 ES.

319 2567 343 2584 ⁸³
357 2567 387 2595 C.
405 2566 436 2595 C.
456 2565 543 2594 εἷπον.

582 2567 605 2584 ⁸⁸
618 2567 694 2603 παρὰ
706 2566 753 2594 τοῦ
768 2567 823 2594 τῶν
839 2567 987 2603 ἀρχόντων.

884 2636 1020 2665 VALESII
1036 2637 1314 2677 ANNOTATIONES.

322 2692 506 2728 (14)Βοηθὺς
526 2693 566 2725 τῷ
586 2693 748 2727 nar/(72pm.
774 2693 885 2729 Langus
906 2697 934 2720 et
949 2693 1071 2729 Christo-

284 2729 444 2764 pborsonus
458 2728 584 2756 Bon/mm
601 2728 774 2764 interpretati
789 2728 864 2760 sunt,
881 2728 959 2763 quasi
980 2728 1008 2755 id
1024 2736 1073 2764 no-

285 2763 351 2804 men
369 2765 510 2804 proprium
528 2767 611 2804 esset.
627 2763 710 2804 Atqui
726 2763 822 2804 βοηθὸς
841 2771 941 2804 nomen
965 2763 1072 2804 estcf:

286 2772 351 2804 men
369 2772 510 2825 Eroprtum
528 2772 611 2803 esset.
627 2772 710 2798 Atqui
726 2772 822 2804 ροηυος
841 2772 941 2804 nomen
965 2772 1072 2804 esr_or:

286 2798 357 2837 “Et:
390 2806 415 2824 1c
431 2798 672 2837 emm_dtcebatur
693 2806 822 2837 princeps
843 2798 938 2837 o_ilicn_
951 2802 1073 2837 magistri

287 2831 452 2865 ciliciorum,
472 2834 519 2868 qui
540 2837 599 2861 crat
613 2841 647 2861 ex
663 2831 756 2861 schola
771 2831 912 2869 agentium
932 2833 961 2861 in
978 2831 1072 2868 rebus,

1127 2700 1157 2722 ut
1171 2696 1252 2724 docet
1262 2696 1364 2723 Notitia
1376 2693 1481 2730 imperii
1494 2693 1618 2730 Romani.
1635 2692 1722 2730 Porro
1739 2691 1853 2730 adjutor
1868 2693 1915 2730 ista

1128 2731 1250 2768 magistri
1268 2727 1432 2768 ciliciorum,
1449 2728 1607 2768 Eleusinius
1621 2727 1734 2768 proprio
1742 2728 1861 2768 nomine
1876 2728 1915 2768 dx:

1127 2763 1251 2828 qufqtna,
1279 2770 1310 2794 ut
1334 2765 1466 2794 scribitur
1490 2764 1518 2792 in
1553 2763 1663 2791 actione
1695 2763 1776 2790 tertia
1809 2763 1916 2791 concilii

1159 2809 1182 2828 ia
1197 2809 1226 2828 cc
1250 2821 1256 2828 .
