1959 3064
289 89 360 122 2563

556 80 570 89 ’
889 81 1047 112 EVAGRII
1068 79 1315 110 SCHOLASTlCl

1846 79 1915 111 256A

292 153 358 181 ergo
371 144 481 172 libellos
493 140 773 176 obtulisset-primum
786 123 898 174 quidem
917 137 1080 165 Theodorus

1135 136 1182 170 τῆς
1201 136 1230 162 ἐν
1253 133 1441 170 ’Δλεξανδρείςι
1460 133 1541 168 ἁγίας
1561 133 1735 171 Ἐκκλησίας,
1755 134 1815 163 εῐτα
1827 136 1916 163 δὲκαὶ

288 191 336 226 qui
353 197 452 217 sancta:
467 187 714 215 Alexandrinorum
728 185 857 213 Ecclesia:
870 184 1002 211 diaconus
1016 182 1075 209 fue-

287 241 349 268 rat,
372 235 470 263 deinde
496 233 618 269 lschyrio
642 232 780 264 similiter,
796 235 825 258 et
838 231 896 266 ipse
920 230 1073 257 diaconus:

289 287 347 309 tum
360 279 524 308 Athanasius
544 278 686 314 presbyter
700 282 728 305 et
745 276 840 312 Cyrilli
856 276 960 303 sororis
978 275 1051 302 ﬁlius
1067 283 1074 301 :

287 334 320 353 ac
336 331 474 361 postremo
488 324 676 359 Sophronius;
692 322 961 357 quibusDioscorum
974 321 1075 356 partim

285 371 321 399 ob
350 369 552 405 blasphemiae,
578 369 678 404 partim
698 368 734 396 ob
768 367 922 402 corporalia
951 365 1075 401 quaedam

285 418 386 444 damna
401 421 429 443 et
440 415 576 443 violentas
587 415 713 449 pecunia
725 414 882 443 exactiones
893 412 1057 440 accusabant
1068 420 1074 438 :

285 461 365 496 317
379 460 459 487 tertia
477 460 622 487 vocatione
633 459 733 488 citatus
745 463 786 486 est
809 459 968 489 Dioscorus,
985 456 1076 483 morti-

287 510 387 540 tusque
398 510 440 532 est
449 510 478 531 ut
488 504 521 532 ad
533 504 682 531 concilium
690 503 843 531 accederet.
854 502 981 537 Regressi
994 501 1077 536 igitur

285 552 333 587 qui
345 552 377 579 ad
391 552 443 578 hoc
454 550 657 582 missil‘uerant,
679 549 843 576 nuntiarunt
857 547 1076 576 Dioscorumista

286 597 388 624 dixisse
401 604 408 623 :
421 595 493 622 Satis
504 602 642 630 superque
654 593 734 620 docui
745 594 871 628 pietatem
882 598 1000 621 vestram
1011 599 1078 619 :nec

287 643 321 670 iis
335 641 409 669 aliud
422 641 572 676 quidquam
586 640 704 676 adjicere
719 647 842 675 possum.
855 639 961 666 Rursus
972 637 1078 665 instan—

287 687 362 714 tibus
379 686 486 721 legatis,
502 693 621 720 eumque
636 689 666 712 ut
682 685 789 712 veniret
811 684 997 716 hortantibus,
1014 691 1077 711 cutn

286 730 358 757 idem
384 737 492 764 semper
519 729 707 764 respondisset
720 729 880 761 Dioscorus,
894 728 1077 756 Paschasinus

285 775 432 811 cpiscopus
443 784 449 802 :
461 775 530 802 dixit
541 774 598 802 Jam
609 778 650 802 ter
661 779 771 802 vocatus
777 774 926 803 Dioscorus
937 773 1079 808 haudqua.

1135 181 1306 217 Ἰσχυρίωνος
1322 181 1446 207 διακόνου
1457 181 1491 213 ⁵⁸,
1510 181 1556 207 καὶ
1580 181 1740 208 Ἀθανασίου
1768 182 1916 217 πρεσϐυτέ-

1129 235 1176 261 ρου
1193 227 1240 252 καὶ
1252 226 1393 261 ἀδελφιδοῦ
1407 226 1555 261 Κυρίλλου,
1570 226 1617 254 καὶ
1631 227 1700 262 πρός
1712 235 1740 253 τε
1753 228 1915 263 Σωφρονίου,

1127 273 1160 299 δι’
1176 269 1213 299 ὧν
1234 272 1298 307 περί
1325 281 1358 306 γε
1381 272 1559 308 βλασφημιῶν
1582 273 1745 300 ἐνεκάλεσαν
1769 274 1916 310 Διοσκόρω,

1128 318 1194 354 περί
1209 327 1237 345 τε
1256 318 1420 353 σωματικῶν
1432 318 1480 345 καὶ
1493 317 1584 352 βιαίας
1598 319 1770 354 ἀφαιρέσεως
1784 319 1840 355 (16)
1850 329 1917 355 χρη-

1131 364 1233 399 μάτων,
1249 365 1328 400 τρίτη
1350 364 1446 399 κλῆσις
1460 365 1556 399 γέγονε
1574 365 1766 400 προτρέπουσα
1781 366 1826 392 τὸν
1839 366 1918 395 Διόσ-

1131 418 1212 444 κορον
1233 410 1448 446 παραγενέσθαι.
1471 410 1622 446 Τοιγαροῦν
1648 411 1880 444 ἐπαναζεύξαντες
1894 413 1918 438 oi

1136 455 1183 482 ἐπὶ
1195 455 1282 489 τούτῳ
1307 456 1503 491 ἀφωρισμένοι,
1519 457 1662 491 εἰρήκασιν
1681 457 1769 483 εἰπεῖν
1780 458 1825 483 τὸν
1841 458 1919 484 Διόσι

1130 509 1220 535 κορον·
1247 501 1395 536 Αὑτάρκως
1414 501 1521 534 ἐδίδαξα
1535 503 1585 538 τὴν
1607 502 1740 537 ὑμετέραν
1753 503 1917 535 θεοσέϐειαν,

1134 543 1177 577 οἷς
1191 546 1350 580 προσθεῖναί
1362 555 1389 572 τι
1405 547 1435 572 οὺ
1449 545 1578 581 δύναμαι.
1595 547 1651 577 Καὶ
1670 547 1746 579 αὖθις
1756 547 1785 574 δέ
1800 548 1833 574 τὰ
1849 549 1919 574 αὐτὰ

1130 593 1272 628 εἰρηκότος
1297 592 1343 619 τοῦ
1372 592 1454 620 αὑτοῦ
1480 593 1638 629 Διοσκόρου,
1671 594 1875 628 ἐπιμεινάντων
1885 596 1916 629 τῇ

1131 639 1272 674 προτροπῇ
1299 638 1354 665 τῶν
1379 638 1434 665 tut
1449 638 1528 666 τοῦτο
1561 639 1722 670 σταλέντων,
1750 640 1918 672 Πασκεισῖνος

1131 684 1280 715 ἐπίσκοπος
1296 681 1373 711 εἷπεν
1383 692 1390 699 ·
1405 683 1460 711 Καὶ
1471 684 1520 720 ἥδη
1533 684 1629 719 τρίτον
1639 685 1749 721 κληθεὶς
1762 687 1917 720 Διόσκορος,

1131 731 1160 757 οὺ
1177 730 1354 765 παρεγένετο,
1368 729 1422 757 ὑπὸ
1443 730 1624 765 συνειδήσεως
1639 730 1814 767 βαλλόμενος,
1836 733 1918 758 ἐπυν-

1132 775 1228 803 θάνετο
1246 775 1301 810 (l7)
1315 775 1387 807 τίνος
1402 776 1478 809 ἄξιος
1498 777 1542 811 εἴη
1554 785 1561 792 ν
1574 777 1642 812 πρὸς
1656 778 1670 804 ὃ
1685 778 1739 804 τῶν
1760 778 1919 805 ἐπισκόπων

286 829 368 857 quant
383 821 546 855 comparuit,
564 825 709 855 torquente
734 820 823 855 ipsum
850 819 1027 847 conscientia.
1044 819 1078 847 Et

1135 821 1367 857 ἀποκριναμένων,
1382 821 1612 850 ὑποπεπτωκέναι
1635 824 1715 852 αὐτὸν
1729 826 1785 856 τοῖς
1811 826 1918 857 κανόσι,

287 867 468 902 interrogavit
484 867 628 901 episcopos
652 865 699 901 qui
719 866 852 898 aderant,
865 872 947 901 quam
968 871 1078 900 ptenam

285 913 504 940 comtneruisset.
521 911 646 948 Cumque
666 912 789 947 episcopi
804 911 838 938 ad
853 911 910 938 haec
922 909 1079 945 respondis-

276 955 347 984 sent
361 956 438 983 illum
455 956 483 983 in
497 963 616 984 canones
627 956 810 989 commisisse,
819 960 847 982 et
858 955 998 983 Proterius
1021 955 1080 990 epi-

287 1009 388 1036 scopus
403 1001 525 1037 Smyrna:
534 1001 647 1029 dixisset
661 1009 668 1028 :
684 1000 798 1034 Quando
813 1003 924 1027 sanctus
936 999 1080 1028 Flavianus

288 1047 398 1073 occisus
407 1050 459 1078 estI
469 1046 539 1073 nihil
554 1050 629 1073 recte
641 1053 732 1080 neque
745 1045 843 1072 ordine
865 1045 964 1072 factum
981 1050 1023 1072 est
1034 1052 1081 1072 su-

285 1099 336 1128 per
346 1091 412 1119 illo:
427 1090 524 1117 vicarii
542 1090 643 1118 Leonis
658 1089 782 1127 episcopi
798 1089 918 1118 senioris
932 1089 1024 1117 Romae
1043 1089 1080 1119 ila

286 1137 471 1165 decreverunt
485 1136 518 1163 ad
534 1136 650 1165 verbum
662 1145 669 1163 :

320 1182 386 1216 Quae
400 1181 559 1215 Dioscorus,
589 1181 709 1211 antehac
723 1181 871 1217 episcopus
893 1189 998 1217 magnae
1013 1181 1081 1208 civi-

286 1229 350 1256 tatis
376 1228 566 1260 Alexandriae,
594 1231 690 1255 contra
716 1227 845 1255 ordinem
879 1235 1017 1255 canonum
1053 1233 1081 1254 et

286 1279 382 1302 contra
400 1273 574 1308 disciplinam
587 1273 803 1301 ecclesiasticam
825 1273 980 1304 attentavit,
993 1272 1081 1300 mani—

286 1321 356 1348 festa
370 1324 445 1352 sunt,
460 1324 516 1347 tam
533 1327 567 1346 ex
582 1319 625 1347 bis
637 1327 699 1353 qum
712 1319 768 1354 jam
798 1324 864 1346 sunt
882 1319 1037 1346 examinata
1053 1317 1081 1344 in

286 1365 376 1402 primo
390 1371 534 1396 concessu,
563 1371 646 1398 quam
671 1371 705 1391 ex
732 1363 775 1390 his
795 1370 856 1397 qua:
885 1362 1021 1390 hodierno
1038 1361 1082 1389 die

287 1415 352 1439 sunt
365 1414 450 1446 gesta.
466 1410 516 1437 Hic
530 1410 616 1442 enim,
635 1414 664 1436 ut
680 1410 798 1445 plurima
816 1410 869 1437 alia
892 1408 1084 1443 prmlermitta-

287 1465 359 1489 mus,
378 1456 530 1491 Eutychem
546 1455 643 1483 eadem
656 1464 719 1483 cum
737 1456 796 1490 ipso
811 1455 987 1486 sentientem,
1001 1461 1083 1489 regu-

287 1502 409 1529 laritera
425 1501 538 1536 proprio
560 1501 717 1535 depositum
743 1501 884 1538 episcopo,
909 1500 1082 1528 sanctissimo
1096 1491 1117 1516 (ἶ

288 1547 395 1576 scilicet
404 1548 485 1576 Patre
500 1551 595 1574 nostro
606 1551 635 1574 et
644 1546 853 1582 archiepiscopo
865 1547 1004 1579 Flaviano,
1018 1553 1082 1581 pro-

287 1593 348 1629 pria
363 1592 526 1620 auctoritate
541 1596 638 1619 contra
655 1599 747 1619 sacros
769 1599 890 1619 canones
906 1592 935 1618 in
958 1598 1083 1618 commu-

288 1640 399 1667 nionem
414 1638 545 1674 suscepit,
557 1639 719 1674 priusquam
731 1638 832 1673 Ephesi
845 1638 1016 1666 consedisset
1029 1644 1082 1664 una

288 1692 351 1713 cum
382 1684 497 1720 reliquis
522 1685 580 1712 Deo
603 1684 775 1712 charissimis
801 1684 952 1719 episcopis.
981 1683 1082 1710 Verum

288 1729 425 1765 episcopis
433 1729 544 1764 quidem
559 1729 709 1764 apostolica
724 1729 803 1756 sedes
818 1729 927 1759 veniam
945 1727 1083 1756 concessit

289 1774 326 1801 ob
340 1781 372 1801 ea
383 1781 444 1808 qua:
458 1774 515 1801 illic
525 1774 560 1800 ab
575 1774 672 1801 iisdem
689 1782 746 1801 non
761 1778 858 1808 sponte
873 1777 950 1808 gesta
964 1773 1081 1800 fuerant.

291 1818 342 1852 Qui
364 1819 476 1853 quidem
503 1819 638 1846 hactenus
658 1824 885 1853 permanserunt,
909 1818 1084 1845 sanctissimo

291 1864 501 1899 archiepiscopo
524 1864 610 1891 Leoni
635 1868 663 1891 et
692 1868 792 1891 sancta:
814 1864 963 1891 universali
982 1863 1084 1899 synodo

290 1909 483 1945 obsequentes.
512 1909 570 1942 Qua
593 1910 627 1937 de
643 1917 726 1937 causa
750 1917 808 1943 eos,
845 1914 938 1944 utpote
961 1909 1084 1945 ejusdem

290 1961 353 1980 cum
369 1953 430 1988 ipso
455 1953 519 1980 fidei
549 1954 681 1987 cultores,
707 1954 735 1981 in
758 1954 981 1982 communionem
995 1961 1085 1981 suam

290 1998 405 2034 recepit.
422 1999 473 2025 llic
483 2007 562 2031 vero,
581 1999 610 2026 in
623 1999 789 2027 hodiernum
809 2007 897 2034 usque
910 1999 983 2026 diem
1001 1999 1037 2026 ob
1052 2007 1085 2026 ea

290 2044 402 2079 gloriari
415 2052 471 2071 non
495 2045 608 2077 desinit,
635 2053 752 2080 quorum
772 2053 854 2073 causa
873 2053 982 2080 gemere
996 2050 1024 2072 et
1051 2044 1084 2072 ad

292 2095 392 2117 terram
423 2097 510 2124 usque
542 2098 603 2118 sese
624 2091 758 2119 inclinare
784 2087 927 2118 debuerat:
950 2091 1084 2118 Praeterea

1129 867 1277 902 Προτερίου
1298 867 1327 894 δὲ
1345 867 1495 894 ἐπισκόπου
1512 869 1637 904 Σμύρνης
1652 870 1688 904 (ο)
1704 870 1836 901 εἰπόντος,
1854 871 1919 897 Ὅτε

1129 913 1276 947 ἐφονεύετο
1291 913 1371 948 ἅγιος
1391 914 1553 947 Φλαϐιανὺς,
1571 915 1648 942 οὐδὲν
1665 917 1811 944 ἀκόλουθον
1833 917 1919 953 ἐπρά-

1129 959 1181 995 χθη
1196 959 1240 985 ἐπ’
1256 959 1330 995 αὐτῷ
1340 968 1348 975 ·
1363 960 1388 987 oi
1400 960 1447 986 τὸν
1460 962 1543 988 τόπον
1555 961 1698 996 ἐπέχοντες
1721 963 1837 994 Λέοντος
1859 965 1920 990 ἐπι-

1131 1005 1233 1031 σκόπου
1246 1006 1296 1040 τῆς
1317 1005 1506 1042 πρεσϐυτέρας
1526 1006 1646 1045 Ῥώμης,
1674 1009 1851 1045 ἀπεφήναντο
1875 1009 1921 1039 ἐπὶ

1130 1049 1229 1086 λέξεως
1241 1049 1337 1081 ταῦτα·

1167 1180 1240 1215 Δῆλα
1251 1181 1397 1216 γεγένηται
1414 1182 1448 1209 τὰ
1460 1182 1652 1219 τετολμημένα
1667 1184 1806 1219 Διοσκόρῳ
1821 1186 1862 1222 τῷ
1877 1195 1920 1221 γε,

1131 1227 1237 1262 νομένῳ
1252 1227 1303 1262 τῆς
1323 1227 1520 1265 Ἀλεξανδρέων
1545 1231 1752 1266 μεγαλοπόλεως
1776 1235 1920 1267 ὲπισκόπῳ

1132 1272 1203 1300 κατὰ
1227 1273 1277 1307 τῆς
1298 1273 1353 1300 τῶν
1379 1275 1499 1303 κανόνων
1513 1276 1626 1310 τάξεως,
1641 1279 1753 1311 καὶτῆς
1775 1280 1922 1315 ἐκκλησια-

1133 1319 1229 1353 στικῆς
1242 1319 1438 1351 καταστάσεως
1453 1321 1484 1347 ἐκ
1495 1321 1550 1348 τῶν
1562 1322 1611 1358 ἢδη
1627 1323 1824 1355 ἐξετασθέντων
1839 1326 1871 1352 ἐν
1886 1325 1922 1359 τῷ

1133 1364 1233 1399 πρώτῳ
1255 1365 1396 1401 συνεδρίῳ,
1413 1366 1460 1393 καὶ
1481 1367 1534 1394 ἀπὸ
1551 1367 1605 1394 τῶν
1625 1370 1744 1405 σήμερον
1759 1371 1923 1406 πεπραγμέ-

1133 1418 1197 1437 νων.
1214 1407 1299 1442 Οὗτος
1312 1413 1379 1445 γὰρ,
1393 1411 1437 1438 ἵνα
1462 1413 1497 1440 τὰ
1521 1413 1605 1441 πολλὰ
1629 1414 1850 1450 παραλίπωμεν,
1875 1416 1925 1442 Εὑ-

1133 1455 1203 1489 τυχῆ
1226 1455 1272 1482 τὸν
1299 1456 1426 1490 ὁμόδοξον
1448 1457 1534 1492 αὐτῷ,
1549 1458 1745 1494 καθαιρεθένιια
1763 1460 1920 1490 κανονικιῖκ

1134 1500 1210 1535 παρὰ
1221 1501 1269 1528 τοῦ
1296 1501 1362 1528 ἰδίου
1377 1503 1538 1536 ἐπισκόπου,
1551 1504 1598 1531 τοῦ
1613 1505 1642 1531 ἐν
1658 1506 1746 1539 ἁγίοις
1758 1506 1850 1540 φαμὲν
1869 1507 1923 1533 Πα-

1133 1546 1196 1581 τρδς
1214 1546 1294 1582 ἡμῶν
1309 1548 1356 1574 καὶ
1367 1548 1584 1583 ἀρχιεπισκόπου
1599 1549 1766 1584 Φλαὸιανοῦ,
1784 1551 1921 1586 αὖθεντή·

1134 1598 1183 1621 σας
1208 1590 1391 1624 ἀκανονίστως
1409 1593 1448 1624 εἰς
1474 1593 1617 1621 κοινωνίαν
1643 1594 1802 1627 ἀνεδέξατο,
1824 1596 1922 1632 πρὶνῆ

1135 1636 1308 1669 ωνεδρεῦσαι
1343 1637 1372 1664 ἐν
1392 1639 1426 1672 τῇ
1447 1638 1579 1672 Ἐφεσίων
1603 1639 1672 1675 μετὰ
1708 1640 1763 1669 τῶν
1789 1641 1924 1674 θεοφιλῶν

1134 1682 1302 1710 ἐπισκόπων.
1323 1683 1391 1713 Ἀλλ’
1405 1683 1519 1715 ἐκείνοις
1536 1685 1584 1720 μὲν
1595 1686 1610 1712 ό
1625 1685 1806 1717 ἀποστολικὺς
1827 1685 1926 1721 θρόνος

1142 1727 1307 1763 συγγνώμην
1321 1728 1467 1764 ἀπένειμεν
1478 1730 1525 1756 ἐπὶ
1539 1731 1596 1761 τοῖς
1606 1730 1696 1757 ἐκεῖσε
1708 1731 1746 1766 μὴ
1758 1731 1832 1758 κατὰ
1853 1732 1924 1765 γνώη

1136 1781 1190 1808 μην
1204 1773 1249 1800 ὑπ’
1276 1773 1366 1800 αὐτῶν
1391 1776 1615 1811 πεπραγμένοις·
1645 1776 1669 1802 οἳ
1693 1777 1740 1803 καὶ
1769 1776 1924 1803 διετέλεσαν

1136 1817 1216 1851 μέχρι
1232 1817 1279 1844 τοῦ
1295 1819 1428 1853 παρόντος
1446 1820 1572 1855 ἑπόμενοι
1584 1820 1624 1856 τῷ
1635 1821 1780 1856 ἁγιωτάτῳ
1793 1822 1924 1856 ἁρχιεπι-

1136 1863 1228 1897 σκόπῳ
1235 1864 1340 1895 Λέοντι,
1351 1865 1400 1891 καὶ
1412 1864 1485 1901 πάσῃ
1495 1867 1527 1901 τῇ
1539 1866 1606 1901 ἁγίᾳ
1613 1867 1659 1893 καὶ
1669 1867 1847 1902 οίκουμενικῇ
1864 1875 1927 1893 συν-

1134 1907 1196 1942 όδῳ.
1212 1905 1250 1935 Οὗ
1263 1907 1295 1942 δὴ
1311 1908 1390 1943 χάριν
1418 1909 1464 1936 καὶ
1479 1910 1508 1937 ἐν
1532 1912 1565 1948 τῇ
1578 1911 1659 1939 αὐτοῦ
1684 1911 1811 1947 κοινωνίᾳ
1825 1912 1927 1942 αὐτοὺς

1134 1953 1298 1987 όμοπίστους
1309 1953 1428 1986 ἐδέξατο.
1445 1952 1529 1986 Οὗτος
1550 1955 1578 1982 δέ
1596 1957 1642 1984 καὶ
1656 1957 1736 1992 μέχρι
1750 1956 1797 1983 τοῦ
1820 1958 1927 1991 παρόν-

1135 2006 1180 2029 τος
1206 1998 1322 2033 διέμεινε
1345 2000 1543 2035 σεμνυνόμενος
1562 2002 1590 2028 ἐν
1614 2003 1737 2034 ἐκείνοις,
1751 2003 1793 2038 ἐφ’
1809 2001 1861 2034 οἷς,
1875 2003 1926 2029 ἔδει

1137 2044 1249 2076 στένειν,
1261 2045 1308 2071 καὶ
1322 2046 1352 2076 ὲς
1369 2047 1420 2081 γῆν
1435 2047 1583 2081 κεκυφέναι
1603 2047 1717 2082 ὀφείλει,
1728 2049 1801 2084 Πρδς
1819 2049 1927 2078 τούτοις

1136 2088 1174 2120 δὲ,
1192 2089 1253 2115 οὐδὲ
1281 2090 1329 2125 τὴν
1356 2091 1500 2126 ἐπιστολὴν
1530 2093 1735 2128 ἀναγνωσθῆναι
1750 2094 1928 2129 συνεχώρησε

292 2135 437 2170 epistolam
460 2135 612 2163 beatissimi
644 2144 720 2171 papae
743 2136 857 2168 Leonis,
883 2143 966 2171 quam
991 2136 1038 2163 ille
1051 2136 1085 2164 ad

1137 2134 1183 2161 τοῦ
1202 2135 1411 2169 μακαριωτάτου
1437 2137 1516 2163 πάπα
1548 2138 1673 2170 Λέοντος,
1689 2138 1738 2173 τὴν
1771 2139 1928 2174 γραφεῖσα-ι

295 2184 397 2206 sanctae
428 2180 567 2208 memoria:
597 2181 757 2208 Flavianum
782 2181 999 2215 conscripserat,
1031 2179 1084 2215 legi

297 2223 409 2251 minime
423 2225 564 2259 permisit:
582 2225 664 2260 idque
676 2225 801 2260 quamvis
817 2224 965 2259 saepissime
974 2229 1086 2260 rogatus

295 2274 370 2297 esset
385 2270 420 2298 ab
445 2270 479 2298 iis
496 2271 543 2306 qui
559 2271 702 2306 epistolam
726 2271 894 2303 attulerant,
912 2274 939 2297 et
961 2270 1087 2304 quamvis

1139 2178 1204 2215 παρ’
1222 2179 1305 2206 αὐτοῦ
1321 2180 1389 2215 πρὸς
1403 2180 1449 2208 τὸν
1471 2182 1499 2208 ἐν
1513 2182 1600 2216 ἁγίοις
1618 2183 1668 2217 τὴν
1684 2185 1793 2218 μνήμην
1806 2183 1928 2210 Φλαὸια-

1138 2225 1193 2256 νὺν,
1215 2225 1262 2252 καὶ
1290 2225 1377 2252 ταῦτα
1400 2227 1530 2259 πολλάκις
1553 2228 1739 2263 παρακληθεὶς
1768 2229 1930 2262 ἀναγνῶναι

1138 2269 1240 2305 ταύτην
1255 2270 1308 2296 ὑπδ
1319 2270 1372 2298 τῶν
1385 2272 1583 2310 κεκομικότων,
1604 2273 1651 2299 καὶ
1663 2272 1724 2310 μεθ’
1740 2273 1834 2308 ὅρκων
1849 2273 1931 2307 ποιή-

942 2337 1059 2364 VABIAS
1077 2337 1280 2366 LEC'l‘IONES.

329 2392 353 2409 ⁸⁸
366 2393 491 2421 Valesius
516 2398 543 2420 et
566 2393 597 2421 C.
615 2393 646 2421 C.
671 2394 840 2431 Ίσχυρίωνος
855 2394 902 2423 καὶ
917 2394 1002 2422 αὐτοῦ
1018 2394 1153 2422 διακόνου.

894 2460 1026 2488 VALESll
1041 2460 1323 2490 ANNOTATIl)NES.

328 2507 384 2548 (Νξ)
399 2507 451 2548 Ital
461 2507 534 2540 βίας
545 2507 742 2548 ἀφαιρέσεως.
763 2507 905 2548 Assentior
917 2507 984 2534 viris
996 2507 1085 2547 doctis

293 2535 342 2577 qui
360 2535 451 2577 βιαίας
461 2535 658 2570 ἐηιέιιάοιεὺιιι
675 2535 900 2577 ex'conjectura,
918 2547 949 2569 ut
972 2543 1083 2577 opinor.

294 2578 362 2604 Nam
376 2577 440 2604 libri
459 2577 546 2604 nostri
563 2577 632 2606 nihil
657 2581 777 2604 mutant.
801 2577 894 2604 Codex
915 2583 1006 2604 tatnen
1022 2577 1086 2604 Tel-

295 2612 426 2644 lerianns,
442 2620 523 2646 quem
538 2612 604 2639 dum
621 2612 706 2639 editio
720 2617 814 2640 nostra
829 2612 881 2639 sub
906 2612 984 2646 prelo
1001 2616 1085 2643 esset,

295 2652 450 2682 opportune
463 2651 562 2674 nactus
570 2655 642 2680 sum,
652 2647 756 2674 diserte
763 2647 895 2681 scriptum
905 2647 987 2674 habet
997 2647 1087 2681 βιαίας

1136 2508 1318 2542 ἀφαιρέσεως.

1174 2544 1239 2578 (17)
1262 2542 1474 2571 Ἐπυνθάνετο.
1503 2542 1617 2578 Nieeph.
1641 2543 1687 2571 hic
1711 2543 1820 2578 aliquot
1850 2546 1933 2572 verba

1138 2577 1256 2604 inseruit
1272 2578 1326 2606 hoc
1346 2579 1429 2606 modo
1444 2587 1450 2605 :
1467 2577 1581 2606 καὶτῶν
1594 2577 1765 2607 ἐπισκόπων
1775 2580 1934 2607 ἀνεπυνθά-

1143 2621 1215 2644 νετο,
1233 2617 1287 2640 etc.

1011 2704 1139 2733 VARIOI‘.
1146 2705 1165 2733 υ
1172 2705 1205 2732 Μ.

334 2750 368 2784 (ο)
390 2750 549 2783 ΠροτερΙου
571 2751 740 2778 ἐπισκόπου
758 2750 906 2783 Σμύρνης.
923 2749 997 2777 Loco
1012 2750 1084 2784 Προ-

295 2785 387 2819 τερίου
403 2784 548 2820 legendum
566 2786 721 2820 Αίθερικοῡ,
738 2791 768 2813 ιιι
782 2791 857 2812 reete
878 2789 972 2812 monet
988 2785 1084 2820 Pagius

1138 2751 1171 2777 ad
1185 2759 1287 2788 annum
1300 2753 1363 2783 446.
1381 2761 1407 2779 ιι.
1424 2753 1451 2785 6,
1467 2760 1522 2788 quo
1539 2755 1653 2782 nomine
1672 2755 1700 2783 in
1721 2756 1797 2785 Actis
1818 2757 1931 2785 concilii

1140 2787 1302 2823 appellatur.
1321 2788 1363 2817 ιγ.
1379 2787 1487 2818 ιον-το.
