1959 3064
106 156 164 189 2569

549 148 742 180 ΗΙΒΤΟΒῙᾹΞ
759 147 1058 179 ΕΟΟΕΕΒΙΑΞΤΙΕίΕ
1077 147 1195 178 LIBER
1214 146 1254 176 II.

1649 142 1719 173 2570

107 213 121 246 ἡ
133 211 213 240 πίστις
225 207 281 234 τῶν
294 205 443 242 όρθοδόξων
452 212 458 220 ·
476 204 570 236 Οὕτως
587 203 687 236 πάντες
703 202 877 237 πιστεύομεν.

938 203 1058 230 amnium
1073 202 1156 234 ﬁdes;
1171 202 1230 229 hzec
1246 200 1313 229 fides
1323 199 1557 228 orthodoxorunr-
1571 199 1611 227 sic
1623 203 1721 228 omnes

106 255 163 284 Μεθ’
177 255 221 286 οὓς
242 254 343 284 ’Δὲτιος
360 252 415 288 (24)
433 252 447 278 ὁ
462 250 652 286 ἀρχιδιάκονος
669 249 722 284 ἔφη
741 249 813 284 ἔχειν
830 251 885 284 μεέ

106 302 134 330 τὰ
146 302 232 337 χεῖρας
247 299 296 336 τὴν
311 299 379 335 πρὸς
410 297 557 333 Νεστόριον
572 295 717 332 ἐπιστολὴν
742 295 879 330 Κυρίλλου

106 347 145 375 τοῦ
160 345 310 378 θεσπεσίου,
327 344 361 379 ἢν
377 343 478 374 πάντες
495 343 519 369 οἱ
532 343 559 368 ὲν
580 341 684 376 Ἐφέσῳ
705 340 881 374 συλλεγέντες

105 392 233 427 ἐκύρωσαν
244 389 358 420 οἰκείαις
369 387 606 422 ὑποσημειώσεσιν
619 395 626 402 ·
644 386 716 421 ἔχειν
727 393 757 412 τε
770 385 818 412 καὶ
832 385 881 420 τὴν

105 439 188 474 ἑτέραν
219 435 365 471 ἐπιστολὴν
393 433 474 462 αὑτοῦ
504 433 652 468 Κυρίλλου,
679 431 881 467 γεγραμμένην

105 485 163 520 πρὸς
183 483 308 518 Ἰωάννην
327 483 372 508 τὸν
396 480 571 515 Ἀντιοχείας,
587 479 636 506 καὶ
653 478 738 513 αὐτὴν
763 477 882 512 βεϐαιω-

105 532 194 562 θεῖσαν,
208 527 241 561 ἃς
258 528 348 564 ἐξῄτει
371 526 550 560 ἀναγνώσεως
573 526 676 560 τυχεῖν.
689 524 834 556 Διαλαλιᾶς
851 531 881 550 τι

105 577 164 613 πρὸς
177 576 260 603 ταῦτα
276 573 475 610 γεγενημένης,
490 572 573 608 ἄμφω
589 571 812 606 ἀνεγνώσθησαν.

135 665 184 693 Καὶ
199 664 251 699 τῆς
267 664 315 699 μὲν
329 662 467 698 προτέρας
482 661 569 697 αὐτῆς
583 661 606 677 ⁵⁸
623 661 682 688 ἔνια
705 662 761 692 τοῖς
781 659 881 695 ὀνόμα-

106 713 144 739 σίν
159 713 231 738 ἐστιν
241 709 337 737 ταῦτα’
352 709 397 744 Τῷ
411 709 603 743 εὐλαόεστάτῳ
614 709 636 724 ⁸⁹
650 706 848 742 συλλειτουργῴ
859 707 881 722 ⁸⁸

102 756 232 792 Νεστορίῳ
252 755 396 790 Κύρι).λος.
413 754 669 789 Καταφλυαροῦσιν,
684 754 722 786 ὡς
741 753 880 789 μανθάνω,

101 801 166 832 τινὲς
181 800 231 835 τῆς
248 800 317 835 ὲμῆς
336 799 495 834 ὑπολήψεως
510 799 556 826 ἐπὶ
568 799 618 834 τῆς
636 799 684 834 σῆς
702 798 858 830 θεοσεϐείας
872 818 880 831 ,

103 848 146 875 καὶ
159 847 236 873 τοῦτο
253 845 367 880 συχνὼς,
380 844 430 877 τὰς
449 844 502 871 τῶν
514 845 543 871 ἐν
561 845 634 871 τέλει
648 844 776 876 συνόδους
790 853 883 880 καιροσ

104 891 296 928 φυλακτοῦντες
323 891 451 926 μάλιστα,
463 891 512 918 καὶ
540 890 611 926 τάχα
640 899 691 917 που
705 890 754 917 καὶ
772 890 883 925 τέρπειν

101 940 212 976 οἰόμενοι
226 940 276 974 τὴν
291 939 339 974 σὴν
354 939 450 974 ἀκοήν.
469 937 523 966 Καὶ
539 939 603 973 μεθ’
613 937 717 973 ἔτερα·
735 937 809 973 Ἔφη
826 939 883 966 τοί-

102 987 184 1021 νυνή
216 985 281 1020 ἁγία
307 986 355 1012 καὶ
385 985 491 1020 μεγάλη
525 984 633 1016 σύνοδος
663 984 745 1011 αὐτὸν
774 984 821 1011 τὸν
851 985 883 1012 ὲκ

101 1033 163 1060 Θεοῦ
179 1031 224 1059 καὶ
237 1032 342 1067 Πατρδς
360 1031 430 1058 κατά
446 1031 527 1066 φύσιν
544 1030 710 1067 γεννηθέντα
738 1030 803 1057 Υἱὺν
833 1039 883 1066 μο-

101 1080 202 1114 νογενῆ,
219 1078 264 1105 τὸν
279 1079 311 1105 ὲκ
324 1078 371 1104 τοῦ
389 1077 457 1104 θεοῦ
481 1076 610 1113 ἀληθινοῦ
628 1077 694 1103 Θεὸν
707 1077 884 1111 ἁληθινὸν,τὸ

101 1125 155 1161 φῶς
170 1125 200 1151 τὺ
212 1125 244 1152 ἐκ
256 1124 303 1151 τοῦ
319 1124 417 1159 φωτὸς,
430 1124 475 1150 τὸν
484 1123 517 1150 δι’
525 1120 555 1150 οὗ
565 1124 598 1149 τὰ
606 1123 694 1150 πάντα
710 1122 861 1157 πεποίηκεν
871 1123 885 1149 ό

101 1171 200 1207 Πατὴρ,
216 1170 371 1204 κατελθεῖν,
387 1170 572 1205 σαρκωθῆναι,
590 1169 812 1204 ενανθρωπῆσαι,
833 1177 885 1195 πα-

101 1217 166 1251 θεῖν,
183 1217 332 1252 ἀναστῆναι
349 1217 381 1252 τῇ
398 1216 478 1252 τρίτῃ
492 1216 593 1253 ἡμέρᾳ,
607 1214 730 1241 ἀνελθεῖν
746 1215 785 1247 είς
802 1215 885 1251 οὐρα-

99 1264 169 1296 νούς.
185 1263 295 1295 Τούτοις
309 1263 356 1290 καὶ
380 1263 454 1298 ἡμᾶς
471 1261 585 1288 ἕπεσθαι
600 1261 650 1294 δεῖ,
666 1262 713 1288 καὶ
723 1262 781 1293 τοῖς
795 1261 885 1295 λόγοις

100 1310 211 1340 καὶτοῖς
226 1308 447 1344 παραδείγμασιν
485 1308 642 1340 ἐννοοῦντας
656 1308 682 1334 τί
697 1308 727 1334 τὺ
742 1308 886 1345 σαρκωθῆ-

99 1364 143 1383 ναι
158 1356 205 1382 καὶ
220 1355 428 1391 ἒνανθρωπῆσαι
441 1355 516 1390 δηλοί
529 1355 574 1381 τὸν
590 1354 655 1381 Θεον
670 1354 765 1388 Λόγον.
780 1355 816 1381 Οὺ
831 1354 886 1390 γάρ

99 1411 188 1438 φαμεν
202 1403 242 1429 ὅτι
257 1403 274 1438 ἡ
292 1400 339 1429 τοῦ
352 1402 440 1436 Λόγου
453 1401 535 1435 φύσις
551 1400 776 1436 μεταποιηθεῖσα,
789 1400 886 1434 γέγονε

101 1448 188 1484 σάρξ·
204 1447 263 1475 ἀλλ’
287 1447 347 1474 οὐδὲ
375 1447 399 1473 εί
422 1446 482 1472 ὅλον
507 1445 651 1480 ἄνθρωπον
684 1444 887 1480 μεταϐληθῆναι

98 1494 145 1522 τὸν
158 1495 191 1520 ἐκ
215 1492 305 1528 ψυχῆς
323 1492 371 1518 καὶ
396 1491 522 1526 σώματος
538 1499 546 1506 ο
561 1492 650 1517 ἐκεῖνο
669 1490 697 1516 δὲ
715 1489 826 1524 μᾶλλον,
846 1490 886 1516 ὅτι

100 1539 189 1574 σάρκα
217 1537 418 1574 ὲμψυχωμένην
436 1537 508 1572 ψυχῇ
532 1536 629 1571 λογικῇ
653 1535 756 1566 ὲνώσας
772 1535 785 1561 ό
800 1535 887 1568 Λόγος

99 1585 188 1621 ἑαυτῷ
214 1584 276 1612 καθ’
291 1584 438 1611 ὑπόστασιν
450 1604 456 1615 ,
472 1582 618 1618 ἀφράστως
645 1582 692 1608 καὶ
702 1581 889 1617 ἀπερινοήτως

98 1631 211 1666 γέγονεν
223 1631 375 1666 ἅνθρωπος,
392 1629 439 1655 καὶ
461 1628 664 1663 κεχρημάτικεν
694 1626 755 1658 Υἱὸς
782 1626 888 1661 ἀνθρώ-

99 1683 164 1706 που,
176 1676 206 1700 οὺ
220 1674 290 1700 κατὰ
302 1674 410 1710 θέλησιν
429 1675 524 1710 μόνην,
535 1675 552 1709 ἦ
565 1673 687 1700 εὐδοκίαν
696 1681 703 1688 '
715 1673 842 1700 ἀλλὀῠδὲ
852 1673 890 1704 ὡς

99 1722 129 1748 ὲν
156 1721 308 1757 προσλήψει
336 1721 485 1757 προσώπου
514 1721 615 1755 μόνου·
632 1720 737 1747 καὶὸτι
765 1719 890 1753 διάφοροι

98 1767 152 1803 μὲν
167 1767 196 1793 αἱ
225 1767 293 1802 πρὸς
318 1767 432 1803 ἑνότητα
460 1766 510 1802 τὴν
536 1765 667 1802 ἀληθινὴν
687 1765 890 1801 συνενεχθεῖσαι

97 1811 197 1846 φύσεις
213 1811 280 1848 (25),
302 1809 342 1843 εἷς
357 1811 385 1838 δὲ
410 1811 440 1845 ἐξ
465 1811 566 1847 ἀμφοῖν
583 1811 710 1847 Χριστὸς,
745 1811 791 1837 καὶ
814 1810 888 1844 Υἱὸς,

97 1858 152 1893 οὺχ
168 1857 206 1888 ὡς
222 1857 271 1892 τῆς
293 1857 348 1884 τῶν
367 1857 474 1891 φύσεων
491 1857 622 1893 διαφορᾶς
647 1856 823 1893 ἀνῃρημένης
846 1856 890 1882 διὰ

96 1903 150 1939 τὴν
166 1905 263 1932 ἕνωσιν
275 1909 281 1917 ·
298 1903 509 1930 ἁποτελεσασῶν
533 1903 561 1930 δὲ
581 1903 680 1938 μᾶλλον
699 1904 766 1938 ἡμῖν
783 1902 829 1929 τὸν
843 1901 891 1928 ἕνα

97 1949 208 1984 Κύριον
233 1949 281 1975 καὶ
299 1948 417 1985 Χριστὸν
432 1949 479 1974 καὶ
498 1948 560 1974 NW
576 1948 608 1975 ἐκ
637 1947 763 1982 θεότητός
787 1956 817 1974 τε
844 1948 891 1974 καὶ

98 1993 328 2030 ἀνθρωπότητος,
346 1993 390 2020 διὰ
414 1994 465 2028 τῆς
493 1993 632 2030 ἀφράστου
661 1994 708 2020 καὶ
733 1994 890 2029 ἀπορρήτου

95 2039 173 2075 πρὸς
186 2039 302 2074 ἑνότητα
312 2040 479 2075 συνδρομῆς.
491 2040 544 2066 Καὶ
551 2040 614 2074 μετ’
623 2040 710 2075 ὀλίγα
720 2048 726 2054 ’
742 2040 850 2075 Ἐπειδὴ
863 2040 892 2066 δὲ

92 2085 133 2112 δι’
143 2086 221 2120 ἡμᾶς
232 2085 280 2112 καλ¹
292 2085 337 2112 διὰ
347 2086 397 2120 τὴν
411 2086 549 2121 ἡμετέραν
562 2086 697 2121 σωτηρίαν
713 2085 816 2117 ἐνώσας
830 2087 893 2112 ἑαυ-

92 2129 138 2166 τῷ
155 2130 220 2157 καθ’
240 2131 391 2157 ὑπόστασιν
402 2130 448 2158 τὸν
460 2129 630 2165 ἀνθρώπινον
644 2131 779 2167 προῆλθεν
794 2132 826 2157 ὲκ
843 2139 892 2164 γυ·

90 2177 207 2210 ναικὸς,
218 2178 298 2204 ταυτὶ
310 2176 419 2211 λέγεται
434 2176 482 2203 καὶ
501 2176 664 2212 γεννηθῆναι
689 2177 839 2213 σαρκικῶς.
852 2178 890 2203 Οὐ

899 881 920 908 Β

907 1980 914 2004 ἱ

905 2012 912 2029 ἰ

909 2047 916 2054 ι

931 248 1080 276 credimus.
1110 249 1174 276 Post.
1201 248 1260 275 hanc
1286 247 1381 275 Aetius
1403 246 1613 274 archidiaconus
1639 247 1720 277 dixit.

932 294 1036 322 habere
1052 302 1081 322 se
1092 302 1148 329 prae
1162 293 1289 321 manibus
1305 293 1451 328 epistolam
1469 291 1556 320 divini
1570 292 1665 328 Cyrilli
1686 293 1722 321 ad

931 341 1100 373 Nestorium,
1131 348 1213 376 quam
1239 340 1360 368 universi
1387 340 1508 374 episcopi
1528 339 1556 366 in
1582 339 1719 374 Ephesina

932 385 1038 421 synodo
1055 385 1216 421 congregati
1243 384 1494 419 subscriptionibus
1519 384 1577 411 suis
1593 391 1722 419 compro-

930 432 1055 459 bassent.
1069 432 1190 459 Alteram
1202 431 1267 458 item
1282 430 1425 464 epistolam
1441 430 1564 466 ejusdem
1585 430 1678 466 Cyrilli
1692 439 1722 458 se

933 472 1045 511 habere;
1055 478 1186 512 scriptam
1198 477 1232 504 ad
1244 476 1375 504 Joannem
1388 477 1548 511 episcopum
1557 476 1720 509 Antiochiae,

933 531 995 559 quae
1006 523 1135 550 similiter
1144 523 1241 550 fuisset
1255 522 1426 550 conﬁrmata.
1438 522 1577 558 ‘Pctiitquc
1590 527 1620 550 ut
1635 523 1722 551 amba:

933 570 1126 598 recitarentur.
1145 570 1228 597 Facta
1246 569 1328 604 igitur
1338 569 1393 596 hac
1406 569 1439 596 de
1452 577 1481 596 rc
1499 569 1721 604 interlocutione,

933 620 1051 651 utraque
1067 616 1182 651 epistola
1204 616 1316 643 recitata
1334 620 1386 642 est.

968 661 1074 688 Prioris
1085 665 1176 689 autem
1191 661 1313 696 epistolae
1325 669 1388 696 pars
1398 661 1431 688 ad
1444 662 1557 689 verbum
1571 662 1612 690 sic
1626 662 1723 691 habet:

934 707 1177 736 Reverendissimo
1194 712 1222 735 et
1245 707 1368 742 piissimo
1384 709 1575 736 comministro
1596 709 1726 738 Nestorio

933 754 1060 790 Cyrillus.
1074 754 1217 785 Nonnulli.
1232 758 1262 782 ut
1274 754 1367 785 audio.
1379 754 1452 789 apud
1465 755 1639 783 sanctitatem
1651 761 1725 785 luam

933 798 1092 826 obt‘rectant
1105 798 1183 826 famas
1198 803 1309 830 nostrae,
1329 797 1411 832 idque
1430 799 1597 834 smpissime:
1616 805 1727 836 tempus

934 845 1003 872 illud
1021 845 1159 880 praecipue
1173 848 1325 879 captantes,
1340 852 1402 872 cum
1415 845 1566 874 honoratos
1582 854 1613 874 ac
1624 847 1728 882 primo-

935 900 980 919 res
992 892 1069 918 viros
1082 891 1110 918 in
1125 899 1211 918 unum
1229 891 1361 919 collectos
1386 891 1508 919 viderint
1528 902 1534 919 :
1559 900 1591 921 ac
1610 893 1727 923 fortasse

934 936 1136 968 existimantes,
1164 943 1246 963 aures
1274 939 1336 962 tuas
1360 935 1519 970 huiusmodi
1548 937 1726 966 sermonibus

935 982 1081 1010 obiectari.
1100 981 1134 1009 Et
1150 981 1290 1016 aliquanto
1306 985 1383 1016 post:
1399 981 1499 1010 Sancta
1517 981 1602 1018 igitur
1627 987 1655 1011 et
1669 992 1729 1013 ma-

935 1037 987 1065 gna
1004 1029 1125 1065 synodus
1151 1029 1202 1061 ait,
1227 1029 1306 1056 illum
1323 1037 1355 1056 ex
1383 1029 1440 1056 Deo
1471 1029 1551 1057 Patre
1572 1031 1726 1060 secundum

934 1080 1064 1103 naturam
1085 1075 1209 1111 genitum
1225 1075 1325 1102 Filium
1344 1075 1469 1108 unicum,
1480 1076 1569 1103 Deum
1585 1084 1681 1105 verum
1693 1085 1728 1106 ex

935 1122 992 1149 Deo
1003 1129 1081 1153 vero,
1094 1122 1188 1148 lumen
1202 1129 1236 1148 ex
1247 1121 1352 1148 lumine
1364 1130 1370 1147 :
1384 1129 1434 1156 per
1450 1130 1532 1156 quem
1548 1122 1640 1150 omnia
1662 1123 1729 1152 fecit

936 1167 1033 1201 Pater;
1048 1167 1235 1200 descendisse,
1252 1168 1424 1194 incarnatum
1439 1175 1511 1199 esse,
1529 1168 1669 1196 hominem
1688 1169 1730 1197 fa.

937 1217 1024 1245 ctum,
1046 1218 1073 1240 et
1087 1220 1197 1248 passum
1215 1220 1287 1245 esse,
1313 1213 1394 1240 tertio
1415 1212 1460 1239 dic
1483 1214 1681 1246 resurrexisse.
1701 1215 1728 1243 in

937 1259 1036 1287 cmlum
1063 1259 1231 1287 ascendisse.
1259 1259 1307 1286 llis
1335 1267 1387 1286 nos
1415 1259 1497 1294 320
1526 1260 1620 1287 verbis
1646 1265 1730 1296 atque

937 1306 1057 1334 decretis
1072 1306 1206 1334 inhzerere
1225 1310 1345 1341 oportet,
1371 1306 1580 1334 considerantes
1603 1307 1669 1342 quid
1693 1308 1730 1336 sit

937 1353 1113 1380 incarnatum
1125 1360 1196 1385 esse,
1214 1357 1242 1379 et
1259 1352 1398 1379 hominem
1416 1352 1518 1379 factum
1546 1353 1634 1380 Deum
1659 1353 1731 1382 Ver-

938 1398 1014 1426 bum.
1025 1398 1084 1426 Nou
1094 1398 1168 1425 enim
1180 1398 1302 1425 dicimus
1312 1401 1437 1425 naturam
1445 1398 1533 1425 "Verbi
1546 1399 1728 1432 immutatam.

938 1451 1049 1471 carnem
1062 1451 1125 1471 esse
1138 1443 1252 1471 factam:
1271 1443 1318 1470 sed
1330 1450 1419 1478 neque
1431 1443 1460 1470 in
1482 1448 1570 1472 totum
1588 1444 1729 1475 hominem

938 1497 1099 1518 conversam
1112 1497 1183 1522 esse,
1263 1493 1371 1516 constat
1388 1497 1419 1516 CK
1442 1489 1534 1517 anima
1551 1495 1579 1517 ει
1601 1498 1729 1527 οοτρυτξι,

939 1537 1042 1564 Verum
1058 1535 1125 1563 illud
1138 1535 1233 1571 potius
1244 1535 1374 1568 dicimus,
1392 1535 1524 1567 Verbum.
1543 1543 1605 1563 eum
1619 1544 1730 1567 carnem

941 1582 1030 1609 anima
1043 1581 1171 1609 rationali
1185 1582 1333 1609 animatam
1354 1582 1406 1609 sibi
1423 1582 1606 1617 personaliter
1624 1583 1731 1611 univis-

941 1632 993 1660 set,
1012 1627 1144 1655 ineffabili
1158 1627 1276 1662 quadam
1290 1628 1603 1663 etincomprchensibili
1624 1630 1731 1658 ratione

941 1674 1082 1701 hominem
1098 1674 1200 1701 factum
1214 1681 1286 1706 esse,
1304 1678 1331 1701 et
1347 1673 1433 1700 tilium
1446 1673 1568 1701 hominis
1591 1679 1731 1710 vocatum,

941 1729 999 1747 non
1012 1721 1088 1756 juxta
1104 1720 1274 1747 voluntatem
1297 1719 1431 1747 duntaxat
1457 1728 1489 1748 ac
1513 1720 1730 1757 beneplacitum,

942 1767 988 1795 sed
1005 1774 1057 1793 nec
1073 1766 1159 1794 solius
1182 1774 1306 1801 personae
1335 1767 1534 1803 assumptione.
1549 1767 1582 1794 Et
1608 1767 1733 1797 diversas

942 1813 1054 1848 quidem
1072 1820 1133 1840 esse
1149 1817 1263 1840 naturas
1280 1821 1341 1847 qua:
1355 1813 1382 1839 in
1398 1820 1493 1840 veram
1505 1813 1642 1841 unitatem
1665 1821 1733 1842 con—

941 1860 1085 1887 venerint:
1102 1866 1188 1886 unum
1200 1863 1293 1887 autem
1305 1866 1366 1886 esse
1388 1858 1529 1887 Christum
1559 1864 1588 1887 et
1615 1859 1732 1888 Filium:

941 1913 996 1932 non
1010 1905 1083 1940 quod
1098 1909 1260 1932 naturarum
1274 1904 1421 1932 diversitas
1436 1904 1543 1932 sublata
1555 1905 1590 1932 sit
1607 1913 1658 1940 per
1672 1905 1733 1933 uni—

944 1951 1060 1978 tionem:
1079 1950 1127 1977 sed
1143 1950 1235 1985 potius
1247 1950 1392 1977 divinitate
1406 1950 1487 1977 simul
1511 1955 1539 1978 et
1562 1951 1734 1980 humanitate

943 2004 1030 2024 unum
1044 1996 1127 2024 nobis
1142 1996 1290 2023 Dominum
1310 2001 1338 2023 et
1351 1996 1493 2024 Christum
1507 2004 1539 2024 ac
1558 1997 1656 2024 Filium
1667 2005 1734 2034 per-

934 2036 1054 2069 'ﬁciente
1065 2050 1115 2077 per
1128 2041 1295 2069 ineﬁ‘abilem
1309 2047 1338 2068 et
1353 2049 1485 2069 arcanum
1506 2043 1584 2071 illum
1613 2050 1736 2072 concur-

943 2095 1004 2115 sum
1019 2087 1053 2114 ad
1079 2087 1225 2114 unitatem.
1242 2086 1275 2113 Et
1297 2086 1377 2122 paulo
1392 2092 1479 2123 post:
1510 2089 1646 2124 Quoniam
1668 2098 1734 2118 vero

943 2137 1058 2168 propter
1073 2140 1124 2160 nos
1148 2137 1177 2160 et
1193 2136 1308 2168 propter
1333 2137 1456 2161 nostram
1476 2134 1591 2163 salutem
1616 2135 1736 2164 humana

944 2184 1044 2206 natura
1056 2179 1108 2207 sibi
1120 2179 1304 2214 personaliter
1317 2180 1405 2212 unita,
1418 2181 1553 2215 processit
1566 2188 1598 2208 ex
1606 2181 1734 2213 muliere,

89 2222 156 2257 γὰρ
173 2222 285 2257 πρῶτον
297 2222 440 2257 ἄνθρωπος
455 2222 585 2258 ἐγεννήθη
602 2223 690 2254 κοινὸς
702 2223 733 2249 ὲκ
749 2224 798 2259 τῆς
813 2223 886 2258 ἁγίας

947 2225 1051 2252 idcirco
1078 2229 1161 2252 natus
1187 2225 1291 2251 dicitur
1316 2225 1468 2252 secundum
1495 2234 1618 2255 carnem.
1641 2227 1738 2264 Neque

89 2267 255 2304 Παρθένου,
276 2265 326 2294 εἷθ’
342 2267 428 2300 οὕτως
449 2269 687 2304 καταπεφοίτηκεν
715 2271 759 2297 ἐπ’
781 2270 862 2297 αὑτὸν
877 2271 892 2296 ὁ

89 2315 193 2349 Λόγος
206 2323 213 2330 ·
231 2315 290 2341 ἀλλ’
301 2314 331 2347 ἐξ
343 2315 428 2349 αὐτῆς
441 2315 547 2350 μήτρας
559 2315 681 2348 ἑνωθεὶς,
693 2317 837 2351 ὑπομεῖναι
849 2317 892 2343 λέ-

89 2369 184 2398 γεται
192 2361 327 2397 γέννησιν
353 2360 499 2396 σαρκικὴν,
513 2360 552 2393 ὡς
572 2361 625 2398 τῆς
641 2362 710 2394 ιδίας
727 2363 827 2398 σαρκὸς
842 2362 892 2399 τὴν

946 2271 1020 2298 enim
1038 2270 1160 2306 primum
1173 2273 1254 2297 natus
1266 2275 1309 2298 est
1326 2270 1409 2298 homo
1438 2272 1560 2308 vulgaris
1585 2281 1620 2301 ex
1642 2279 1737 2303 sancta

946 2316 1068 2352 Virgine,
1082 2323 1114 2343 ac
1127 2316 1226 2343 deinde
1241 2316 1361 2344 Verbum
1376 2317 1405 2344 in
1433 2325 1497 2345 eum
1512 2318 1670 2347 descendit:
1689 2320 1737 2347 sed

947 2362 982 2390 ab
999 2363 1060 2398 ipso
1081 2366 1160 2391 utero
1173 2361 1269 2391 unitus
1281 2363 1420 2391 carnalem
1431 2364 1603 2394 nativitatem
1619 2365 1738 2397 subiisse

744 2434 862 2462 VABl/E
884 2434 1088 2464 LECTIONES.

131 2490 160 2529 ’ξ
175 2489 213 2518 .C.
224 2489 255 2518 C.
272 2490 376 2529 αξθτοῖς.
411 2491 437 2508 ι’
457 2491 514 2519 εὺλ.
533 2493 580 2520 καὶ
595 2492 797 2528 θεοσεὸεστάτῳ
829 2494 1027 2529 interpretatus
1039 2497 1082 2520 est
1091 2491 1227 2525 Valesius,
1245 2491 1338 2520 om‘isit
1353 2491 1413 2529 ejus
1429 2493 1624 2529 typographus.
1663 2493 1686 2509 '°
1705 2492 1736 2522 C.

84 2525 126 2555 C.
148 2525 316 2561 λειτουργῷ.

711 2572 848 2600 γΑΙιΕδιι
867 2573 1149 2602 ANNOTATIONES.

131 2617 198 2657 (αι)
215 2617 285 2645 Μεθ’
298 2617 353 2657 ode
367 2617 488 2657 Egeriae.
500 2617 697 2657 Exstatetiam
713 2618 847 2657 higAloeus
866 2619 895 2647 in
947 2627 1005 2657 non
1020 2619 1093 2657 (ηιοᾱ
1109 2627 1141 2657 εξ
1155 2621 1264 2649 duabus
1287 2622 1395 2650 naturis
1414 2629 1469 2650 una
1486 2622 1558 2650 facta
1580 2622 1625 2654 sit,
1640 2629 1739 2657 quem-

78 2653 215 2689 actiqne
230 2653 351 2681 secunda
364 2652 496 2689 Qhaleed.
511 2653 629 2689 concilii,
645 2661 706 2689 pag.
721 2653 782 2681 160.

128 2688 197 2721 (25)
213 2689 249 2715 At
264 2689 340 2722 πρὸς
370 2688 497 2721 ἑνότητα
533 2687 588 2721 τὴν
615 2687 766 2722 ἀληθινὴν
782 2695 896 2716 συνεν-

76 2723 238 2758 εχθεῖσαι
251 2725 370 2757 φύσεις.
380 2723 476 2750 Divina
497 2725 568 2752 enim
596 2727 624 2751 et
652 2724 771 2751 humana
798 2729 897 2752 natura

76 2757 187 2788 simul
203 2759 317 2794 junctae,
333 2766 417 2794 unum
438 2757 580 2786 Christum
594 2766 627 2786 ac
645 2759 793 2787 Dominum
815 2760 897 2788 nobis

75 2794 318 2830 constituerunt.
335 2793 425 2828 Atque
440 2794 477 2821 ita
490 2801 586 2830 verum
598 2799 642 2822 est
660 2794 733 2830 quod
754 2795 793 2822 ait
806 2794 896 2830 Cyril-

76 2830 152 2861 lus,
173 2829 245 2857 duas
257 2829 458 2856 naturasinter
473 2836 502 2856 se
521 2829 655 2862 diversas,
670 2829 708 2857 ’in
723 2837 815 2857 veram
829 2829 896 2858 uni-

78 2869 112 2892 ta
118 2869 188 2892 tem
197 2864 315 2892 coivissc
324 2872 331 2889 :
339 2864 412 2898 quod
419 2868 509 2892 tamen
516 2872 570 2892 non
582 2865 894 2903 intellexitChristoph.:

266 2913 406 2944 ΡΑτιιοι.
430 2911 490 2943 Gn.
507 2912 683 2946 LXXXVI.

950 2655 1098 2693 admodum
1120 2656 1258 2692 Eutyches
1273 2657 1393 2693 asseruit
1407 2666 1414 2688 ;
1429 2657 1476 2685 sed
1493 2657 1568 2693 quod
1584 2665 1617 2684 ex
1629 2655 1741 2693 duabus

951 2690 1146 2729 naturispunus
1158 2690 1445 2729 eitstiteritrChristus.
1464 2690 1555 2729 Aldue
1570 2693 1606 2720 ita
1620 2692 1740 2729 Cyrillus

950 2725 1115 2763 sententiam
1142 2734 1220 2763 suam
1246 2728 1328 2762 paulo
1360 2732 1422 2762 post
1447 2725 1571 2763 exponit,
1599 2725 1664 2756 cum
1690 2728 1740 2760 ait,

951 2760 996 2799 §ta
1012 2761 1061 2799 τῇς
1078 2762 1219 2799 ἀφρᾲστου
1234 2760 1282 2789 καὶ
1295 2760 1454 2799 ἀπορρήτου
1463 2760 1532 2798 πρὸς
1546 2764 1660 2799 ἑνότητα
1675 2770 1741 2790 συν-

950 2796 1065 2833 ῥρομῆς.
1080 2796 1121 2833 Et
1139 2797 1182 2824 his
1197 2796 1594 2833 apparethallucinattimesse
1606 2796 1741 2828 Joannem

951 2830 1086 2893 L'apéum.
1104 2830 1223 2874 doctu'm'
1234 2830 1353 2874 'alioqui.
1371 2833 1524 2870 Nicephorl‘
1548 2834 1740 2871 interpretem,

951 2874 998 2893 aut
1030 2867 1127 2893 νόττιτα
1146 2874 1270 2893 unionem
1285 2872 1377 2893 vertit.
1455 2879 1459 2881 -

951 2867 998 2903 qui
1015 2867 1127 2903 ἑνότητα
1146 2869 1270 2896 unionem
1285 2867 1378 2898 vertit.
1440 2867 1459 2881 ’·
