1964 3067
217 128 286 161 2571

828 130 986 161 EVAGRII
1004 130 1247 161 SCHOLASTICI

1781 134 1842 168 257!

216 185 331 218 dicitur,
359 189 454 220 utpote
481 185 527 220 qui
557 186 650 213 carnis
678 194 734 213 sua:
760 187 932 214 nativitatem
957 186 1009 214 sibi

1063 186 1188 222 γέννησιν
1213 187 1411 222 οἰκειούμενος.
1430 187 1509 215 Οῦτω
1537 183 1630 224 φαμὲν
1649 191 1729 218 αὐτὸν
1743 189 1840 223 παθεῖν,

216 232 357 267 propriam
377 231 501 258 asciscat.
524 231 626 260 Eodem
640 231 722 260 modo
736 233 811 260 illum
825 240 935 268 passum
948 240 1008 261 esse

217 276 376 304 dicimuset
391 276 584 311 resurrexisse,
608 285 663 305 non
683 278 761 314 quasi
788 279 861 306 Deus
886 278 1008 306 Verbum

218 323 247 350 in
267 331 316 350 sua
337 328 436 350 natura
466 323 560 359 plagas
587 332 685 359 passus
712 325 757 358 sit,
784 332 832 353 aut
867 325 1008 354 clavorum

213 368 424 400 .transiixiuncs,
451 373 500 396 aut
523 369 574 396 alia
606 370 735 405 qnzclibet
766 371 908 399 vulnera:
935 372 1009 400 Deus

214 415 293 444 enim
312 415 501 451 perpessionis
516 423 616 452 expers
643 422 693 449 est.
721 422 816 452 utpote
838 418 886 453 qui
916 422 1009 446 careat

212 468 343 496 corpore.
366 460 419 488 Sed
432 452 562 496 quoniam
573 470 673 498 corpus
688 463 754 490 illud
769 452 855 498 quod,
865 463 1008 499 proprium

217 507 278 542 ejus
291 510 360 539 erat,
377 514 488 542 passum
502 509 555 539 est,
570 507 673 535 idcirco
694 516 792 543 passus
810 509 884 536 idem
905 509 1009 537 dicitur

212 559 279 581 esse
291 560 342 588 pro
357 553 448 580 nobis.
460 553 528 580 Nam
553 553 582 580 in
605 561 722 589 corpore
742 555 816 590 quod
840 555 1007 590 patiebatur,

209 598 308 626 .inerat
326 599 398 627 Deus
410 599 582 635 impatibilis.

253 644 346 672 Altera
362 648 454 672 autem
467 643 560 680 Cyrilli
573 645 700 680 cpistola,
719 646 823 682 majore
849 646 961 682 quidem
974 654 1008 674 ex

217 693 295 724 parte
305 689 360 725 jam
376 689 463 716 relata
480 694 522 717 est
537 689 564 716 in
580 689 670 724 primo
682 690 765 726 hujus
776 691 901 719 historiae
924 692 1006 719 libro.

218 734 313 763 Exstat
328 739 418 763 autem
434 735 460 762 in
473 743 505 762 ea
522 734 625 762 dictum
642 737 792 771 quoddam,
806 737 879 772 quod
889 737 1010 765 Joannes

218 780 330 817 quidem
343 781 537 810 Antiochensis
550 782 696 818 cpiscopus
707 782 734 810 in
744 783 844 811 litteris
854 784 911 811 suis
923 791 1008 819 expo-

214 832 313 856 suerat
324 836 331 862 ;
343 825 462 864 Cyrillus
475 836 541 855 vero
549 829 678 856 omnibus
687 829 825 865 suffragiis
832 830 1006 865 approbavit.

217 871 248 901 Id
265 874 304 901 sic
324 862 421 901 habet:
438 873 612 901 Coniitemur
636 880 759 903 sanctam
775 862 930 911 Virginem,
946 876 1010 904 Dei-
1025 862 1047 890 Β

167 953 173 959 _
216 926 323 955 param,
340 923 488 955 propterea
503 920 576 954 quod
590 920 663 948 Deus
674 921 795 948 Verbum
809 929 841 949 ex
856 929 888 949 ea
897 929 1009 949 carnem

216 965 369 1001 sumpserit
385 970 413 993 et
428 965 511 992 homo
526 965 615 993 factus
630 966 677 998 sit,
689 970 716 994 et
732 966 766 993 ab
778 967 838 1001 ipso
851 967 1010 1003 conceptio-

217 1012 262 1039 nis
277 1008 392 1039 exordio
405 1011 536 1046 templum
552 1019 584 1039 ex
600 1020 632 1039 ea
646 1017 817 1047 assumptum
829 1013 881 1040 sibi
911 1013 1009 1041 unive-

216 1058 264 1086 rit.
279 1056 460 1092 Evangelicas
472 1062 564 1085 autem
579 1061 607 1086 el
623 1058 789 1094 apostolicus
801 1066 883 1087 voces
900 1067 961 1094 quae
976 1059 1010 1087 de

216 1104 335 1133 Domino
351 1102 494 1137 dicuntur,
508 1104 613 1131 scimus
627 1104 737 1132 divinos
756 1105 817 1132 illos
840 1105 915 1133 viros
942 1106 1010 1133 alias

211 1143 532 1187 quidcmcommuniter
543 1150 679 1184 accipere,
702 1154 732 1177 ut
758 1151 792 1178 de
817 1158 870 1178 una
892 1159 1009 1186 persona

216 1197 321 1224 dictas:
351 1195 419 1224 alias
445 1204 512 1224 vero
535 1195 671 1228 dividere,
699 1201 729 1223 ut
752 1205 814 1232 qua:
842 1196 876 1225 de
900 1197 1010 1224 duabus

216 1243 328 1271 naturis
349 1240 539 1278 proferantur.
570 1243 604 1270 Et
619 1243 670 1270 has
690 1243 802 1278 quidem
823 1243 879 1271 Deo
902 1244 1008 1279 dignas,

214 1290 294 1325 juxta
305 1288 436 1316 deitatem
451 1288 556 1316 Christi
575 1296 583 1316 :
601 1289 668 1316 alias
693 1297 759 1317 vero
782 1290 901 1318 humiles
927 1295 1010 1325 atque

204 1333 350 1369 .abjectas,
370 1333 454 1369 juxta.
473 1333 598 1369 ejusdem
627 1334 826 1363 humanitatem
854 1336 1009 1363 tradidisse.

217 1380 325 1413 Quibus
339 1379 398 1407 haec
412 1378 555 1416 subjungit
566 1379 700 1415 Cyrillus:
720 1381 768 1409 llis
791 1382 877 1409 sacris
894 1382 1010 1410 vocibus

217 1425 321 1453 vestris
333 1425 552 1460 perlectis,‘cum
564 1434 616 1454 nos
637 1427 712 1462 ipsos
728 1428 799 1455 idem
812 1428 915 1455 sentire
927 1428 1010 1456 intel—

217 1471 386 1506 ligercmus:
404 1480 413 1496 ι
429 1468 506 1498 Unus
520 1471 594 1498 enim
608 1471 751 1505 Dominus,
761 1481 815 1500 una
827 1473 905 1505 fides,
922 1481 1008 1501 unum

217 1515 371 1551 baptisma:
386 1524 395 1541 ι
417 1515 592 1543 Servatorem
605 1516 729 1544 omnium
746 1518 832 1545 Deum
842 1517 1009 1553 glorilicavi—
1023 1530 1044 1559 ο

218 1567 291 1594 mus,
304 1560 422 1588 invicem
435 1561 614 1597 gratulantes,
629 1563 703 1597 quod
721 1566 775 1590 tam
801 1569 912 1595 nostrae,
928 1565 1007 1599 32],

218 1614 301 1642 quam
321 1611 420 1635 vestra:
446 1607 569 1642 regionis
587 1608 726 1640 Ecclesiw.
750 1609 831 1637 tidem
855 1618 918 1637 cum
939 1610 1011 1638 Scri-

217 1652 309 1688 pturis
322 1652 455 1680 divinitus
466 1653 607 1689 inspiratis
622 1659 650 1682 et
665 1662 726 1682 cum
739 1656 888 1684 traditione
899 1662 1010 1684 sancto-

217 1705 280 1725 rum
302 1698 415 1726 Patrum
442 1699 661 1728 consentientem
686 1701 879 1736 proﬁteantur.
905 1702 1011 1736 Quibus

217 1742 367 1778 perlectis,
384 1743 506 1778 episcopi
535 1744 582 1779 qui
611 1743 726 1773 aderant
752 1746 941 1774 exclamarunt
968 1747 1012 1775 his

219 1787 327 1816 verbis:
345 1788 471 1816 Universi
490 1789 526 1816 ita
538 1789 691 1818 credimus:
705 1791 761 1818 Leo
776 1799 846 1826 papa
864 1791 901 1818 ita
912 1792 1009 1820 credit.

219 1832 375 1861 Anathema
387 1833 470 1868 eiqui
484 1833 592 1868 dividit,
607 1839 635 1862 et
659 1835 684 1863 ei
700 1836 747 1870 qui
769 1836 923 1864 confundit.
948 1837 1012 1865 llaec

221 1884 264 1908 est
278 1879 346 1907 ﬁdes
357 1879 459 1907 Leonis
473 1879 688 1916 archiepiscOpi;
704 1881 760 1909 Leo
788 1882 828 1910 sic
841 1882 942 1916 credit;
957 1883 1012 1910 Leo

221 1931 250 1955 et
261 1927 407 1955 Anatolius
422 1926 459 1954 ita
481 1926 616 1960 credunt;
643 1927 767 1955 universi
793 1929 829 1956 ita
856 1929 1011 1961 credimus;

223 1977 253 2000 ut
269 1972 399 2008 Cyrillus,
417 1971 457 1999 sic
467 1978 518 1998 nos
535 1971 691 2005 credimus;
709 1971 804 2008 Cyrilli
828 1978 931 2000 aeterna
953 1981 1013 2000 me-

220 2019 326 2052 moria;
344 2023 374 2046 ut
389 2018 513 2053 epistola:
540 2018 634 2055 Cyrilli
649 2018 764 2052 habent,
794 2019 835 2047 sic
860 2019 1011 2053 sentimus;

221 2065 260 2092 ita
273 2063 453 2097 credidimus,
473 2064 512 2091 ita
530 2063 680 2092 credimus.
707 2064 763 2093 Leo
787 2064 1014 2101 archiepiscopus

222 2109 260 2136 ita
271 2109 366 2142 sentit,
381 2108 419 2136 ita
435 2108 535 2141 credit,
549 2109 586 2136 ita
601 2110 724 2145 scripsit.

255 2154 353 2182 Postea
369 2162 432 2182 cum
445 2155 622 2183 interlocutio
632 2156 738 2192 prolata
749 2160 831 2190 esset,
847 2161 878 2185 ut
898 2157 1014 2192 epistola

221 2207 331 2236 quoque
347 2200 449 2228 Leonis
465 2201 639 2235 recitaretur,
665 2202 693 2229 in
714 2201 837 2230 Grzecum
861 2210 1016 2231 sermonem
1030 2210 1054 2239 ι)

221 2254 354 2274 conversa
363 2247 472 2281 publice
480 2247 591 2275 recitata
601 2251 652 2281 est,
661 2248 880 2276 etmonumentis
887 2253 1013 2277 actorum

220 2293 325 2320 inserta
339 2292 467 2320 habetur.
478 2292 533 2320 Hac
548 2293 662 2328 epistola
673 2294 805 2329 perlecta,
816 2302 879 2322 cum
890 2295 1012 2331 episcopi

218 2338 419 2366 acclamassent
433 2336 512 2367 :Htcc
524 2339 591 2367 ildes
610 2339 720 2368 Patrum
734 2341 808 2369 :hsec
823 2341 891 2369 ﬁdes
902 2346 1013 2377 aposto-

221 2384 329 2418 lorum;
342 2390 437 2412 omnes
452 2385 488 2412 lta
501 2385 650 2419 credimus;
667 2385 814 2414 orthodoxi
831 2387 866 2415 ita
879 2387 1011 2421 credunt;

221 2430 368 2458 anathema
380 2431 405 2458 ei
414 2431 461 2466 qui
477 2431 517 2459 sic
531 2439 585 2459 non
597 2432 701 2466 credit;
719 2433 818 2461 Petrus
826 2441 875 2469 per
891 2433 1011 2462 Leonem

221 2476 275 2504 ista
304 2476 414 2504 locutus
434 2480 476 2505 est
493 2477 639 2513 :Aposteli
662 2479 701 2506 ita
723 2478 895 2513 docuerunt;
918 2480 963 2515 pie
980 2488 1013 2508 ac

220 2529 286 2550 vere
303 2521 398 2550 docuit
411 2521 484 2557 Leo;
499 2522 617 2560 Cyrillus
631 2524 671 2552 ita
686 2524 790 2552 docuit.
806 2525 862 2553 Leo
876 2530 904 2553 et
925 2525 1013 2562 Cyril~

221 2569 264 2596 lus
293 2569 422 2597 similiter
449 2571 651 2606 prmdicarunt;
670 2572 817 2599 anathema
848 2573 874 2600 ei
899 2572 946 2608 qui
973 2573 1013 2600 sic

221 2623 277 2644 non
308 2616 412 2652 credit;
441 2617 500 2646 haec
522 2626 586 2647 vera
608 2618 696 2653 ﬁdes;
711 2619 857 2648 orthodoxi
884 2619 1013 2647 ita—scn-

1060 231 1107 258 καὶ
1123 232 1284 273 ἀναστῆναι,
1300 233 1349 268 οὐχ
1363 232 1400 265 ὡς
1416 232 1462 259 τοῦ
1479 233 1547 260 Θεοῦ
1563 234 1650 268 Λόγου
1668 234 1797 267 παούντος
1807 234 1840 267 εις

1063 278 1131 305 ἰδίαν
1160 279 1251 312 φύσιν,
1272 278 1288 314 ἦ
1307 278 1426 314 πληγὰς,
1441 279 1458 315 ἢ
1471 280 1629 316 διατρήσεις
1644 281 1727 316 ἥλων,
1741 282 1759 317 ἢ
1782 281 1842 316 γοῦν

1058 324 1095 350 τὰ
1138 324 1221 359 ἕτερα
1267 324 1322 352 τῶν
1368 326 1543 361 τραυμάτων.
1579 326 1695 359 ’Δπαθὲς
1735 327 1788 364 γὰρ
1815 325 1843 356 τὸ

1059 369 1147 402 Θεῐον,
1165 370 1206 397 ὅτι
1223 370 1270 397 καὶ
1283 370 1439 406 ἀσώματον.
1466 371 1578 407 Ἐπειδὴ
1592 371 1620 398 δὲ
1634 371 1664 398 τὺ
1679 373 1789 407 γεγονὸς
1800 372 1844 400 αὒ-

1059 414 1109 442 τοῦ
1125 415 1191 442 ἴδιον
1206 416 1286 451 σῶμα
1300 416 1429 449 πέπονθε,
1442 416 1529 444 ταῦτα
1544 418 1626 445 πάλιν
1648 419 1729 451 αὐτὸς
1743 419 1843 453 λέγεται

1059 460 1156 488 παθεῖν
1171 461 1242 499 ὑπὲρ
1260 462 1349 497 ἡμῶν.
1363 459 1418 490 Ἦν
1434 463 1490 498 γὰρ
1508 463 1533 490 δ’
1547 463 1665 500 ἃπαθὴς,
1681 464 1711 492 ὲν
1739 464 1777 500 τῷ
1797 463 1844 493 πά,-

1061 515 1151 543 σχοντι
1164 507 1282 543 σώματι.

1095 642 1152 677 Τῆς
1163 641 1192 668 δέ
1203 649 1234 676 γε
1244 641 1344 676 ἑτέρας
1356 640 1390 668 τὰ
1405 641 1492 669 πολλὰ
1509 642 1559 676 μὲν
1570 642 1642 669 κατὰ
1655 641 1705 676 τὴν
1716 641 1845 677 προτέραν

1061 688 1183 722 ἱστορίαν
1198 687 1352 723 ὲνήνεκται.
1374 688 1452 714 Ἔστι
1468 688 1496 715 δὲ
1513 689 1542 715 ἐν
1562 687 1631 723 αὐτῇ
1655 687 1734 723 ῥῆσις
1750 688 1844 720 τοιάδε,

1059 733 1093 770 ἢν
1116 734 1240 769 γέγραφε
1269 733 1319 768 μὲν
1340 733 1493 770 Ἰωάννηςὸ
1507 733 1556 769 τῆς
1580 734 1749 769 Ἀντιοχέων,
1765 742 1846 769 προσ-

1059 780 1147 814 ήκατο
1160 780 1189 806 δὲ
1205 780 1305 811 πάσαις
1319 779 1421 815 ψήφοις
1436 779 1581 815 Κύριλλος.
1593 780 1791 815 Ὀμολογοῦμεν
1801 780 1847 816 τὴν

1060 826 1141 861 ἁγίαν
1172 825 1311 862 Παρθένον
1337 826 1478 858 Θεοτόκον,
1493 825 1537 853 διὰ
1565 826 1594 853 τὸ
1609 826 1654 853 τὸν
1677 827 1745 853 Θεὸν
1766 827 1847 861 Λόγον

1062 871 1241 908 σαρκωθῆναι
1252 872 1280 905 ἐξ
1291 871 1377 907 αὐτῆς
1393 871 1440 898 καὶ
1455 871 1665 907 ὶνανορωπῆσοιι
1675 891 1683 904 ,
1701 872 1747 898 καὶ
1761 872 1789 904 ἐξ
1803 873 1848 899 αὖ·

1060 917 1111 953 τῆς
1128 917 1178 952 τῆς
1194 916 1350 952 συλλήψεως
1365 917 1463 943 ένῶσαι
1479 917 1569 952 ἑαυτῷ
1582 917 1628 944 τὸν
1648 917 1677 949 ἐξ
1701 917 1784 953 αὐτῆς
1802 917 1848 952 λη-

1062 962 1162 997 φθέντα
1174 963 1306 994 ναόν.Τὰς
1320 964 1348 989 δὲ
1359 963 1538 997 εὐαγγελικὰς
1555 963 1602 990 καὶ
1614 964 1796 996 ἀποστολικὰς
1805 964 1850 990 ἐπὶ

1060 1009 1107 1036 τοῦ
1123 1009 1226 1044 Κυρίου
1242 1009 1344 1044 φωνὰς,
1359 1009 1438 1045 ἴσμεν
1453 1010 1517 1041 τοὺς
1530 1009 1677 1045 ϐεοφόρους
1690 1010 1789 1045 ἄνδρας
1803 1011 1851 1041 τὰς

1062 1053 1112 1090 μὲν
1127 1054 1356 1086 κοινοποιοῦντας,
1372 1055 1411 1086 ὡς
1424 1055 1466 1089 ἐφ’
1482 1054 1541 1086 ἐνὸς
1565 1054 1713 1090 προσώπου
1727 1063 1734 1069 ·
1750 1055 1799 1087 τὰς
1822 1055 1850 1081 δὲ

1060 1099 1243 1135 διαιροῦντας,
1255 1099 1292 1132 ὡς
1310 1100 1357 1126 ἐπὶ
1374 1100 1420 1127 δύο
1437 1100 1545 1135 φύσεων
1560 1108 1567 1116 ⁸
1582 1100 1630 1128 καὶ
1646 1101 1696 1132 τὰς
1714 1101 1764 1135 μὲν
1791 1101 1849 1128 θεο-

1061 1146 1189 1180 πρεπεῖς,
1206 1143 1277 1172 κατὰ
1305 1145 1357 1180 τὴν
1382 1145 1496 1179 θεότητα
1522 1144 1569 1172 τοῦ
1593 1144 1733 1181 Χριστοῦ·
1759 1145 1806 1177 τὰς
1823 1145 1851 1172 ὁὶ

1060 1189 1206 1221 ταπεινὰς,
1225 1190 1294 1216 κατὰ
1316 1189 1515 1225 ἀνθρωπότητα
1543 1190 1626 1217 αὑτοῦ
1649 1190 1850 1225 παραδισοντυς.

1061 1233 1108 1267 Οἷς
1137 1235 1276 1271 ἐπήγαγεν
1287 1244 1293 1251 ’
1309 1235 1429 1268 Ταύταις
1456 1235 1533 1271 ὑμῶν
1548 1237 1608 1268 ταῖς
1624 1237 1709 1271 ἱεραῖς
1728 1236 1853 1272 ἐντυχάν-

1061 1289 1107 1312 τες
1140 1282 1261 1316 φωναῖς,
1277 1281 1364 1313 οὕτως
1389 1282 1439 1317 μὲν
1465 1282 1511 1308 καὶ
1538 1282 1636 1314 αὐτοὺς
1649 1283 1669 1299 ⁶¹
1687 1282 1852 1317 φρονοῦντας

1062 1328 1236 1363 εὑρίσκομεν.
1254 1337 1261 1353 ι
1276 1324 1322 1359 Εἷς
1335 1328 1390 1364 γὰρ
1405 1327 1518 1363 Κύριος,
1535 1328 1583 1363 μία
1596 1328 1697 1361 πίστις,
1712 1328 1741 1355 ἓν
1756 1328 1852 1363 βάπτι-

1062 1382 1128 1410 σμα.
1146 1384 1154 1399 ι
1167 1374 1349 1409 Ἐδοξάσαμεν
1363 1373 1409 1402 οὖν
1425 1374 1469 1401 τὸν
1483 1374 1537 1400 τῶν
1550 1374 1618 1401 ὅλων
1640 1375 1754 1411 Σωτῆρα
1768 1375 1833 1402 Θεὸν
1843 1394 1854 1408 ,

1061 1419 1186 1456 ἀλλήλοις
1206 1420 1410 1455 συγχαίροντες,
1426 1421 1467 1446 ὅτι
1491 1421 1551 1452 ταῖς
1576 1420 1766 1452 οεοττνεύστοις
1783 1421 1855 1458 Γρα-

1062 1467 1125 1501 φαῖς
1154 1466 1202 1492 καὶ
1226 1467 1259 1501 τῇ
1286 1465 1435 1500 παραδόσει
1450 1465 1504 1492 τῶν
1525 1467 1611 1500 ἁγίων
1627 1466 1707 1501 ἡμῶν
1723 1467 1856 1502 Πατέρων

1063 1509 1264 1545 συμϐαίνουσαν
1280 1510 1370 1545 ἔχουσι
1387 1510 1477 1537 πίστιν
1495 1510 1525 1537 αἴ
1539 1519 1568 1536 τε
1587 1510 1651 1545 παρ’
1665 1511 1729 1546 ἡμῖν
1754 1512 1802 1538 καὶ
1825 1512 1857 1538 αἱ

1062 1556 1128 1591 παρ’
1138 1557 1202 1591 ὑμῖν
1210 1551 1432 1591 ἙκκλησίαιΪΩν
1443 1555 1665 1590 ἀνεγνωσμένων,
1674 1557 1698 1582 οἱ
1708 1556 1757 1591 τῆς
1769 1556 1857 1591 αὐτῆς

1062 1602 1214 1638 ἐπεϐόησαν
1235 1602 1345 1629 συνόδου
1362 1603 1466 1637 ῥήμασι
1480 1601 1611 1634 τοιούτοις
1622 1609 1629 1617 '
1646 1602 1749 1633 Πάντες
1768 1601 1858 1634 οὕτως

1062 1647 1227 1684 πιστεύομεν
1241 1657 1248 1664 ·
1263 1648 1277 1674 ὁ
1293 1647 1388 1679 πάπας
1405 1648 1480 1674 Λέων
1492 1648 1578 1680 οὓτως
1595 1649 1727 1676 πιστεύει.
1746 1648 1859 1676 Ἀνὰοε-

1064 1703 1103 1729 μα
1118 1694 1157 1730 τῷ
1176 1693 1326 1729 μερίζοντι,
1342 1694 1389 1721 καὶ
1406 1694 1445 1728 τῷ
1462 1695 1605 1729 συγχέοντι
1616 1703 1623 1710 ·
1642 1694 1710 1730 αὕτη
1723 1695 1740 1730 ἡ
1763 1694 1858 1727 πίστις

1063 1740 1177 1771 Λέοντος
1189 1738 1236 1767 τοῦ
1255 1740 1486 1775 ἀρχιεπισκόπου·
1506 1740 1581 1767 Λέων
1607 1739 1693 1771 οὓτως
1719 1739 1858 1772 πιστεύει,

1064 1788 1141 1815 Λέων
1157 1788 1205 1814 καὶ
1222 1783 1376 1818 ’Λνατόλιος
1389 1785 1475 1818 οὕτως
1490 1785 1647 1812 πιστεύουσι
1659 1794 1665 1801 ·
1691 1785 1792 1817 πάντες
1813 1785 1862 1812 οὓ·

1062 1842 1117 1865 τως
1140 1831 1306 1868 πιστεύομεν
1317 1840 1324 1847 '
1341 1832 1378 1864 ὡς
1393 1831 1538 1867 Κύριλλος,
1562 1831 1650 1863 οὕτως
1662 1831 1831 1866 πιστεύομεν
1850 1839 1859 1846 ·

1064 1879 1164 1906 αίωνία
1179 1879 1196 1913 ἡ
1212 1879 1307 1913 μνήμη
1324 1877 1461 1914 Κυρίλλου
1476 1885 1482 1892 ·
1499 1877 1536 1909 ὡς
1553 1878 1582 1904 αἱ
1594 1877 1734 1904 ἐπιστολαὶ
1751 1877 1860 1912 Κυρίλ-

1064 1923 1111 1950 λου
1128 1922 1197 1949 εἰσιν
1213 1922 1281 1958 (26),
1295 1921 1383 1954 οὕτως
1398 1921 1568 1957 φρονοῦμεν·
1588 1922 1675 1953 οὕτως
1692 1921 1862 1948 ἐπιστεύσα-

1067 1978 1128 2005 μεν,
1145 1969 1232 2000 οὖτως
1245 1967 1421 2003 πιστεύομεν.
1439 1968 1516 1994 Λέων
1539 1968 1553 1994 δ
1569 1968 1785 2003 ἁρχιεπίσκοπος
1809 1967 1864 1994 06-.

1063 2023 1117 2047 τως
1134 2014 1238 2049 φρονεῖ,
1250 2012 1336 2044 οὕτως
1350 2012 1483 2046 πιστεύει,
1500 2011 1586 2044 οὕτως
1597 2012 1713 2048 ἔγραψε.

1099 2156 1248 2188 atumat;
1268 2156 1296 2183 δὲ
1314 2155 1472 2191 ἐνεχθείσης
1489 2155 1537 2187 καὶ
1553 2156 1603 2192 τὴν
1617 2157 1732 2189 Λέοντος
1748 2157 1867 2185 Emere.

1068 2203 1116 2239 λὴν
1128 2202 1347 2238 ἀναγνωσθῆναι,
1368 2202 1590 2237 μεταφρασοεῖσα
1604 2203 1653 2238 τῆς
1675 2202 1866 2237 ἀναγνώσεως

1066 2249 1161 2285 ἔτυχεν
1177 2257 1184 2264 ·
1200 2248 1261 2284 ἥτις
1276 2250 1332 2280 τοῖς
1348 2248 1509 2283 πραχθεῖσιν
1521 2247 1684 2283 ἐμφέρεται.
1696 2249 1776 2276 Μετὰ
1792 2249 1867 2282 γοῦν

1063 2296 1115 2332 τὴν
1130 2295 1284 2330 ἀνάγνωσιν
1296 2294 1350 2320 τῶν
1363 2294 1522 2321 ἐπισκόπων
1535 2294 1740 2329 ἐπιϐοησάντων
1754 2302 1761 2309 ·
1778 2295 1866 2329 Αὕτη

1063 2343 1081 2377 ὴ
1096 2341 1188 2372 πίστις
1206 2339 1261 2366 τῶν
1275 2339 1406 2374 Πατέρων
1419 2359 1426 2371 ,
1442 2338 1512 2374 αῦτη
1527 2339 1545 2375 ὴ
1561 2339 1652 2370 πίστις
1669 2340 1723 2367 τῶν
1744 2341 1867 2367 ἁποστσ-

1065 2386 1119 2416 λων
1131 2395 1138 2403 ·
1157 2387 1256 2419 πάντες
1279 2386 1366 2417 οὕτως
1378 2386 1545 2421 πιστεύομεν
1556 2394 1564 2401 ·
1580 2387 1605 2413 οὶ
1617 2385 1752 2422 ὀρθόδοξοι
1769 2386 1870 2419 οὓτως

1066 2435 1234 2469 πιστεύομεν
1246 2440 1253 2448 ο
1269 2431 1393 2467 ἀνάθεμα
1408 2431 1447 2467 τῷ
1462 2432 1499 2468 μὴ
1510 2431 1597 2464 οὕτως
1613 2432 1769 2460 πιστεύοντι
1780 2441 1789 2448 ·
1808 2432 1871 2459 Πέ-

1065 2489 1130 2517 τρος
1156 2479 1200 2506 διὰ
1217 2479 1332 2510 Λέοντος
1357 2478 1445 2505 ταῦτα
1463 2478 1636 2514 ἐξεφώνησεν
1647 2487 1654 2495 ι
1668 2478 1693 2504 oi.
1709 2477 1870 2505 ἀπόστολοι

1031 2538 1048 2561 _-
1064 2527 1151 2558 οὕτως
1165 2525 1289 2557 ἐδίδαξαν
1303 2533 1310 2540 ·
1326 2524 1445 2556 εὐσεϐῶς
1462 2525 1510 2550 καὶ
1525 2524 1633 2559 ἀληθῶς
1650 2523 1726 2551 Λέων
1738 2523 1881 2556 ὲδίδαξευ,

1066 2571 1200 2608 Κύριλλος
1216 2569 1304 2602 οὕτως
1317 2568 1420 2601 ἐδίδαξε
1431 2577 1437 2585 ·
1452 2569 1527 2596 Λέων
1539 2569 1586 2596 καὶ
1600 2568 1734 2603 Κύριλλος
1755 2567 1872 2602 ὁμοίως

1067 2611 1348 2650 ὲδίδαξαν.’Λνάθεμα
1358 2613 1397 2650 τῷ
1413 2614 1451 2650 μὴ
1466 2614 1553 2647 οὓτως
1568 2613 1723 2641 πιστεύοντι
1734 2620 1741 2629 ’
1756 2612 1836 2648 αὕτη
1850 2611 1873 2648 ἡ

867 2690 987 2719 VARLE
1015 2687 1221 2718 LECTIONES.

252 2725 276 2742 "
297 2724 420 2758 ἑαυτούς.

822 2771 956 2800 VALESII
973 2769 1252 2800 ANNOTATIONES.

253 2817 594 2863 ligﬁiﬂguatfmamxat
606 2820 760 2856 Kvpl.1.tov
776 2819 865 2848 εἰσίν.
877 2820 908 2848 In
918 2819 1026 2847 actione
1043 2818 1165 2847 secunda
1185 2815 1419 2846 Chalcedonensis
1434 2814 1557 2851 concilii,
1586 2820 1648 2850 pag.
1669 2813 1732 2848 let,
1755 2819 1813 2849 pro
1830 2809 1876 2863 ει.

226 2851 266 2880 σίν
277 2851 409 2883 scribitur
421 2854 539 2892 ἔχουσιν.
