1964 3067
152 173 222 206 2577

628 176 820 208 HlSTORI/E
839 178 1135 209 ECCLESIASTICJE
1156 177 1271 209 LIBER
1290 177 1330 208 ll.

1718 178 1788 211 ἓῖιῖδ

153 229 222 256 σιλεί
233 237 240 246 ·
260 229 310 261 τὰς
324 229 430 261 ἱκεσίας
444 229 484 265 τῷ
496 230 639 266 ὀρθοδόεῳ,
656 232 705 264 τὰς
719 233 824 265 ἱκεσίας
837 235 869 269 τῇ
891 233 943 260 Αύ-

1000 233 1088 261 ratori.
1117 233 1170 261 llas
1186 241 1282 269 preces
1306 231 1471 260 orthodoxo.
1495 232 1549 260 Has
1573 241 1670 268 preces
1696 233 1792 275 _Augu-

152 274 278 311 γούστῃ·
303 275 405 308 πάντες
434 275 594 312 ἡμάρτομεν
609 297 616 310 ,
644 278 711 304 πᾶσι
738 278 940 314 συγχωρηθείη.

158 320 328 356 Ἔπεόόησαν
342 320 371 348 δὲ
386 321 411 348 οῑ
425 322 474 357 τῆς
491 322 806 356 Κωνσταντινουπόλεως
829 324 943 360 Ἐκκλη-

156 367 215 400 σίας
231 375 239 384 ·
262 367 364 402 Ὀλίγοι
379 367 526 403 κράξουσιν
540 377 547 384 ·
566 369 596 396 οὺ
613 369 689 404 λέγει
705 370 722 406 ἡ
738 369 856 402 σύνοδος.
874 370 942 398 Μεθ’

152 412 198 445 οὒς
228 414 253 440 οἱ
272 413 439 441 ’Δνατολικοὶ
465 414 629 450 ἐξεϐόησαν·
649 415 701 442 Τδν
728 415 880 450 Αίγύπτιον
907 417 942 450 τῇ

152 460 256 495 ὲεορίᾳ.
273 460 306 486 Οἱ
323 459 351 486 δὲ
370 459 494 496 Ἰλλυριοὶ
506 461 682 496 ἐκραύγασαν
696 469 704 476 ”
719 461 840 497 Δεόμεθα
850 481 858 492 .
874 462 943 489 πάν-

151 513 201 536 τας
226 504 347 540 ἐλέησον.
372 505 498 538 Μεθόὒς
520 507 545 533 οἱ
573 506 741 534 ’Δνατολικοί
756 514 763 522 ·
784 506 836 534 Τόν
861 507 944 542 Αἰγύ-

153 560 231 578 πτιον
245 553 280 587 τῇ
298 551 402 587 ὲξορίᾳ.
418 552 474 579 Καὶ
490 551 545 579 τῶν
567 552 703 589 Ἰλλυριῶν
715 553 749 580 τὰ
764 553 943 590 παραπλήσια

153 597 311 631 αἰτούντων,
328 597 353 623 οἱ
366 597 413 624 τοῦ
430 598 532 634 κλήρου
567 599 879 632 Κωνσταντινουπόλεως
899 599 944 632 ὲξ-

151 642 281 677 εϐόησαν·
314 641 459 678 Διόσκορον
473 645 506 679 τῇ
534 644 638 681 ὲξορίᾳ,
658 645 704 672 τὸν
731 645 880 680 Αἰγύπτιον
911 647 943 682 τῇ

152 686 256 724 ὲξορίᾳ,
278 688 324 715 τὸν
351 689 489 724 αἱρετικὸν
515 691 548 726 τῇ
562 690 667 727 ὲξορίςυ
683 692 831 728 Διόσκορον
846 693 860 719 ὁ
875 693 944 728 Χρι-

154 733 215 766 στὸς
237 733 355 762 καθεῖλε.
384 735 452 762 Μεθ’
469 735 516 767 οὒς
546 736 627 764 πάλιν
652 738 678 764 οἱ
699 737 824 774 Ἰλλυριοὶ
845 739 891 765 καὶ
920 738 944 765 οι

153 778 222 814 ἀμφ’
236 779 335 812 αὐτοὺς
364 780 510 808 ἐπίσκοποι
522 790 529 798 ·
547 781 651 814 Πάντες
677 783 841 819 ἡμάρτομεν
853 792 861 800 ⁸
877 785 944 812 πᾶσι

154 824 332 860 συγχώρησον
344 833 351 840 ·
367 826 512 862 Διόσκορον
535 828 568 862 τῇ
585 828 698 864 συνόδῳ,
714 829 860 865 Διόσκορον
884 831 943 863 ταῖς

159 869 346 906 Ἐκκλησίαις.
362 871 416 899 Καὶ
429 872 484 900 τῶν
499 873 696 910 παραπλησίων
710 876 897 911 προελθόντων
910 877 945 904 τὰ

152 915 203 951 τῆς
217 916 346 952 τοιαύτης
361 917 546 950 συνελεύσεως
561 919 741 955 ὲπερατοῦτο.

188 962 266 989 Κατὰ
282 962 310 988 δὲ
326 962 376 998 τὴν
393 963 451 998 μετ’
466 964 738 1000 αὐτὴνσυνέλευσιν,
754 967 802 1002 τῆς
823 967 944 1003 συγκλή-

152 1014 200 1033 του
213 1006 636 1046 διαλαλησάσης,ἀναγνωσθῆναι
652 1011 715 1043 τοὺς
730 1012 781 1047 ἤδη
796 1012 943 1048 δεομένους

152 1052 257 1085 τύπους
274 1053 343 1089 (54),
358 1054 464 1089 ἀνέγνω
478 1056 684 1090 Κωνσταντῖνος
699 1059 876 1094 σεκρετάριος
891 1058 945 1086 ἀπὸ

153 1099 267 1134 σχέδους
291 1100 338 1127 ἐπὶ
353 1099 453 1134 λέξεως
467 1101 553 1128 ταῦτα
568 1110 576 1119 ·
592 1102 660 1138 Περὶ
677 1103 727 1138 μὲν
740 1104 788 1139 τῆς
803 1104 944 1140 όρθοδόξου

152 1146 202 1174 καὶ
221 1146 368 1182 καθολικῆς
406 1148 535 1181 πίστεως,
551 1149 718 1185 τελειότερον
741 1150 850 1178 συνόδου
871 1160 945 1186 γινο-

155 1191 240 1227 μένης
265 1192 335 1228 μετὰ
350 1193 414 1228 μίαν
429 1194 630 1231 ἀκριϐεστέραν
645 1196 768 1229 ἐξέτασιν
785 1197 839 1224 δεῖν
866 1197 944 1232 γενέ-

155 1238 218 1265 σθαι
233 1239 401 1275 συνορῶμεν.
424 1240 534 1277 Ἐπειδὴ
552 1240 581 1268 δὲ
597 1241 745 1273 Φλαὸιανὺς
764 1244 777 1269 ὁ
792 1244 840 1278 τῆς
869 1243 945 1270 εὐσε-

155 1282 219 1315 ϐοῦς
233 1283 353 1319 μνήμης,
375 1284 422 1311 καὶ
434 1285 564 1318 Εὐσέϐιος
583 1287 597 1313 ὸ
617 1286 813 1319 εὐλοιῧέστατος
831 1289 943 1315 ἐπίσκο-

155 1338 217 1362 πος,
233 1331 264 1357 ὲκ
289 1331 340 1366 τῆς
362 1331 416 1358 τῶν
433 1332 638 1368 πεπραγμένων
664 1335 711 1369 καὶ
736 1334 944 1370 διεγνωσμένων

154 1375 282 1411 ἐρεύνης,
297 1377 345 1404 καὶ
358 1377 445 1412 αὐτῆς
461 1379 510 1413 τῆς
528 1380 619 1414 φωνῆς
633 1380 714 1407 τινῶν
740 1381 796 1407 τῶν
824 1381 946 1417 ἐξάρχων

154 1423 310 1457 γενομένων
324 1422 375 1458 τῆς
389 1423 452 1450 τότε
468 1425 589 1459 συνόδου,
602 1425 830 1462 ὁμολογησάντων
846 1428 946 1463 ἐσφάλ-

157 1467 202 1494 θαι
218 1467 266 1494 καὶ
280 1468 369 1503 μάτην
382 1469 481 1501 αὐτοὺς
501 1470 699 1507 καθῃρηκέναι,
718 1473 793 1499 οὐδὲν
809 1474 873 1509 περὶ
891 1474 941 1510 τὴν

155 1513 249 1540 πίστιν
266 1515 425 1549 σφαλέντες,
440 1516 593 1544 δείκνυνται
604 1518 707 1551 ἀδίκως
722 1519 944 1555 καθαιρεθέντεςσ

155 1559 282 1593 φαίνεται
296 1560 362 1595 ἡμῖν
389 1561 459 1588 κατὰ
482 1562 512 1588 τὸ
540 1562 598 1598 Θεῷ
614 1563 730 1598 ἀρέσκον
741 1564 844 1592 δίκαιον
864 1564 943 1599 εἶναι,

154 1605 180 1632 εί
196 1606 353 1642 παρασταίη
381 1607 420 1642 τῷ
436 1607 567 1644 θειοτάτῳ
595 1610 642 1635 καὶ
659 1610 848 1647 εὐσεϐεστάτῳ
867 1612 945 1647 ἡμῶν

154 1649 291 1687 δεσπότῃ,
308 1650 347 1686 τῷ
367 1652 441 1688 αὐτῷ
466 1653 597 1689 ἐπιτιμίῳ
612 1654 757 1691 Διόσκορον
774 1656 819 1682 τὸν
835 1656 948 1684 εὐλαϐέ-

156 1703 252 1723 στατον
264 1697 413 1724 ἐπίσκοπον
431 1698 643 1734 Ἀλεξανδρείας,
658 1701 705 1728 καὶ
713 1701 890 1729 ἰουϐενάλιον
903 1704 948 1731 τὸν

155 1742 355 1771 σὺλαὸέστατον
380 1745 529 1773 ἐπίσκοπον
550 1746 758 1783 Ἱεροσολύμων,
777 1748 825 1775 καὶ
841 1749 947 1777 Θαλάσ-

157 1797 215 1816 σιον
227 1790 274 1817 τὸν
295 1790 491 1819 εὑλαῦέστατον
509 1793 662 1821 ἐπίσκοπον
679 1794 849 1831 Καισαρείας
871 1797 949 1824 Καπ-

156 1836 298 1870 παδοκίας,
311 1837 360 1864 καὶ
373 1838 503 1866 Εὑσέὸιον
520 1839 565 1866 τδν
581 1840 783 1868 εὺλαδὲστατον
799 1842 949 1870 ἐπίσκοπον

162 1882 310 1919 Ἀγκύρας,
326 1884 372 1911 καὶ
389 1884 538 1913 Εὑστάθιον
560 1886 606 1913 τὸν
621 1886 818 1915 εὐλαϐέστατον
835 1889 948 1916 ἐπίσκο-

156 1938 209 1957 πον
234 1930 368 1966 Βηρυτοῦ,
388 1932 434 1958 καὶ
451 1932 591 1960 Βασίλειον
608 1934 654 1960 τὸν
669 1933 868 1962 εὖλαϐέστατον
892 1936 950 1962 επί-

158 1985 260 2004 σκοπον
276 1977 438 2011 Σελευκείας
453 1980 503 2015 τῆς
521 1980 668 2015 Ίσαυρίας,
686 1980 748 2011 τοὺς
761 1980 887 2013 ἐξουσίαν
906 1983 950 2008 ἑσ-

156 2023 279 2059 χηκότας
293 2024 339 2050 καὶ
353 2024 517 2060 ἐξάρχοντας
531 2025 580 2060 τῆς
594 2025 655 2052 τότε
671 2026 793 2058 συνόδου,
804 2027 875 2054 κατὰ
886 2028 950 2055 τοὺς

156 2069 275 2101 κανόνας
289 2069 337 2096 τοῦ
353 2070 535 2098 ὲπισκοπικοῦ
549 2071 705 2108 ἀλλοτρίους
719 2071 848 2106 γενέσθαι
866 2072 950 2106 ἀξιώ-

157 2122 265 2150 ματος·
281 2114 392 2142 πάντων
416 2115 471 2141 τῶν
503 2115 802 2152 παρακολουθησάντων
830 2117 863 2152 τῇ
890 2116 950 2152 θείᾳ

157 2162 266 2197 κορυφῇ
277 2161 495 2197 γνωριζομένων.
512 2160 578 2189 Εἶτα
595 2163 655 2198 μεθ’
671 2163 767 2197 ἐτέρας
782 2163 950 2197 ἀναγνώσεις

156 2207 319 2241 γενομένας,
337 2207 523 2243 ἐρωτηθέντες
552 2209 575 2235 οἱ
611 2209 814 2245 συνειλεγμένοι
839 2209 950 2236 ἐπίσκο-

993 284 1052 306 εῑεε.
1085 277 1187 306 Omnes
1217 277 1393 313 peccavimus
1416 277 1570 305 :omnibus
1598 277 1789 313 indulgeatur.

992 324 1093 352 Clerici
1113 329 1205 352 autem
1222 324 1352 352 Ecclesiae
1374 323 1686 359 Constantinopolitanae
1698 324 1791 352 excla—

993 374 1104 397 marunt
1127 370 1171 398 his
1196 369 1289 397 verbis
1303 379 1309 397 :
1323 369 1406 397 Pauci
1429 369 1573 398 clamant:
1596 370 1717 406 synodus
1732 371 1791 399 haec

994 424 1050 444 non
1066 416 1145 444 dicit.
1169 417 1234 444 Post
1255 415 1313 443 btec
1331 415 1511 443 acclamatum
1526 419 1569 443 est
1592 415 1627 444 ab
1641 415 1790 444 Orientali-

994 462 1232 498 buszlﬂgyptium
1261 461 1367 490 exsilio.
1394 461 1541 497 Illyriciani
1566 469 1632 489 vero
1654 462 1791 490 exclama—

993 513 1076 536 runt:
1093 509 1240 544 Rogamus,
1255 507 1378 535 omnium
1403 507 1544 535 miserere.
1570 507 1683 536 Rursus
1699 509 1790 536 accla—

994 559 1098 583 malum
1116 558 1159 582 est
1187 555 1221 582 ab
1251 553 1459 585 Orientalibus,
1490 552 1649 588 Egyptium
1681 554 1788 582 exsilio.

994 600 1118 636 Cumque
1144 600 1292 636 Illyriciani
1307 599 1403 627 cadent
1418 607 1480 634 qua:
1502 599 1579 634 prius
1605 599 1788 633 postularent.

995 646 1089 674 clerici
1104 646 1181 673 urbis
1194 645 1493 680 Contantinopolitanse
1518 644 1674 671 clamarunt
1690 652 1696 671 :
1727 644 1791 672 Diu-

995 700 1105 721 scorum
1126 692 1239 724 exsilio,
1252 691 1408 727 [Egyptium
1419 690 1527 723 exsilio,
1546 689 1705 717 haereticum
1719 690 1792 717 exsi-

994 739 1042 772 lio,
1054 739 1214 767 Dioscorum
1231 737 1358 765 Christus
1377 736 1517 772 deposuit.
1529 736 1594 763 Post
1606 735 1789 770 hatciterum

995 784 1175 812 acclamatum
1186 787 1228 811 est
1244 783 1277 810 ab
1289 782 1471 818 lllyricianis:
1487 781 1589 809 Omnes
1602 781 1789 817 peccavimus,

995 830 1124 859 omnibus
1141 830 1249 857 veniam
1265 829 1376 864 indulge
1390 838 1395 855 :
1409 828 1569 856 Dioscorum
1585 828 1700 863 synodo,
1727 828 1791 855 Dio-

995 884 1105 904 scorum
1122 876 1266 904 Ecclesiis.
1290 875 1325 902 Et
1341 882 1404 902 cum
1422 874 1474 901 alia
1499 873 1623 910 ejusdem
1639 873 1713 901 modi
1725 881 1792 909 pro-

995 923 1154 955 cessissent,
1174 922 1317 950 coufessus
1332 921 1384 949 iste
1396 920 1479 948 linem
1496 920 1581 955 cepit.

1031 968 1161 1004 Sequenti
1176 975 1242 995 vero
1264 973 1406 998 consessu,
1423 973 1487 993 cum
1510 969 1622 993 senatus
1640 964 1790 992 interlocu-

996 1018 1041 1042 tus
1054 1019 1127 1042 esset
1139 1017 1169 1041 ut
1186 1013 1368 1040 recitarentur
1383 1020 1414 1039 ea
1436 1019 1497 1046 quae
1514 1008 1576 1046 jam'
1590 1010 1702 1038 fuerant
1723 1017 1791 1038 con-

996 1060 1093 1088 stituta
1114 1058 1335 1087 :Constantinus
1349 1065 1365 1084 a
1387 1056 1501 1085 secretis
1523 1056 1583 1083 haec
1602 1054 1730 1083 recitavit
1753 1063 1787 1082 ex

996 1104 1096 1131 scheda
1106 1112 1112 1130 :
1123 1103 1161 1130 De
1173 1108 1248 1131 recta
1263 1101 1375 1137 quidem
1409 1120 1418 1129 .
1433 1099 1570 1128 catholica
1586 1099 1651 1132 ﬁde,
1666 1099 1789 1127 crastino

996 1149 1051 1183 die,
1076 1150 1225 1185 perfectius
1245 1148 1427 1176 conveniente
1451 1146 1569 1174 concilio
1585 1145 1790 1182 diligentiorem

997 1194 1204 1230 inquisitionem
1221 1193 1282 1221 ﬁeri
1298 1196 1430 1228 oportere
1442 1191 1635 1227 perspicimus.
1652 1191 1790 1224 Quoniam

996 1248 1063 1276 ἵει-ο
1076 1240 1128 1275 ρίω
1138 1239 1278 1267 memoria:
1289 1238 1436 1275 Flavianus
1452 1242 1480 1265 et
1493 1237 1631 1265 Eusebius
1658 1245 1790 1264 reveren—

997 1287 1128 1315 dissimus
1152 1286 1298 1321 episcopus
1323 1285 1451 1320 Dorylrei,
1467 1293 1500 1312 ex
1522 1283 1691 1312 scrutatione
1713 1287 1791 1311 acto-

998 1340 1058 1359 rum
1074 1339 1106 1359 ac
1118 1331 1305 1363 decretorum,
1319 1335 1347 1358 ct
1361 1337 1393 1356 ex
1411 1329 1478 1364 ipsis
1495 1328 1610 1356 vocibus
1627 1336 1724 1355 eorum
1742 1328 1790 1363 qui

998 1377 1025 1404 in
1052 1376 1157 1412 synodo
1182 1383 1243 1411 qua:
1266 1380 1333 1402 tunc
1358 1374 1430 1402 facta
1445 1379 1487 1402 est
1505 1373 1695 1409 praesederunt
1718 1374 1791 1408 :qui

998 1423 1110 1459 quidem
1123 1423 1242 1468 con'fessi
1259 1426 1324 1450 sunt
1337 1429 1446 1449 errasse
1457 1429 1497 1453 se,
1511 1426 1538 1449 ct
1549 1421 1648 1448 frustra
1666 1421 1728 1448 illos
1741 1421 1791 1449 de-

997 1470 1133 1505 posuisse,
1151 1477 1213 1497 cum
1229 1469 1388 1496 nullatenus
1401 1471 1545 1495 errasscnt
1564 1467 1592 1494 in
1608 1467 1671 1499 fide,
1689 1467 1792 1502 injuste

999 1517 1119 1552 depositi
1144 1524 1205 1544 esse
1230 1519 1383 1543 noscuntur
1402 1514 1535 1541 :videtur
1561 1513 1642 1541 nobis
1662 1514 1740 1549 juxta
1763 1513 1792 1541 id

999 1562 1072 1596 quod
1090 1562 1146 1589 Deo
1166 1561 1267 1596 placet,
1292 1560 1396 1595 justum
1413 1566 1485 1591 esse,
1511 1558 1595 1586 modo
1617 1559 1643 1586 id
1658 1559 1792 1594 placuerit

999 1607 1187 1635 sacratissimo
1199 1615 1230 1634 ac
1245 1606 1369 1641 piissimo
1385 1604 1502 1632 Domino
1516 1608 1622 1637 nostro,
1632 1608 1661 1632 ut
1679 1604 1792 1632 Diosco-

1000 1661 1047 1681 rus
1060 1652 1309 1681 revercndissimus
1320 1652 1466 1687 episcopus
1483 1651 1656 1679 Alexandriae
1666 1671 1674 1683 ,
1696 1656 1724 1679 et
1740 1652 1790 1679 Ja-

1001 1699 1108 1726 venalis
1122 1697 1308 1725 reverendiss.
1326 1697 1473 1732 episcopus
1486 1696 1750 1732 Hierosolymorum,
1765 1702 1794 1725 et

1000 1744 1159 1773 Thalassius
1173 1743 1358 1772 reverendiss.
1373 1743 1520 1779 cpiscopus
1538 1742 1668 1771 Caesarea:
1684 1743 1790 1779 Cappa-

1000 1792 1096 1824 dociae,
1112 1796 1140 1819 et
1151 1790 1289 1819 Eusebius
1304 1790 1489 1818 reverendiss.
1505 1790 1652 1825 episcopus
1665 1789 1791 1826 Ancyrw.

999 1843 1028 1865 et
1054 1837 1217 1865 Eustathius
1242 1836 1427 1864 reverendiss.
1451 1835 1601 1871 episcopus
1628 1835 1737 1872 Beryti,
1765 1840 1794 1864 et

1000 1884 1118 1912 Basilius
1131 1882 1316 1911 rcrerendiss.
1337 1883 1485 1917 cpiscopus
1510 1881 1642 1910 Seleucia:
1666 1882 1789 1919 Isauriae,

1000 1936 1047 1971 qui
1066 1940 1132 1964 tunc
1152 1934 1317 1962 auctoritate
1340 1933 1449 1968 praditi
1473 1933 1593 1961 concilio
1612 1933 1794 1968 praefuerunt,

1000 1986 1090 2014 eidem
1109 1992 1198 2020 preme
1210 1984 1381 2019 subjaceant,
1397 1984 1566 2011 saerosancti
1592 1984 1704 2011 concilii
1726 1991 1791 2011 sen-

1002 2030 1087 2058 tentia
1099 2030 1177 2065 juxta
1199 2035 1294 2056 sacros
1309 2034 1428 2065 canones
1441 2027 1475 2055 ab
1497 2027 1646 2062 episcopali
1661 2027 1794 2062 dignitate

1001 2075 1123 2104 submoti
1141 2084 1147 2101 :
1172 2073 1280 2101 cunctis
1292 2081 1353 2108 qum
1364 2076 1569 2108 consequenter
1590 2078 1665 2109 gesta
1681 2074 1794 2106 fuerint,

1002 2120 1035 2148 ad
1065 2118 1244 2147 sacratissimi
1279 2117 1414 2152 principis
1449 2117 1577 2144 notitiam
1609 2117 1794 2152 perferendis.

1001 2165 1106 2194 Deinde
1123 2164 1288 2199 quibusdam
1302 2163 1364 2190 aliis
1378 2162 1517 2195 recitatis,
1537 2163 1698 2199 interrogati
1715 2164 1798 2200 324

1001 2210 1124 2247 episcopi
1151 2210 1197 2245 qui
1219 2209 1345 2241 aderant,
1371 2213 1464 2236 utrum
1483 2209 1585 2237 Leonis
1594 2209 1711 2245 epistola
1727 2218 1796 2238 con-

157 2261 217 2286 ποι,
233 2253 258 2280 εἰ
284 2254 426 2289 συνᾴδουσι
448 2254 483 2281 τὰ
498 2254 612 2286 Λέοντος
630 2255 784 2290 γράμματα
807 2256 840 2290 τῇ
859 2255 946 2282 πίστει

1004 2256 1119 2284 sentiret
1131 2263 1193 2283 cum
1210 2254 1262 2282 lidc
1278 2259 1465 2282 trecentorum
1479 2259 1507 2281 ct
1520 2255 1674 2283 octodecim
1689 2261 1798 2285 saneto—

155 2299 215 2326 τῶν
227 2302 281 2336 τιη¹
310 2299 395 2334 ἁγίων
412 2299 542 2335 Πατέρων
563 2300 617 2327 τῶν
639 2300 667 2327 ἐν
682 2301 784 2337 Νικαιᾳ
809 2300 952 2336 συναχθένο

158 2354 225 2379 των,
241 2345 290 2373 καὶ
301 2347 334 2381 τῇ
349 2345 403 2372 τῶν
417 2348 466 2380 ρν’,
483 2345 537 2372 τῶν
551 2346 580 2372 ὲν
590 2347 623 2381 τῇ
638 2345 770 2380 βασιλίδι,
783 2347 951 2382 ἁπεκρίνατο

165 2392 319 2424 ’Λνατόλιος
338 2393 353 2418 ό
385 2393 433 2428 τῆς
459 2392 770 2424 Κωνσταντινουπόλεως
798 2394 949 2429 πρόεδρος,

145 2439 210 2466 ’καὶ
222 2438 323 2470 πάντες
335 2438 359 2465 οι
376 2438 596 2473 συνειλεγμένοι,
612 2439 736 2474 συνᾴδειν
764 2439 814 2474 τὴν
839 2440 949 2466 ἐπιστοη

159 2485 210 2522 λὴν
224 2484 339 2517 Λέοντος
352 2486 408 2516 τοῖς
422 2485 576 2520 εἰρημένοις
589 2485 678 2520 ἁγίοις
695 2485 819 2521 Πατράσι
832 2493 838 2500 ·
856 2485 903 2512 καὶ
918 2486 950 2521 τῇ

159 2531 232 2566 αὐτῇ
252 2531 365 2562 Λέοντος
377 2531 506 2566 ἐπιστολῇ
529 2531 779 2566 καθυπεσημήνατο
796 2531 864 2565 ('55).
881 2531 950 2558 Τού-

159 2585 217 2604 των
228 2574 281 2604 ὦδε
307 2577 505 2612 προελθόντων,
520 2577 674 2612 ἐπεϐόησαν
698 2577 722 2602 οι
737 2576 788 2610 τῆς
813 2576 922 2603 συνόδου
943 2585 953 2593 ι

159 2623 267 2655 Πάντες
297 2622 490 2658 συντιθέμεθα,
512 2611 829 2657 πάντείσυναινοῦμεν,
851 2624 951 2655 πάντες

160 2669 263 2705 ὁμοίως
295 2669 472 2705 πιστεύομεν,
487 2669 587 2700 πάντες
618 2669 652 2696 τὰ
678 2669 748 2696 αὐτὰ
772 2669 925 2705 φρονοῦμεν
943 2691 950 2703 ,

1006 2309 1071 2330 rum
1089 2302 1199 2329 Patrum
1213 2300 1260 2335 qui
1282 2300 1379 2327 Nicaea:
1395 2300 1422 2326 in
1441 2308 1527 2327 unum
1551 2307 1748 2334 convenerant,
1767 2307 1797 2330 et

1006 2355 1067 2375 cum
1085 2346 1137 2374 fide
1164 2351 1274 2374 centum
1296 2354 1327 2373 ac
1353 2345 1552 2381 quinquaginta
1575 2347 1687 2374 Patrum
1706 2348 1752 2382 qui
1767 2347 1795 2375 iu

1005 2394 1075 2422 urbe
1089 2393 1163 2429 regia
1177 2393 1286 2420 fuerant
1300 2392 1469 2428 congregati,
1484 2392 1628 2420 Anatolius
1640 2393 1799 2421 Constanti-

1004 2439 1183 2474 nopolitattus
1210 2438 1367 2474 cpiscopus,
1396 2441 1425 2465 et
1453 2438 1576 2465 universi
1602 2439 1649 2473 qui
1683 2439 1798 2466 aderant

1006 2485 1127 2521 episcopi
1136 2485 1349 2520 responderunt,
1358 2484 1506 2519 epistolam
1514 2484 1614 2512 Leonis
1625 2493 1686 2512 cutn
1700 2492 1796 2521 supra-

1005 2532 1087 2559 dictis
1101 2531 1203 2558 sanctis
1219 2531 1346 2559 Patribus
1361 2530 1530 2558 consentire.
1548 2531 1678 2564 Idemque
1691 2530 1794 2558 Anato—

1005 2578 1059 2606 lius
1077 2585 1160 2613 supra
1186 2581 1344 2605 mcmorata:
1361 2577 1462 2604 Leonis
1477 2576 1603 2611 epistola:
1621 2577 1798 2612 subscripsi"

1004 2624 1070 2657 ch
1083 2632 1144 2652 cum
1162 2624 1198 2651 ita
1214 2623 1426 2659 processissent.
1440 2623 1620 2650 acclamatum
1633 2627 1675 2650 est
1689 2622 1724 2650 ab
1738 2623 1800 2650 uni-

1005 2678 1084 2697 versa
1112 2671 1215 2707 synodo
1235 2669 1358 2697 :Omnes
1377 2669 1583 2702 consentimus;
1597 2676 1694 2696 otnttcs
1721 2677 1800 2696 cont-

766 2737 899 2765 VALESII
919 2737 1199 2766 ANNOTATIONES.

198 2784 256 2821 (54)
264 2785 337 2821 Τοὺς
343 2785 504 2821 δεομένους
512 2783 635 2817 τύπούς.
646 2783 828 2821 Scribcndum
838 2789 879 2812 est
890 2793 952 2819 pro-

161 2821 206 2849 cul
223 2820 310 2848 dubio
324 2821 387 2852 τοὺς
402 2820 572 2854 δεδομένους,
599 2823 630 2847 ιιι
653 2820 736 2847 habet
763 2820 834 2847 actio
855 2825 952 2855 quarta

161 2855 398 2892 Chalcedonensis
413 2855 538 2892 concilii,
549 2863 609 2892 pag.
628 2855 689 2881 “llo.
709 2855 788 2892 Apud
803 2855 950 2892 Niccphor.

162 2891 264 2928 legitur
278 2891 452 2927 γενομένους,
467 2890 540 2926 quod
559 2890 630 2919 idem
646 2895 697 2920 est.
734 2890 741 2892 “
830 2899 834 2903 ·

1043 2785 1098 2817 (35)
1114 2782 1685 2818 Krwurtwmnirato.Cltristophorsonus
1701 2781 1727 2810 in
1745 2784 1803 2818 plu-
1835 2800 1841 2806 μ-

1007 2820 1056 2847 rali
1068 2828 1184 2847 numero
1195 2819 1260 2854 legit
1275 2818 1552 2854 καθυπεσημήναντο,
1565 2818 1704 2854 quomodo
1717 2819 1800 2847 ctiam

1008 2855 1141 2890 scriptum
1157 2853 1239 2882 habet
1255 2854 1438 2890 Nicephorus.
1453 2853 1538 2890 idque
1560 2853 1726 2890 confirmant
1739 2859 1800 2883 acta

1009 2887 1104 2926 synodi
1121 2887 1353 2919 Chalcedonensis
1370 2897 1431 2926 pag.
1447 2887 1501 2919 218
1517 2894 1545 2918 et
1561 2887 1752 2926 sequentibus.
