1964 3067
193 102 265 154 εὲεθ

817 120 973 151 ΕΥΑΟΒΙΙ
994 121 1237 153 SCHOLASTICI

1760 123 1830 154 2.381

191 178 239 207 alii
260 177 373 214 quidem
397 179 554 207 Nestorium
580 181 662 213 atque
692 177 844 214 Eutychen)
875 179 982 206 anathe

1041 179 1107 214 χοὺς
1118 179 1343 214 ἐναντιουμένους
1361 179 1417 211 τοῖς
1434 179 1526 215 ὀρθοῖς
1545 179 1689 215 δόγμασιν.
1711 178 1771 213 Ἐφ’
1789 176 1831 210 οἷς

191 230 267 254 male
281 225 460 259 damnarent;
479 225 523 252 alii
539 233 605 252 vero
625 225 875 260 tergiversarentur
887 235 894 253 ;
908 225 985 261 judi-

191 281 241 301 ccs
265 280 315 309 per
337 272 579 300 interlocutionem
605 271 832 306 pronuntiarunt,
848 276 878 298 ut
892 271 984 299 Fausti

190 323 221 346 et
245 319 415 354 reliquorum
445 318 645 346 monachorum
679 325 776 354 preces
805 318 983 354 legerentur:

190 366 294 401 quibus
313 365 446 401 petebant
458 365 493 392 ab
508 365 686 400 imperatore,
704 373 739 392 ne
761 365 880 400 amplius
895 365 984 393 susci-

190 415 324 446 perentur
351 411 489 443 monachi,
517 410 566 446 qui
593 410 677 439 rectis
700 410 876 446 dogmatibus
902 411 985 446 paulo

189 460 254 484 ante
278 456 388 484 fuerant
410 457 559 485 adversati.
577 457 652 486 later
672 465 743 493 quos
757 457 880 492 quidam,
895 457 983 485 Doro-

188 504 271 531 theus
291 504 414 536 nomine,
439 503 601 540 Eutychem'
616 503 801 531 orthodoxam
827 503 983 540 appellave-

187 554 241 576 rat.
267 549 408 578 Adversus
431 557 514 585 quem
538 550 654 578 diverse
669 550 837 584 quaestiones
851 549 885 577 de
896 549 983 586 Euty-

189 593 249 622 chis
275 594 402 623 doctrina
428 603 443 622 a
469 594 611 631 iudicibus
637 595 787 631 proposita:
815 599 891 622 sunt.
918 595 983 623 Post

188 645 247 669 haec
277 649 340 669 cum
368 641 484 676 quintus
511 649 658 670 consessus
692 641 838 669 inchoatus
867 641 982 673 fuisset,

185 687 295 723 judiccs
328 688 543 716 interlocutione
571 688 665 716 habita
695 688 929 724 pronuntiarunt,
954 693 984 716 ut

183 733 313 766 definitio
340 735 405 762 fidei
434 735 668 770 promulgaretur.
695 735 774 763 Tunc
804 735 983 769 Asclepiades

188 779 323 808 diaconus
337 781 469 810 Ecclesiae
487 780 809 816 Constantinopolitanm,
830 781 897 816 legit
914 780 982 808 defi-

186 826 333 860 nitionem,
350 835 432 862 quam
456 827 645 855 monumentis
662 831 786 855 actorum
808 827 983 854 inserendam

185 880 244 900 non
274 882 335 902 esse
361 875 535 910 judicarunt.
560 875 611 903 Cui
646 875 800 903 definitioni
825 875 953 904 nonnulli
978 875 1091 911 quidem
1120 878 1310 909 repugnarunt
1338 883 1344 900 :

1039 225 1179 261 Δωρόθεος
1196 225 1324 262 μοναχδς,
1333 224 1475 261 ὀρθόὸοξον
1488 226 1596 261 Εὐτυχῆ
1614 224 1745 261 κέκληκε.
1758 224 1830 259 Πρὸς

1037 270 1066 297 ὃν
1085 271 1204 306 διάφορα
1217 271 1370 306 δογματικὰ
1394 272 1459 307 περὶ
1487 271 1625 307 Εὑτυχοῦς
1640 271 1716 308 παρὰ
1738 271 1791 298 τῶν
1807 271 1830 287 ⁸⁸

1037 317 1176 352 ἀρχόντων
1197 318 1321 354 ἐκινήθη.
1348 318 1404 344 Καὶ
1424 317 1494 354 μετά
1510 318 1590 345 τοῦτο
1614 317 1743 353 πέμπτης
1767 326 1829 344 συν-

1036 363 1170 396 ελεύσεως
1183 359 1345 400 γενομένης,
1362 364 1525 399 διελάλησαν
1538 365 1562 390 οἱ
1574 364 1715 399 ἄρχοντες,
1731 362 1766 390 τὰ
1783 371 1830 390 au-

1037 409 1168 436 πωθένταν
1176 409 1299 444 περὶτῆς
1309 409 1427 441 πίστεως
1438 409 1506 445 δῆλα
1515 409 1652 444 γενέσθαι.
1663 410 1717 436 Καὶ
1725 409 1831 444 ἀνέγνω

1044 455 1246 492 Ἀσκληπιάδης
1259 456 1381 488 διάκονος
1394 456 1706 487 Κωνσταντινουπόλεως
1717 456 1792 491 ὅρον,
1801 455 1831 482 ὃν

1036 502 1110 536 ἔδοξε
1126 503 1164 538 μὴ
1179 504 1347 539 συνταγῆναι
1357 504 1415 535 τοῖς
1433 503 1705 539 ὕπομνήμασι.ῐ1ρδς
1719 502 1748 529 ὃν
1759 503 1832 534 τινὲς

1038 550 1088 585 μὲν
1102 549 1296 586 διηνέχθησαν·
1316 551 1340 577 οἱ
1359 549 1468 581 πλείους
1479 549 1508 575 δὲ
1532 548 1691 584 συνῄνεσαν.
1712 547 1768 575 Καὶ
1785 548 1832 574 ἐκ‹

1036 595 1158 630 ϐοήσεων
1171 594 1301 621 ἐναντίων
1314 594 1479 629 γενομένων,
1499 591 1576 620 εἷπον
1589 594 1613 619 οἱ
1626 593 1766 629 ἄρχοντες,
1788 592 1831 619 ὅτι

1037 640 1183 675 Διόσκορος
1197 639 1274 674 ἔλεγε
1281 639 1324 666 διὰ
1335 639 1414 666 τοῦτο
1423 638 1548 666 καθελεῖν
1559 638 1721 670 Φλαϐιανὺν,
1734 638 1830 672 ἐπειδὴ

1035 686 1081 714 δύο
1098 687 1192 721 φύσεις
1207 683 1284 713 εἷπεν
1296 683 1382 712 εἶναι’
1400 685 1446 712 τὸν
1465 685 1494 713 δὲ
1521 686 1584 721 ὅρον
1602 686 1634 711 ἐκ
1651 685 1699 712 δύο
1723 685 1831 719 φύσεων

1035 733 1107 768 ἔχειν
1121 733 1164 768 (t).
1177 733 1249 767 Πρὸς
1263 731 1281 758 ἃ.
1296 730 1448 763 Ἀνατόλιος
1460 729 1537 765 εἶπε,
1547 731 1692 767 Διόσκορον
1709 731 1746 767 μὴ
1763 731 1831 758 καθ-

1035 779 1181 815 αιρεθῆναι
1205 779 1251 806 διὰ
1276 779 1386 810 πίστιν,
1416 778 1472 805 ἀλλ’
1501 778 1597 814 ἐπειδὴ
1631 777 1831 813 ἀκοινωνησίαν

1035 826 1160 861 ἐπήγαγε
1173 824 1278 857 Λέοντι,
1293 825 1340 851 καὶ
1351 825 1411 860 τρὶς
1425 823 1549 858 κληθεὶς,
1563 824 1614 851 οὐκ
1627 821 1705 859 ἦλθε.

1371 873 1467 908 plures
1495 877 1587 901 tamen
1619 876 1830 901 consenserunt.

186 920 313 957 Cumque
329 921 396 949 hinc
419 927 447 950 et
461 921 526 949 inde
539 922 752 950 acclamationes
784 923 930 951 contraria:
960 922 1038 950 factm
1057 924 1162 952 essent,
1189 920 1297 956 jndices
1312 920 1452 954 dixerunt,
1476 919 1637 948 Dioscorum
1660 918 1761 946 dixisse
1786 918 1831 945 id-

186 966 266 994 circo
288 967 449 994 Flavianum
476 967 512 995 ab
539 968 599 1002 ipso
624 968 781 1003 depositum
810 977 882 1000 esse,
906 968 980 1004 quod
999 968 1069 996 duas
1091 972 1207 995 naturas
1227 974 1288 995 esse
1324 966 1439 994 dixiSSet
1455 974 1465 993 :
1485 966 1514 993 in
1548 965 1710 994 definitione
1736 969 1830 992 autem

183 1012 323 1047 scriptum
348 1012 459 1046 haberi,
472 1020 505 1040 ex
521 1013 631 1042 duabus
651 1015 768 1042 naturis.
785 1015 826 1042 Ad
860 1015 919 1042 haec
933 1015 1080 1042 Anatolius
1097 1013 1251 1049 respondit,
1269 1013 1432 1041 Dioscorum
1465 1020 1521 1040 non
1548 1011 1584 1039 ob
1617 1011 1699 1039 fidem
1719 1011 1831 1047 deposi-

187 1062 246 1086 tum
267 1058 365 1090 fuisse,
388 1058 437 1087 sed
459 1059 525 1094 quia
548 1059 670 1087 Leonem
685 1062 985 1094 cxcommunicaverat,
1005 1065 1033 1088 et
1049 1065 1091 1088 ter
1107 1064 1222 1088 vocatus
1239 1059 1272 1087 ad
1289 1059 1438 1087 concilium
1453 1066 1508 1086 non
1521 1062 1644 1086 venerat.

182 1126 184 1130 .
222 1105 293 1133 Tum
307 1105 416 1141 judiccs
434 1107 609 1141 postularunt
625 1111 656 1134 ut
668 1108 753 1135 verba
772 1108 894 1143 epistolae
906 1108 977 1135 Leo-

1067 1107 1122 1135 Καὶ
1132 1107 1186 1134 ἀπὸ
1197 1106 1245 1133 τοῦ
1260 1099 1308 1133 νῦν
1318 1107 1344 1133 οἱ
1356 1106 1486 1142 ἄρχοντες
1503 1105 1558 1140 (58)
1571 1106 1604 1132 τὰ
1611 1105 1639 1131 ἐν
1649 1106 1682 1141 τῇ
1700 1105 1829 1142 ἐπιστολῇ

185 1152 229 1180 nis
259 1151 452 1180 insererentur
481 1153 636 1180 definitioni
675 1153 749 1181 fidei.
785 1154 892 1188 Quibus
918 1163 981 1182 cum

184 1197 308 1233 episcopi
326 1198 574 1232 contradixissent,
591 1199 827 1234 aflirmassentqnc
840 1199 920 1227 aliam
934 1200 982 1228 dc-

185 1243 341 1271 finitionem
369 1244 428 1272 fieri
452 1253 508 1272 non
536 1253 639 1280 posse:
666 1253 727 1272 eam
753 1245 826 1273 enim
852 1246 983 1274 omnibus

184 1290 311 1318 numeris
328 1298 389 1318 esse
406 1291 560 1318 absolutam
574 1301 580 1318 :
596 1299 640 1319 res
665 1291 698 1319 ad
724 1291 920 1327 imperatorem
936 1299 981 1320 re-

184 1335 241 1364 lata
262 1340 314 1363 est.
335 1336 489 1371 Imperator
505 1345 540 1364 ex
554 1336 741 1364 Orientalibus
761 1337 898 1372 episcopis
922 1345 980 1370 sex,

185 1389 220 1410 ex
243 1383 357 1410 Pontica
375 1383 488 1411 dioecesi
508 1388 574 1416 tres,
591 1388 646 1411 tres
663 1384 734 1411 item.
745 1391 778 1411 ex
793 1383 872 1417 Asia,
882 1389 910 1411 et
926 1389 982 1412 tres

185 1436 221 1455 ex
241 1428 371 1460 Thracia,
400 1429 569 1464 totidemque
592 1437 626 1456 ex
647 1429 768 1465 Illyrico,
795 1429 823 1456 in
849 1422 981 1464 templum

185 1475 317 1511 martyris
335 1475 495 1510 Euphemiae
509 1476 658 1503 convenire
680 1477 773 1512 jussit,
797 1478 983 1511 praesentibus

184 1521 313 1549 Anatolio
327 1526 355 1548 et
371 1521 483 1549 vieariis
504 1522 634 1549 Romanae
658 1522 742 1555 sedis,
763 1527 846 1557 atque
866 1524 923 1551 illic
939 1532 982 1551 re-

184 1567 278 1602 gulam
300 1566 363 1594 fidei
390 1571 464 1595 recte
490 1567 669 1599 constituere,
692 1572 739 1594 aut
761 1572 836 1595 certe
859 1569 982 1604 singulos

186 1620 313 1641 seorsum
330 1612 412 1640 fidem
430 1621 507 1640 suam
523 1621 672 1648 exponere.
691 1613 739 1641 Sin
757 1615 860 1647 minus,
877 1615 982 1643 scirent

186 1659 322 1695 synodum
340 1660 369 1687 in
385 1659 544 1688 Occidentis
559 1660 685 1695 partibus
699 1668 760 1688 esse
775 1661 978 1689 celebrandam.

185 1705 311 1741 Cumque
328 1714 364 1734 ex
379 1706 438 1734 illis.
450 1707 595 1741 quaesitum
608 1712 692 1740 esset,
711 1711 805 1734 utrum
818 1707 979 1735 Dioscorum

186 1757 370 1787 sequerentur
387 1753 434 1787 qui
450 1752 590 1780 Christum
605 1761 638 1780 ex
658 1753 766 1781 duabus
789 1758 917 1782 constare
932 1762 982 1782 na-

1032 1153 1148 1184 Δέοντος
1158 1151 1300 1187 ἐντεθῆναι
1312 1151 1351 1187 τῷ
1365 1152 1433 1187 ὅρῳ.
1446 1151 1517 1187 Πρὸς
1531 1151 1545 1177 ὃ
1556 1151 1760 1186 ἀπορησάντων
1774 1152 1829 1179 τῶν

1033 1199 1191 1227 ἐπισκόπων
1198 1200 1244 1226 καὶ
1254 1198 1406 1235 εἰρηκότων
1417 1197 1495 1226 ἄλλον
1508 1198 1571 1233 ὅρον
1583 1197 1621 1233 μὴ
1630 1197 1769 1232 γενέσθαι,
1786 1199 1830 1225 ὲν-

1032 1245 1116 1277 τελῶς
1135 1246 1189 1281 γὰρ
1210 1245 1293 1281 ἔχειν,
1325 1245 1462 1280 ἀνηνέχθη
1478 1245 1566 1272 ταῦτα
1580 1244 1618 1280 τῷ
1643 1244 1758 1279 βασιλεῖ.
1774 1245 1830 1272 Καὶ

1033 1292 1178 1319 ἐκέλευσεν
1211 1291 1240 1326 ἐξ
1256 1292 1310 1319 ἀπὸ
1327 1292 1382 1319 τῶν
1399 1291 1567 1319 ἀνατολικῶν
1591 1291 1761 1323 ἐπισκόπων,
1781 1292 1830 1319 καὶ

1033 1340 1108 1375 τρεῖς
1122 1339 1178 1366 ἀπὸ
1192 1339 1242 1374 τῆς
1270 1339 1416 1373 Ποντικῆς,
1433 1339 1481 1365 καὶ
1495 1340 1571 1374 τρεῖς
1589 1338 1642 1365 ἀπὸ
1662 1339 1766 1372 Ἀσιας,
1782 1339 1829 1365 καὶ

1032 1387 1108 1421 τρεῖς
1128 1386 1181 1413 ἀπὸ
1200 1385 1322 1422 Θρᾴκης,
1344 1386 1391 1412 καὶ
1415 1387 1489 1421 τρεῖς
1515 1385 1569 1412 ἀπὸ
1592 1386 1739 1421 Ἰλλυριῶν,
1757 1394 1828 1421 συμ-

1034 1429 1169 1465 παρόντος
1189 1429 1343 1457 Ἀνατολίου
1355 1429 1403 1456 καὶ
1427 1430 1482 1457 τῶν
1505 1431 1700 1466 τοποτηρητῶν
1716 1430 1829 1466 Ῥώμης

1034 1476 1172 1503 συνελθεῖν
1186 1477 1214 1503 ὲν
1229 1476 1268 1511 τῷ
1287 1476 1441 1512 μαρτυρίῳ,
1455 1477 1503 1503 καὶ
1515 1476 1548 1504 τὰ
1564 1477 1627 1512 περὶ
1641 1477 1690 1512 τῆς
1710 1477 1827 1509 πίστεως

1035 1522 1125 1558 ὀρθῶς
1139 1523 1275 1554 τυπῶσαι,
1300 1523 1446 1559 ἢέκαστον
1469 1523 1520 1558 τὴν
1541 1523 1637 1550 ἑαυτοῦ
1649 1523 1768 1558 δηλῶσαι
1784 1524 1827 1550 πε-

1035 1577 1103 1602 στιν,
1120 1569 1135 1604 ἦ
1152 1569 1262 1601 εἰδέναι,
1278 1569 1315 1601 ὡς
1338 1570 1367 1596 ἐν
1394 1571 1427 1605 τῇ
1449 1569 1530 1596 Δύσει
1546 1570 1562 1605 ἡ
1579 1569 1686 1602 σύνοδος
1710 1570 1827 1603 γίνεται.

1034 1614 1087 1642 Ka‘t
1102 1614 1302 1651 ἀπαιτηθέντες
1316 1615 1447 1647 εἰπεῖν,ει
1459 1615 1597 1650 Διοσκόρω
1610 1615 1787 1642 ἀκολουθοῦσι
1797 1617 1828 1643 ἐκ

1032 1662 1079 1688 δύο
1090 1661 1207 1696 λέγοντι,
1221 1662 1238 1698 ἦ
1254 1662 1360 1695 Λέοντι,
1370 1661 1417 1688 δύο
1431 1662 1460 1689 ἐν
1473 1662 1595 1698 Χριστῷ,
1608 1662 1725 1698 ἐϐόησαν
1733 1663 1828 1689 Λέοντι

1033 1707 1171 1734 πιστεύειν
1187 1707 1242 1743 (59)
1254 1715 1260 1721 '
1283 1708 1346 1739 τοὺς
1359 1707 1386 1734 δὲ
1401 1707 1602 1741 ἀντιλέγοντας,
1614 1707 1829 1742 Εὑτυχιανιστάς

1033 1751 1113 1780 εἶναι.
1122 1753 1177 1780 Καὶ
1186 1753 1240 1780 τῶν
1253 1753 1390 1790 ἀρχόντων
1402 1753 1552 1789 εἰρηκότων
1561 1753 1742 1789 προστεθῆναι
1757 1754 1828 1781 κατὰ

188 1799 259 1826 luris
276 1798 399 1831 dicebat,
426 1806 459 1825 an
476 1798 597 1826 Leonem
615 1799 662 1834 qui
676 1799 745 1827 duas
757 1800 785 1827 in
800 1799 910 1836 Christo
932 1808 981 1827 na-

1035 1800 1149 1831 Λέοντος
1168 1799 1223 1835 (40)
1239 1799 1286 1826 δύο
1302 1800 1397 1835 φύσεις
1422 1800 1579 1835 ἡνωμένας,
1595 1800 1747 1835 ἀτρέπτους
1760 1799 1828 1835 (Ill),

187 1849 266 1872 suras
291 1845 445 1878 asserebat,
469 1845 657 1873 acclamarunt
680 1853 709 1873 se
728 1846 813 1873 Leoni
831 1846 980 1874 assentiri:

188 1898 236 1918 eos
250 1898 316 1918 vero
336 1891 383 1927 qui
405 1891 641 1925 contradicerent,
665 1891 887 1928 Eutychianistas
908 1900 978 1920 esse.

1036 1848 1083 1873 καὶ
1096 1847 1272 1882 ἀμερίστους,
1290 1846 1337 1873 καὶ
1355 1846 1526 1881 ἀσυγχύτους
1541 1847 1570 1874 ἐν
1586 1846 1624 1882 τῷ
1643 1846 1764 1882 Χριστῷ,
1782 1846 1827 1873 καὶ

1036 1893 1204 1920 ἐπελθόντων
1217 1893 1272 1921 τῶν
1287 1893 1427 1928 ἀρχόντων
1440 1891 1495 1928 (42)
1516 1893 1545 1919 ὲν
1566 1892 1605 1928 τῷ
1621 1893 1765 1929 μαρτυρίῳ
1779 1892 1828 1928 τῆς

846 1949 963 1977 VABl/E
981 1949 1184 1978 LECTIONES.

792 2019 929 2046 VALESII
947 2018 1228 2047 ANNOTATIONES.

225 1984 253 2001 ιι
268 1985 410 2018 παρόντων
424 1984 490 2012 τῶν.

234 2068 349 2104 58)]ἰαὶ
362 2069 421 2096 ἀπὸ
439 2069 492 2096 τοῦ
510 2067 568 2096 νῦν
589 2067 782 2104 οἱγᾶρκορςτες.
796 2066 875 2104 llunc
890 2067 982 2095 locum

187 2101 306 2133 feliciter
318 2104 386 2131 mihi
402 2105 497 2132 videor
516 2103 681 2131 restituisse.
697 2101 765 2129 Nam
779 2110 813 2129 ex
827 2102 917 2129 tribus
932 2110 982 2130 vo-

187 2139 296 2168 cabulis
319 2140 430 2167 unicum
449 2140 501 2167 feci
526 2139 580 2166 hoc
603 2138 685 2165 modo
705 2137 827 2172 ἀπῄτουν
845 2137 983 2172 οῐᾶρχον-

187 2184 243 2207 τες,
262 2179 316 2202 etc.
339 2175 374 2202 At
393 2176 577 2210 Nieephorus,
593 2181 655 2201 cum
672 2172 767 2210 _hunc_
778 2172 869 2199 locum
889 2179 985 2210 corru-

187 2215 266 2245 ptum
281 2217 342 2237 esse
362 2207 605 2245 animadverteret,
621 2207 707 2245 ψῃο
725 2207 831 2245 adjecto
847 2208 986 2245 supplevit

179 2242 217 2277 ,ἶιι
242 2245 315 2272 hunc
342 2245 455 2272 modum
480 2255 486 2272 :
509 2244 576 2270 Ἀπὸ
600 2243 648 2269 τοῦ
665 2242 712 2269 νῦν
733 2243 756 2268 οἱ
773 2243 903 2277 ἄρχοντες
924 2243 985 2268 ἐκέ-

187 2280 307 2311 λευσαν,
340 2285 406 2312 ete.,
429 2284 526 2307 contra
552 2279 634 2306 fidem
665 2282 806 2312 gestorum
829 2282 858 2304 et
882 2282 983 2312 prmter

187 2320 309 2342 mentem
325 2315 446 2350 Evagrii.
462 2315 558 2349 Neque
572 2314 645 2340 enim
658 2313 766 2350 iudices
781 2312 927 2350 saecularcs
935 2313 982 2347 qui

179 2351 266 2387 .jussu
293 2347 479 2387 imperatorisL
493 2347 789 2387 intererantsppilo2
810 2347 983 2387 Inandarunt

1032 2066 1120 2094 Leoni
1132 2067 1258 2104 credere,
1269 2077 1352 2104 quem
1364 2069 1513 2097 amnodum
1535 2067 1620 2096 vertit
1633 2066 1828 2103 Cliristophor-

1033 2110 1118 2132 sanus
1135 2111 1141 2129 :
1159 2103 1206 2130 sed
1219 2110 1283 2131 eum
1302 2104 1392 2132 Leone
1412 2112 1441 2131 se
1458 2104 1583 2136 credere,
1600 2109 1631 2131 nt
1647 2108 1721 2131 recte
1743 2104 1830 2130 inter-

1033 2138 1135 2172 pretati
1156 2142 1221 2175 sunt
1242 2139 1353 2175 Langus
1369 2145 1398 2167 et
1417 2139 1632 2175 Museulus.rSic
1646 2138 1830 2175 enimaccla-

1034 2177 1146 2213 ntarunt
1159 2193 1165 2205 ,
1182 2173 1220 2205 ὡς
1236 2173 1324 2213 nam,
1340 2175 1410 2202 οὕτω
1425 2174 1473 2201 καὶ
1488 2174 1667 2209 πιστεύομεν,
1686 2178 1717 2200 ut
1728 2173 1831 2208 legitur

1035 2208 1064 2234 in
1082 2208 1191 2236 actione
1205 2209 1311 2243 quinta.

1072 2243 1126 2278 (40)
1154 2244 1360 2277 Hpoateﬁﬂrat
1384 2245 1459 2272 κατὰ
1487 2244 1624 2276 Λέοντος.
1655 2243 1832 2278 Nicephorus

1037 2278 1150 2313 quidem
1177 2279 1336 2307 emendavit
1363 2281 1432 2307 κατὰ
1445 2280 1559 2307 Λέοντα.
1577 2279 1630 2306 Sed
1650 2286 1705 2306 non
1731 2278 1831 2305 dubito

1038 2314 1104 2350 quin
1117 2314 1252 2349 Evagrius
1265 2315 1408 2350 scripserit
1423 2315 1493 2341 κατὰ
1507 2314 1678 2350 τὰλΛέοντος.
1696 2313 1743 2340 Sic
1754 2313 1830 2350 enim

1037 2348 1189 2385 loquuntur
1203 2350 1312 2383 iudices
1323 2348 1357 2377 in
1369 2350 1477 2378 actione
1494 2350 1591 2385 quinta
1614 2348 1830 2385 hujusconeilii,

164 2413 167 2416 ,
186 2381 312 2419 unquam
328 2381 360 2421 ut
380 2385 498 2421 epistola
517 2384 618 2411 Leonis
638 2381 792 2421 definitioni
807 2383 871 2421 fidei
883 2383 985 2421 inscre-
999 2381 1025 2411 D
1039 2381 1100 2419 pa’g.
1114 2383 1176 2421 25f).
1194 2381 1280 2412 Porro
1289 2389 1455 2420 postvocem
1469 2381 1662 2421 προστεθῆναι,
1671 2383 1831 2411 addendum

188 2418 285 2453 retur;
307 2419 356 2447 sed
379 2418 406 2447 id
426 2424 531 2447 tantum
560 2419 737 2454 postularunt
758 2419 793 2445 ab
819 2418 959 2453 episcopis
977 2428 984 2446 :

189 2455 264 2488 quod
291 2459 382 2482 tatnen
410 2456 534 2490 episcopi
552 2455 594 2482 eis
614 2454 796 2489 denegarunt,
814 2458 844 2480 ut
863 2458 939 2488 patet
952 2462 985 2481 ex

189 2491 298 2518 actione
309 2490 419 2525 quinta,
430 2499 492 2525 pag.
504 2490 567 2517 250.

225 2526 282 2561 (59)
304 2523 411 2552 Ᾰέοντι
430 2523 597 2552 mmmam.
616 2523 903 2561 Subaudiendunrest
918 2524 984 2561 ᾁκο-

187 2559 360 2593 1ουθοῧντας.
390 2561 454 2588 Νοιιι
474 2561 547 2588 enim
576 2559 780 2595 responderunt
809 2559 932 2594 episcopi
953 2567 982 2587 se

1038 2427 1099 2447 esse
1111 2419 1222 2447 videtur
1235 2419 1301 2447 δεῖνζ

1074 2453 1132 2493 (41)
1159 2455 1332 2493 :{Irmperaq
1351 2456 1528 2493 ᾁτρέπιςους.
1555 2455 1585 2481 1η
1611 2453 1829 2493 actione‘quinta

1038 2489 1135 2526 synodi
1154 2489 1390 2518 Chalcedonensis
1407 2492 1541 2526 scriptum
1566 2495 1609 2518 est
1633 2489 1832 2517 adverbialiter

1036 2525 1180 2560 ἀτρέπτως
1194 2526 1240 2551 καὶ
1251 2526 1408 2560 ἀμερίστως
1422 2527 1469 2553 καὶ
1479 2526 1650 2560 ἁσυγχύτως.

1073 2560 1129 2595 (42)
1143 2560 1199 2588 Καὶ
1218 2559 1409 2588 ἐπελθόντων
1424 2561 1484 2588 τῶν
1495 2559 1660 2596 ἀρχόντων.
1689 2560 1761 2587 Ante
1782 2559 1833 2586 has

920 2620 1116 2651 VAIUORUM.

226 2669 264 2706 (ιλ
280 2668 388 2706 Τόνλδὲ
403 2669 474 2706 ᾖρον
485 2670 519 2706 si}.
530 2669 585 2696 δύο
599 2669 724 2706 φύσεων
737 2669 832 2706 ἒχειν-τ
844 2669 979 2706 lntelligi—

187 2708 236 2732 tur
253 2704 371 2731 formula
398 2704 462 2731 fidei
480 2705 515 2731 ab
542 2705 670 2732 Anatolio
685 2705 740 2738 jam
755 2705 875 2731 concilio
900 2704 980 2732 eihi-

188 2739 257 2770 bita,
271 2739 299 2766 in
315 2748 369 2774 qua
385 2739 454 2766 illud
471 2740 560 2767 visum
573 2744 615 2767 est
633 2739 763 2767 Patribus
788 2740 982 2774 reprehensio-

189 2781 253 2800 nem
284 2774 397 2806 mereri,
422 2774 496 2809 quod
523 2775 664 2802 Christum
681 2782 725 2801 .ex
748 2774 858 2802 duabus
875 2776 983 2803 naturis

192 2812 321 2842 constare
335 2810 555 2842 pronuntiasset.
570 2809 722 2837 Dicendum
736 2809 811 2836 enim
838 2809 940 2842 fuerat,
953 2815 983 2838 ut

192 2816 321 2835 comitare
355 2816 555 2837 ronunuasset.
570 2816 722 2837 Dicendum
736 2816 811 2836 enim
838 2816 940 2842 Inerat,
953 2816 982 2838 ut

191 2841 298 2875 plenius
312 2816 473 2872 ogviaretur
495 2844 594 2871 hazresi
623 2844 812 2880 Eutychianat‘,
839 2845 982 2872 Christum

1034 2679 1068 2699 ex
1094 2671 1204 2699 duabus
1229 2671 1337 2699 naturis
1369 2675 1495 2699 constare
1530 2675 1594 2706 post
1616 2669 1830 2706 adunationem.

1035 2707 1176 2745 Eutyches
1191 2707 1293 2745 quippe
1303 2707 1422 2745 asseruit
1444 2705 1585 2734 Christum
1601 2710 1664 2733 ante
1675 2705 1832 2745 unitionem

1038 2740 1108 2769 duas
1123 2740 1236 2770 naturas
1244 2740 1393 2775 habuisse;
1411 2749 1495 2768 unam
1512 2749 1579 2768 vero
1592 2746 1654 2776 post
1662 2740 1830 2776 unitionem.

1037 2777 1173 2804 Catholici
1189 2782 1288 2814 autem
1307 2777 1473 2814 profitentur
1496 2784 1558 2804 esse
1627 2776 1740 2814 Christo
1759 2775 1831 2814 duas

1036 2816 1151 2839 naturas
1162 2812 1255 2839 unitas
1282 2810 1438 2844 inconfuse,
1449 2811 1708 2842 inconvertibiliter,
1726 2810 1830 2837 indivi-

1037 2846 1237 2876 sibiliter.Yid.
1254 2855 1350 2883 supra,
1366 2855 1390 2876 e.
1402 2848 1428 2882 ι,
1445 2855 1542 2876 versus
1554 2845 1700 2875 finem.W.
1716 2845 1831 2874 Lowru.
