1964 3067
85 120 148 154 2593

482 154 483 157 η
535 114 727 146 HISTORIA?!
748 113 1042 144 ECCLESIASTICA‘.
1061 113 1176 144 LIBER
1193 113 1249 145 IlI.

1640 113 1710 146 2594

116 180 179 207 κε’.
202 178 270 214 Περὶ
278 178 326 213 τῆς
343 176 555 207 ἐπαναστάσεως
568 175 726 210 Θεοδερίχου
737 175 783 202 τοῦ
799 174 869 201 Σκύ-
885 190 892 207 Α

958 186 1039 214 XXV.
1057 186 1095 215 De
1118 184 1282 214 'l‘heodorici
1307 183 1413 220 Scythm
1437 182 1599 216 rebellione,
1621 183 1711 218 deque
1735 163 1738 166 ί

85 230 137 260 θου,
149 229 196 255 καὶ
212 227 261 262 τῆς
274 226 368 253 τούτου
382 224 523 258 τελευτῆς.

116 275 186 307 και.
203 273 271 307 Περὶ
281 273 331 307 τῆς
348 269 508 306 Μαρκιανοῦ
528 267 749 301 ἐπαναστάσεως,
768 268 814 295 καί¹
827 267 869 296 οἵα

85 320 144 355 περὶ
154 318 248 345 τοῦτον
267 316 376 351 συνέϐη.
533 308 537 320 ’

119 366 180 393 KZ’.
200 364 267 399 Περί
282 364 332 398 τῆς
347 361 506 398 τυραννίδος
517 361 604 388 Ἴλλου
618 361 665 388 καὶ
677 360 814 388 Λεοντίου.

118 411 183 439 KH'.
202 411 271 446 Περὶ
288 409 467 445 Μαμμιανοῦ,
486 409 533 436 καὶ
549 408 603 436 τῶν
618 408 707 444 ἔργων
723 407 816 435 αὑτοῦ.

117 501 180 528 ΚΘΗ
200 499 267 533 Περὶ
277 499 326 533 τῆς
341 497 469 533 τελευτῆς
483 497 617 533 Ζήνωνος,
629 495 736 530 καὶτῆς
748 495 871 530 ἀναρρή-

85 556 150 579 σεως
167 545 355 573 Ἀναστασίου.

119 594 156 620 A'.
176 592 244 627 Περὶ
261 591 438 618 ’Δναστασίου
451 590 498 617 τοῦ
517 589 660 625 βασιλέως,
679 588 725 616 καὶ
739 588 777 620 ὡς
790 587 834 614 διὰ
842 587 871 614 τὸ

88 639 122 673 ,ιὴ
139 637 281 673 βούλεσθαι
298 636 392 663 τοῦτον
407 637 581 671 καινοτομεῖν
594 644 620 662 τι
638 635 702 671 περὶ
713 634 762 670 τὴν
776 633 873 668 ἐκκλη-

87 683 225 719 σιαστικὴν
241 683 418 714 κατάστασιν,
436 682 539 718 μυρίων
554 682 682 717 ταραχῶν
699 682 727 708 αἱ
746 681 798 707 ἀνὰ
823 680 872 716 τὴν

85 730 244 765 οἰκουμένην
259 729 417 763 Ἐκκλησίαι
434 727 640 764 ἐνεπλήσθησαν
651 736 657 742 ⁸
672 727 764 755 πολλοί
778 735 806 753 τε
818 727 872 753 τῶν

86 777 239 804 ἐπισκόπων
254 775 300 802 διὰ
310 774 389 801 τοῦτο
404 774 600 809 ἐξεϐλήθησαν.

118 823 179 849 AA’.
200 820 344 856 Ἐπιστολὴ
370 820 424 847 τῶν
441 821 566 856 μοναχῶν
591 819 781 846 Ιῐαλαιστινῶν
804 819 872 855 πρὸς

87 869 235 896 Ἀλκίσωνα
248 868 312 904 περὶ
325 867 442 903 μονα.χοῦ
457 866 569 894 Ξεναίου
584 866 630 893 καὶ
642 867 744 901 ἑτέρων
757 865 847 892 τινῶν.

117 915 178 942 AB’.
193 914 260 950 Περὶ
273 914 321 949 τῆς
332 913 446 948 ἐκϐολῆς
461 912 629 940 Μακεδονίου
647 911 694 938 τοῦ
721 911 873 938 Κωνσταν-

85 961 271 991 τινουπόλεως,
287 961 334 987 καὶ
345 958 496 986 Φλαὸιανοῦ
518 958 697 993 Ἀντιοχείας.

120 1005 180 1034 AI".
200 1007 267 1042 Περὶ
280 1005 402 1041 Σεεήρον
418 1004 573 1032 ἐπισκόπου
590 1004 767 1038 Ἀντιοχείας.

121 1052 180 1080 AA’.
201 1053 269 1088 Περὶ
287 1052 337 1087 τῆς
350 1050 522 1087 πεμφθείσης
533 1049 608 1085 αὐτῷ
625 1049 812 1084 καθαιρέσεως
824 1049 875 1075 ὑπὸ

86 1100 183 1134 Κοσμᾶ
194 1099 241 1126 καὶ
253 1097 431 1134 Σεὸηριανοῦ.

121 1146 182 1172 AE’.
193 1145 260 1180 Περὶ
267 1145 316 1179 τῆς
325 1144 378 1170 τῶν
390 1143 528 1179 τυράννων
536 1141 667 1177 Ἰσαύρων
679 1142 874 1178 καθαιρέσεως.

122 1193 192 1226 Aq’.
206 1191 272 1226 Περὶ
283 1191 336 1217 τῶν
346 1189 492 1224 Σκηνητῶν
502 1188 658 1224 βαρόάρων,
670 1188 708 1220 ὼς
717 1188 876 1215 ἐσπείσαντο

87 1238 155 1274 πρὸς
174 1237 336 1272 Ῥωμαίους.

122 1284 182 1310 AZ’.
203 1282 270 1317 Περὶ
287 1282 337 1317 τῆς
354 1282 383 1308 ὲν
398 1280 490 1316 Ἀμίδῃ
505 1279 676 1316 πολιορκίας,
692 1279 739 1307 καὶ
762 1279 876 1311 κτίσεως

86 1329 133 1357 τοῦ
147 1328 249 1364 Δάρας.

122 1375 186 1401 AH’.
204 1372 331 1409 Περὶτοῦ
348 1372 456 1407 μακροῦ
470 1373 586 1406 τείχους.

121 1420 183 1448 AG’.
198 1419 266 1454 Περὶ
280 1418 327 1445 τοῦ
341 1418 488 1453 λεγομένου
507 1415 726 1453 Χρυσαργύρου,
749 1415 786 1447 ὡς
803 1415 876 1442 ἀνεῖ-

86 1467 133 1493 λεν
145 1466 227 1493 αὑτὸν
245 1466 433 1497 Ἀναστάσιος.

921 231 1044 266 ejusdem
1061 231 1186 258 interitu.

956 277 1049 305 XXVI.
1072 277 1110 304 De
1136 277 1288 304 rebellione
1314 274 1462 308 Marciani,
1485 279 1513 303 et
1529 274 1597 310 quid
1620 274 1711 302 eidem

921 322 1062 350 acciderit.

957 367 1063 395 XXVII.
1080 368 1118 395 De
1135 366 1293 403 Tyrannide
1308 367 1349 394 llli
1366 375 1398 394 ac
1414 366 1533 394 Leontii.

957 411 1077 438 XXVIII.
1107 411 1142 438 De
1166 411 1345 444 Mammiauo,
1362 416 1391 438 et
1414 411 1448 438 de
1472 410 1603 446 operibus
1620 410 1654 437 ab
1678 417 1712 438 eo

921 458 1097 486 constructis.

958 503 1054 531 XXIX.
1072 504 1111 531 De
1128 503 1248 530 Zenonis
1270 502 1360 535 obitu,
1375 506 1403 529 et
1418 502 1452 529 de
1467 502 1604 530 Anastasii
1627 501 1714 537 impc-

923 550 1022 577 ratoris
1042 549 1258 584 nuncupatione.
1739 582 1741 584 η

963 596 1049 623 XXX.
1069 596 1107 623 De
1125 595 1269 623 Anastasio
1292 595 1458 629 imperatore
1483 602 1489 620 :
1509 597 1538 620 et
1561 592 1712 628 quomodo,

923 649 986 669 cum
1010 641 1056 668 ille
1077 641 1146 668 nihil
1169 641 1196 667 in
1221 639 1409 668 ecclesiastico
1425 642 1495 666 statu
1513 638 1615 665 sineret
1637 638 1714 665 inno-

924 686 993 719 vari,
1012 687 1096 714 totius
1117 686 1193 713 orbis
1208 686 1338 714 Ecclesia:
1357 685 1510 712 innumeris
1528 684 1716 719 perturbatio-

923 732 1007 760 nibus
1023 732 1135 766 repleue
1154 736 1228 764 sunt,
1244 731 1376 766 multique
1390 730 1512 765 episcopi
1526 737 1586 756 eam
1601 729 1637 756 ob
1654 737 1714 756 cau—

924 786 981 806 sam
996 777 1114 812 expulsi.

960 822 1056 851 XXXI.
1073 822 1197 857 Epistola
1213 821 1410 849 monachorum
1431 821 1582 848 Palaestina;
1596 820 1629 848 ad
1644 820 1718 847 Alci-

926 877 1022 897 sonem
1038 869 1073 897 de
1088 868 1192 896 Xenaia
1209 867 1356 898 monacho.
1373 871 1401 894 et
1415 867 1448 894 de
1464 867 1526 894 aliis
1540 866 1716 902 quibusdam.

961 915 1069 942 XXXII.
1088 915 1126 942 De
1142 913 1302 949 cxpulsionc
1319 913 1470 940 Macedonii
1485 912 1717 947 Constantinopo-

925 962 1002 989 litani
1021 961 1154 996 episcopi,
1168 965 1196 987 et
1213 959 1333 987 Flaviani
1349 959 1525 986 Antiocheni.

962 1006 1083 1034 XXXIII.
1103 1007 1141 1033 Dc
1159 1006 1262 1033 Severo
1273 1005 1403 1040 episcopo
1418 1005 1580 1032 Antiochiae.

962 1046 1083 1082 XXXIV.
1100 1054 1138 1081 De
1153 1054 1248 1080 libello
1263 1053 1446 1088 depositionis
1467 1053 1500 1080 ad
1524 1053 1652 1080 eumdem
1671 1052 1720 1080 Se-

927 1108 1022 1127 verum
1039 1100 1123 1127 misso
1137 1107 1151 1126 a
1166 1099 1263 1126 Cosma
1281 1103 1308 1125 et
1322 1098 1482 1126 Severiano.

962 1144 1070 1172 XXXV.
1083 1145 1273 1182 .De_exstincta
1288 1145 1444 1171 Isaurorum
1461 1144 1615 1180 tyrannide.

961 1191 1081 1219 XXXVI.
1101 1190 1245 1224 Quomodo
1259 1190 1389 1218 Saraceni
1401 1198 1497 1225 pacem
1512 1198 1574 1218 cum
1589 1189 1720 1218 Romanis

927 1237 1064 1265 fecerunt.

964 1283 1095 1310 XXXVII.
1113 1283 1152 1310 De
1168 1282 1370 1318 expugnatione
1385 1282 1499 1314 Amidae,
1514 1286 1540 1310 et
1559 1282 1593 1309 de
1607 1281 1721 1310 conditu

929 1330 1008 1357 urbis
1024 1330 1118 1357 Daras.

911 1395 915 1397 -
964 1375 1109 1402 XXXVIII.
1126 1375 1164 1402 De
1178 1375 1260 1409 longo
1278 1382 1367 1401 muro.

965 1421 1087 1449 XXXIX.
1104 1421 1142 1448 De
1155 1421 1281 1456 vectigali
1296 1421 1369 1455 quod
1382 1420 1598 1456 Chrysargyrum
1611 1422 1722 1452 vocant,

929 1472 957 1494 et
969 1467 1109 1501 quomodo
1124 1467 1261 1494 sublatum
1275 1466 1311 1493 sit
1323 1466 1358 1494 ab
1372 1465 1527 1493 Anastasio.

123 1512 168 1539 Μ’.
187 1510 255 1546 Περὶ
264 1508 301 1537 ὧν
319 1511 446 1546 ἱστόρησε
462 1509 586 1545 Ζώσιμος
599 1509 681 1544 χάριν
690 1508 738 1536 τοῦ
751 1508 879 1544 Χρυσαρ-

966 1512 1022 1539 XL.
1041 1513 1078 1540 De
1094 1512 1137 1540 his
1150 1520 1211 1547 quae
1225 1512 1353 1539 Zosimus
1367 1512 1478 1546 scripsit
1493 1511 1526 1539 de
1537 1511 1724 1547 Chrysargyro

88 1555 184 1591 γὺρου,
199 1556 246 1582 καὶ
259 1555 467 1582 Κωνσταντίνου
487 1554 534 1580 τοῦ
549 1553 689 1588 βασιλέως.

124 1601 194 1628 MA’.
221 1601 385 1632 Ἀπόστασις
411 1599 478 1636 πρὸς
493 1599 620 1634 Ζώσιμον
635 1599 678 1634 ἐφ’
690 1597 731 1632 οἷς
745 1599 882 1635 ἐϐλασφή-

90 1643 161 1683 μησε
179 1647 385 1673 Κωνσταντῖνον
403 1646 449 1672 καὶ
465 1644 662 1681 Χριστιανούς.

125 1693 193 1720 llB'.
210 1692 278 1728 Περὶ
287 1692 336 1728 τῆς
348 1691 549 1728 χρυσοτελειας.

126 1739 194 1767 Ml".
212 1739 280 1775 Περὶ
295 1739 345 1774 τῆς
360 1738 521 1774 τυραννίδος
533 1737 707 1765 Βιταλιανοῦ.

126 1784 193 1813 MA’.
213 1785 258 1817 Ὣς
273 1784 453 1813 Ἃναστασίου
476 1785 505 1811 ὲν
517 1784 557 1819 τῷ
569 1784 706 1820 τρισαγίῳ
725 1783 822 1819 Ὕμνῳ
839 1783 879 1817 τὸ,

95 1831 126 1858 Ὀ
136 1830 305 1867 σταυρωθεὶς
315 1830 350 1857 δι’
358 1831 443 1866 ἡμᾶς,
453 1829 630 1866 βουληθέντος
641 1829 811 1864 προσθεῖναι,
821 1830 885 1856 στά-

91 1886 135 1910 σις
148 1878 177 1904 ὲν
187 1877 226 1912 τῷ
237 1877 316 1912 δήμῳ
331 1876 378 1904 καὶ
392 1876 500 1912 ταραχὴ
515 1876 627 1911 γέγονεν
636 1883 644 1891 ·
663 1876 732 1912 ὅπερ
744 1875 884 1913 φοϐηθεὶς,

92 1924 314 1959 ὑποκρινάμενος
336 1922 513 1957 ταπείνωσιν,
546 1922 615 1958 ταχὺ
643 1922 692 1955 τὰς
713 1921 825 1958 γνώμας
838 1922 885 1950 τοῦ

89 1970 181 2005 δήμου
198 1968 342 2004 μετέϐαλε.

129 2105 198 2134 ME'.
213 2105 283 2141 Περὶ
293 2105 340 2133 τοῦ
360 2105 477 2133 θανάτου
501 2105 688 2134 Ἀναστασίου.

391 2142 519 2169 ΚΕΦΑΔ.
545 2141 586 2169 A’.

89 2201 164 2236 Περὶ
173 2201 229 2237 τῆς
240 2200 403 2233 ,βασιλείας
413 2199 554 2234 Ζήνωνος
575 2199 625 2226 καί
637 2197 691 2226 τοῦ
697 2198 769 2232 βίου
779 2198 884 2226 αὑτοῦ.

130 2269 226 2305 Ζήνων
245 2268 284 2301 δὲ,
299 2268 361 2295 ἐπεὶ
387 2267 438 2303 τὴν
452 2267 600 2303 βασιλείαν,
621 2266 669 2294 τοῦ
690 2266 785 2299 παιδός
803 2266 829 2293 οι
842 2275 887 2293 τευ

89 2314 287 2346 λευτήσαντος,
308 2313 389 2349 μόνος
410 2312 588 2349 περιεϐάλετο
598 2333 605 2346 ,
620 2312 715 2347 ὥσπερ
731 2313 780 2339 οὐκ
797 2311 903 2348 οἰόμε-Δ

90 2368 141 2391 νος
158 2359 182 2376 ⁷ο
195 2359 250 2386 τῶν
266 2359 337 2386 ὅλων
352 2358 489 2396 ἐγκρατὴς
509 2358 649 2393 γενέσθαι,
663 2359 687 2385 εί
709 2357 748 2394 μὴ
764 2358 812 2384 καὶ
831 2358 886 2385 πά-

95 2414 163 2437 σαις
179 2406 240 2437 ταίς
259 2404 402 2436 ἐπιούσαις
427 2404 536 2440 ἡδοναῖς
553 2404 612 2439 μετ’
632 2404 757 2437 ἐξουσίας
776 2403 890 2436 ἐπεξέλ-

92 2451 154 2484 θοι,
178 2451 304 2478 τοσοῦτον
321 2451 353 2477 ἐκ
374 2450 525 2486 προοιμίων
549 2450 646 2476 ἑαυτὸν
665 2450 724 2481 ταῖς
748 2449 890 2477 ὲπιθέσεσι

90 2498 152 2525 τῶν
170 2497 323 2533 ἐπιθυμιῶν
338 2496 496 2529 ἐκδέδωκεν,
512 2496 550 2528 ὡς
574 2496 658 2531 μηδὲν
673 2495 753 2522 αὐτὸν
767 2495 891 2531 ἐπισχεῖν

90 2543 153 2572 τῶν
168 2544 302 2579 ἀπρεπῶν
331 2552 361 2570 τε
384 2543 433 2570 καὶ
457 2543 594 2578 ἀθέσμων·
610 2541 667 2568 ἀλλ’
681 2541 767 2573 οὕτως
786 2541 893 2573 τούτοις

93 2589 340 2625 ἐμπολιτεύεσθαι,
359 2590 397 2621 ὡς
411 2589 442 2615 τὸ
463 2589 579 2621 σκοτίως
590 2588 677 2616 ταῦτα
697 2588 745 2615 κα)⁵
760 2588 790 2615 ὲν
801 2597 892 2624 παρα-

95 2636 195 2671 ϐύστῳ
211 2635 366 2670 γίγνεσθαι,
377 2634 522 2670 χαμερπὲς
538 2632 609 2661 εἶναι
624 2633 757 2669 νομίζειν·
772 2633 803 2660 τὺ
820 2633 848 2660 δέ
861 2642 894 2668 γε

92 2682 254 2717 ἁναφανδδν
268 2682 316 2708 καὶ
338 2681 433 2717 ὥσπερ
462 2680 492 2713 ἐξ
511 2680 647 2712 ἀπόπτου,
671 2679 810 2714 βασιλικὸν
822 2699 830 2711 ,
845 2679 894 2706 καὶ

94 2727 286 2762 αὐτοκράτορι
302 2727 374 2762 μόνῳ
393 2726 509 2761 πρέπον
527 2725 621 2757 κακῶς
640 2725 686 2753 καὶ
700 2724 892 2760 δουλοπρεπῶς

933 1563 960 1586 et
973 1559 1007 1586 de
1020 1558 1202 1586 Constantino
1215 1558 1392 1593 imperatore.

968 1604 1036 1632 XLI.
1053 1603 1192 1631 lnvectiva
1209 1603 1236 1630 in
1253 1603 1392 1631 Zosimum
1415 1603 1451 1630 ob
1466 1604 1526 1638 ejus
1543 1602 1571 1629 in
1587 1601 1725 1630 Constan-

933 1650 1022 1678 tinum
1040 1653 1069 1677 et
1081 1649 1253 1676 Christianos
1268 1649 1424 1676 maledicta.

969 1695 1050 1722 XLll.
1066 1695 1105 1722 De
1118 1694 1228 1722 auraria
1246 1695 1389 1729 pensione.

969 1741 1061 1768 XLIII.
1078 1741 1116 1768 De
1131 1741 1260 1768 Vitaliani
1276 1741 1443 1777 Tyrannide.

969 1785 1062 1814 XLIV.
1080 1785 1224 1820 Quomodo
1247 1787 1343 1822 ingens
1359 1786 1459 1814 seditio
1479 1786 1507 1813 in
1528 1785 1631 1821 populo
1651 1786 1726 1813 exci-

935 1835 990 1858 tata
1013 1831 1065 1864 sit,
1084 1839 1146 1858 cum
1172 1830 1334 1859 Anastasius
1356 1832 1384 1859 in
1407 1832 1515 1868 llymno
1532 1831 1656 1867 Trisagio
1676 1831 1728 1859 has

934 1883 1020 1903 voces
1041 1875 1143 1903 addere
1168 1876 1302 1904 voluisset
1323 1886 1330 1904 :
1353 1877 1400 1912 qui
1433 1878 1581 1905 cruciﬁxus
1609 1882 1652 1905 est
1677 1885 1728 1913 pro

939 1922 1029 1950 nobis.
1044 1921 1121 1955 Quod
1137 1927 1264 1950 metuens
1277 1923 1448 1956 Anastasius,
1462 1923 1637 1952 simulatione
1649 1931 1727 1956 usus,

946 1968 1038 1995 statim
1062 1967 1151 2003 plebis
1170 1968 1278 1996 animos
1305 1970 1494 1997 commutavit.

901 2095 924 2124 Ῐ)
972 2104 1052 2134 XLV.
1069 2119 1104 2125 —
1121 2104 1189 2133 Item
1200 2106 1234 2134 de
1245 2106 1321 2134 obitu
1333 2105 1458 2140 ejusdem
1469 2105 1616 2134 Anastasii.

1223 2142 1304 2178 333
1327 2140 1403 2169 CAP.
1424 2141 1446 2169 I.

1029 2198 1067 2226 De
1080 2199 1190 2235 imperia
1204 2198 1316 2226 Zenonis
1345 2198 1428 2234 deque
1442 2198 1558 2234 ejusdem
1578 2199 1642 2226 vita.

978 2266 1012 2294 At
1028 2267 1114 2300 Zeno,
1133 2266 1215 2294 simul
1234 2270 1327 2302 atque,
1343 2269 1454 2293 mortuo
1468 2265 1555 2296 ipsius
1573 2264 1642 2297 ﬁlio,
1658 2265 1734 2294 solus

942 2315 1089 2351 imperium
1116 2315 1256 2349 obtinuit,
1281 2314 1360 2350 quasi
1388 2321 1551 2349 persuasum
1575 2313 1681 2342 habens
1704 2322 1734 2342 se

943 2369 1115 2396 nequaquam
1134 2368 1242 2389 summo
1258 2360 1375 2396 imperio
1392 2359 1537 2395 praeditum
1553 2367 1624 2390 esse.
1638 2359 1690 2388 nisi
1707 2360 1736 2387 in

943 2415 1025 2435 omne
1048 2415 1135 2443 genus
1159 2406 1295 2439 libidinis,
1314 2406 1500 2442 quodcunque
1518 2405 1631 2434 obvium
1649 2409 1735 2438 esset,

944 2460 1051 2481 summa
1074 2460 1136 2480 cum
1155 2452 1267 2480 licentia
1283 2451 1496 2479 emtnderetur:
1513 2451 1604 2478 statim
1620 2450 1654 2478 ab
1676 2450 1737 2485 ipso

943 2499 1057 2527 exordio
1074 2498 1214 2526 illecebris
1225 2498 1408 2532 cupiditatum
1424 2497 1461 2524 ita
1476 2504 1506 2524 se
1520 2500 1607 2524 totum
1619 2495 1737 2527 dedidit,

947 2548 977 2571 ut
996 2544 1066 2571 nihil
1088 2548 1160 2572 esset
1183 2548 1237 2571 tam
1256 2547 1335 2579 turpe
1360 2547 1470 2577 tamque
1493 2542 1638 2574 illicitum,
1662 2540 1738 2575 quod

943 2590 1076 2627 impetum
1089 2591 1150 2627 ejus
1166 2591 1327 2624 cohiberet;
1343 2590 1392 2618 sed
1407 2589 1447 2617 sic
1465 2589 1492 2617 in
1507 2587 1617 2623 ﬂagitiis
1631 2587 1739 2614 voluta-
1763 2594 1766 2595 '

942 2636 1033 2670 batur,
1052 2641 1082 2664 ut
1095 2637 1165 2664 clam
1183 2636 1295 2672 quidem
1317 2643 1349 2663 ac
1363 2627 1476 2662 remotis
1490 2633 1603 2661 arbitris
1615 2639 1647 2659 ea
1661 2639 1740 2660 com-

942 2681 1062 2715 mittere,
1079 2682 1134 2709 vile
1157 2689 1189 2709 ac
1203 2681 1345 2717 plebeium
1362 2680 1533 2708 existimaret
1546 2687 1553 2706 :
1567 2678 1656 2714 palam
1671 2685 1738 2706 vero

942 2732 971 2755 et
984 2727 1035 2757 sub
1049 2727 1139 2756 oculis
1153 2727 1276 2756 omnium
1298 2734 1330 2755 ea
1351 2730 1471 2762 patrare,
1486 2724 1591 2760 regium
1606 2722 1738 2760 quiddam

763 2781 877 2810 VAliM‘l
897 2779 1099 2811 LECTIONES.

133 2832 158 2849 ‘°
173 2831 224 2860 οὐκ
243 2831 299 2857 οἱκε
305 2829 344 2856 ιού
348 2838 436 2865 μενος.
