1964 3067
223 156 293 189 2599

823 154 979 185 EVAGRII
1000 154 1242 184 SCHOLASTICI

1782 153 1854 187 2600

216 213 356 243 mitteret,
370 214 397 238 et
411 218 443 237 ea
457 217 516 244 qum
538 207 711 236 Chalcedone
741 199 817 243 gesta
842 208 962 240 fuerant,
986 216 1000 235 e

1065 217 1094 234 τε
1125 208 1281 243 περιϐαλεῖν
1298 209 1331 236 τὰ
1352 210 1381 234 ἐν
1407 209 1558 244 Καλχηδόνι
1579 209 1762 245 πεπραγμένα
1775 229 1782 243 ,
1807 210 1853 238 καὶ

220 257 323 286 Leonis
335 256 436 283 librum
450 254 616 282 anathemati
627 254 786 290 subjiceret.
800 253 911 282 Litterae
920 258 1010 282 autem

217 303 260 331 sic
273 302 376 330 habent
388 309 396 328 :

409 355 550 391 Encyclica
561 356 671 390 epistola
686 355 817 384 Basilisci.

251 413 401 448 Imperator
414 412 505 440 Caesar
521 413 680 444 Basiliscus,
697 413 883 445 Pius,Victor,
896 413 1009 440 Trium—

218 458 326 493 phator,
343 458 488 491 Maximus,
501 466 611 494 semper
620 459 760 494 Augustus
774 468 781 486 :
793 463 821 486 et
836 459 944 487 Marcus
952 459 1008 487 No-

218 504 371 531 bilissimus
407 504 508 540 Caesar,
544 505 690 532 Timotheo
719 497 1010 533 reverendissimo‘et

217 550 265 578 Dei
276 550 464 578 amantissimo
478 551 685 586 archiepiscopo
694 559 796 586 magna:
807 551 884 579 urbis
892 551 1010 579 Alexan-

217 595 370 623 drinorum.
406 596 546 630 Quotquot
566 597 639 631 leges
665 605 715 631 pro
745 601 819 624 recta
838 601 920 631 atque
943 605 1009 631 apo-

216 641 312 668 stolica
338 640 391 668 ﬁde
409 646 558 668 sanxerunt
586 642 784 677 religiosissimi
804 642 851 677 qui
871 646 935 669 ante
958 650 1008 670 nos

218 686 328 714 fuerunt
344 687 533 721 imperatores,
547 688 705 722 quicunque
723 692 844 715 sanctam
856 692 884 715 et
899 687 1007 715 beatam

217 737 245 759 et
261 732 443 760 immortalem
469 741 501 760 ac
527 734 663 761 viviﬁcam
680 733 845 761 Trinitatem
872 738 1008 769 perpetuo

217 777 328 805 coluere
357 786 363 804 :
395 786 460 811 eas,
484 783 579 814 utpote
607 786 667 814 qum
694 779 823 806 universo
847 779 910 806 orhi
934 779 1007 806 salu-

217 828 289 850 tares
318 830 428 858 semper
443 824 613 857 exstiterint,
645 824 723 851 nullo
740 832 859 859 unquam
883 829 1005 859 tempore

1063 254 1108 280 τὸν
1123 255 1205 290 τόμον
1218 254 1342 286 Λέοντος·
1359 253 1395 282 ὧν
1413 256 1429 290 ἡ
1445 248 1567 291 συνθήκη
1582 255 1657 290 λέγει
1670 255 1745 284 τάδε·

1261 354 1442 389 Ἐγκύκλιον
1456 355 1656 382 Βασιλίσκου.

1096 412 1282 451 Αὐτοκράτωρ
1304 413 1411 447 Καῖσαρ
1436 412 1616 444 Βασιλίσκος,
1639 413 1774 450 Εὐσεϐὴς,
1802 415 1850 441 Νι-

1061 459 1159 494 κητὴς,
1175 459 1373 495 Τροπαιοῦχος,
1397 459 1544 493 Μέγιστος,
1571 459 1768 493 Ἀεισέϐαστος,
1794 460 1850 488 Λῦ-

1060 513 1184 539 γουστος·
1201 505 1248 532 καὶ
1263 505 1377 540 Μάρκος
1388 506 1402 531 ὁ
1424 505 1654 539 Ἐπιφανέστατος
1669 506 1789 542 Καῖσαρ,
1805 507 1851 533 Τι-

1062 549 1152 584 μοθέῳ
1171 548 1209 583 τῷ
1228 549 1422 584 εὐλαϐεστάτῳ
1439 549 1486 576 καὶ
1502 549 1701 586 θεοφιλεστάτη)
1724 551 1850 586 ἀρχιεπι-

1061 595 1155 630 σκόπῳ
1169 595 1219 630 τῆς
1249 594 1445 630 Ἀλεξανδρέων
1476 595 1694 630 μεγαλοπόλεως.
1719 595 1851 630 Ὀπόσους

1062 640 1111 675 μὲν
1127 640 1196 675 ὑπὲρ
1217 639 1268 674 τῆς
1286 640 1369 675 ὀρθῆς
1397 641 1444 667 καὶ
1462 641 1646 676 ἀποστολικῆς
1661 642 1779 674 πίστεως
1792 643 1851 670 ἐθέ-

1060 694 1159 712 σπισαν
1174 686 1271 721 νόμους
1293 687 1317 713 οί
1337 687 1392 722 πρὸ
1408 687 1484 722 ἡμῶν
1504 687 1695 715 εὐσεϐέστατοι
1716 689 1848 724 βασιλεῖς,

1058 732 1115 758 ὅσοι
1129 731 1178 767 τὴν
1196 732 1335 767 μακαρίαν
1352 733 1400 758 καὶ
1414 733 1510 768 ἀγήρω
1533 733 1580 760 καὶ
1597 733 1729 766 ζωοποιδν
1744 735 1849 770 Τριάδςι

1059 776 1257 812 θεραπεύοντες
1269 776 1356 812 ὀρθῶς
1368 777 1532 811 διετέλεσαν,
1549 777 1659 810 τούτους
1673 779 1710 810 ὡς
1724 779 1764 814 τῷ
1778 788 1849 807 παν-

1057 824 1085 849 τὶ
1113 824 1209 858 κόσμῳ
1231 823 1384 858 σωτηρίους
1403 823 1447 850 ἀεί
1477 833 1543 850 ποτε
1573 825 1729 859 γεγονότας,
1752 825 1850 852 οὐδένα

216 869 310 897 irritas
320 877 380 897 csse
394 870 520 897 volumus
534 879 540 897 :
556 870 603 898 sed
616 871 707 905 potius
721 875 848 905 tanquam
861 871 934 906 leges
944 878 1002 905 pro-

1058 869 1154 905 χρόνον
1169 870 1264 904 ἀργεῖν
1285 869 1424 905 ἐθέλομενι
1441 870 1543 906 μᾶλλον
1559 871 1588 897 δὲ
1605 871 1642 903 ὡς
1662 871 1779 904 οἰκείους
1797 873 1850 899 αὑ-

216 914 289 950 prias
303 917 516 951 promulgamus.
530 917 586 944 Nos
597 924 662 944 vero
677 917 723 951 qui
737 917 865 952 pietatem
873 924 905 944 ac
916 917 1005 944 zelum

214 967 265 996 pro
281 960 336 988 Deo
348 969 381 988 ac
394 961 539 990 Servatore
566 966 662 989 nostro
681 963 744 990 Jesu
769 962 891 995 Christo,
912 970 927 989 a
951 970 1006 996 quo

214 1007 318 1034 conditi
331 1011 360 1035 et
372 1008 406 1035 ad
420 1008 491 1036 hanc
499 1009 613 1044 gloriam
625 1009 712 1036 evecti
726 1016 831 1041 sumus,
844 1008 919 1035 omni
933 1016 1006 1036 curm

215 1060 248 1079 ac
261 1053 440 1081 sollicitudini
453 1062 544 1082 rerum
561 1054 744 1081 humanarum
758 1054 837 1088 longe
858 1053 1004 1088 anteponi-

213 1105 275 1124 mus
293 1106 301 1124 :
317 1102 344 1125 et
355 1098 401 1133 qui
418 1103 551 1134 prmterea
565 1099 704 1127 credimus
727 1098 901 1126 concordiam
917 1098 1006 1133 gregis

213 1143 329 1177 Christi,
346 1150 404 1172 tum
417 1146 503 1181 ipsius
514 1146 614 1181 gregis,
629 1149 685 1172 tum
697 1146 819 1173 omnium
831 1145 1005 1172 subditorum

213 1189 331 1221 salutem
343 1193 486 1224 exsistere,
499 1192 663 1228 ﬁrmumque
679 1193 766 1220 nostri
782 1192 889 1227 imperii
904 1191 1004 1219 funda-

213 1244 337 1267 mentum
350 1243 378 1265 et
401 1238 640 1273 inexpugnabilem
668 1247 776 1266 murum
803 1246 863 1265 esse
879 1247 887 1264 τ
901 1238 1005 1265 idcirco

212 1285 307 1312 divino
319 1284 435 1311 interius
451 1285 509 1311 zelo
520 1284 660 1316 commoti,
676 1289 703 1312 et
715 1285 788 1311 velut
805 1284 936 1319 quasdam
951 1284 1004 1310 im-

212 1331 282 1366 perii
297 1330 384 1357 nostri
400 1330 546 1364 primitias,
574 1335 676 1357 sancta:
692 1330 821 1357 Ecclesia:
850 1330 1004 1357 unitionem

212 1376 268 1403 Deo
291 1383 323 1402 ac
338 1375 478 1402 Servatori
499 1382 594 1402 nostro
618 1375 684 1402 Jcsu
708 1375 818 1402 Christo
844 1375 1003 1407 otl‘erentes,

212 1422 353 1449 sancimus
370 1425 399 1448 nt
415 1421 488 1449 basis
516 1430 548 1449 ac
570 1421 770 1449 ﬁrmamentum
798 1421 937 1449 fclicitatis
954 1422 1005 1449 hu-

212 1475 309 1500 manae,
321 1468 472 1502 symbolum
485 1468 566 1503 336
581 1469 706 1496 videlicet
718 1474 901 1497 trecentorum
917 1474 945 1496 et
958 1477 1005 1496 oc-

213 1514 330 1542 todecim
352 1517 509 1541 sanctorum
525 1515 634 1542 Patrum
650 1514 697 1549 qui
708 1515 771 1542 olim
785 1514 872 1542 sancti
885 1514 1004 1550 Spiritus

221 1559 344 1587 nstinctu
355 1560 452 1588 Nicaeae
464 1561 622 1596 congregati
638 1565 712 1593 sunt,
728 1561 756 1587 in
768 1561 840 1595 quod
858 1567 920 1588 cum
938 1568 999 1592 nos,

213 1611 273 1634 tum
284 1606 401 1642 majores
431 1607 518 1633 nostri
547 1607 701 1640 credentes,
734 1607 865 1641 baptizati
893 1614 998 1639 sumus,

211 1652 300 1679 solum
314 1651 341 1678 in
354 1652 461 1680 cunctis
474 1652 658 1680 sanctissimis
670 1653 718 1680 Dei
735 1652 1000 1680 Ecclesiisctortho-

211 1698 345 1726 doxorum
360 1698 525 1733 populorum
539 1699 722 1726 conventibus
746 1703 896 1734 usurpetur
917 1704 1000 1734 atque

211 1744 354 1776 obtineat;
369 1743 472 1778 quippe
486 1744 559 1778 quod
585 1752 671 1771 unum
700 1745 793 1780 regula
820 1745 850 1771 ﬁt
866 1749 948 1772 rectae
959 1752 1001 1772 .ac

211 1790 327 1817 sincera:
336 1789 410 1821 ﬁdei,
427 1789 565 1816 suﬂiciens
586 1793 643 1816 tum
666 1790 700 1817 ad
714 1790 884 1817 eversionem
908 1791 1001 1825 cujus-

210 1835 279 1862 libet
297 1834 444 1866 haereseos,
462 1838 518 1861 tum
534 1835 567 1861 ad
596 1835 746 1869 perfectam
772 1840 929 1863 sanctarum
952 1836 1000 1863 Dei

209 1881 399 1919 Ecclesiarum
410 1880 564 1908 unitioncm
584 1889 591 1907 :
613 1881 650 1908 ita
663 1885 753 1909 tamen
773 1886 803 1908 ut
816 1889 896 1909 suum
914 1882 1000 1909 robur

210 1934 242 1953 ac
252 1927 374 1962 vigorem
387 1925 531 1954 obtineant
555 1927 638 1954 etiam
651 1935 694 1960 ea,
721 1936 783 1962 quae
799 1928 826 1955 in
844 1928 895 1955 hac
925 1929 1000 1964 regia

209 1972 278 2000 urbe
294 1980 309 1999 a
328 1975 439 2000 centum
463 1976 492 2000 et
519 1973 717 2009 quinquaginta
742 1973 845 2001 sanctis
873 1973 1000 2001 Patribus

209 2023 285 2054 gesta
298 2023 362 2046 sunt
378 2018 412 2046 ad
440 2018 677 2046 conﬁrmationem
689 2019 813 2054 ejusdem
833 2019 1000 2047 sanctissimi

209 2063 342 2099 Symboli,
363 2062 495 2090 adversus
509 2071 557 2090 eos
583 2063 631 2098 qui
657 2063 685 2091 in
713 2063 846 2099 Spiritum
874 2069 1000 2092 sanctum

1016 1553 1037 1581 C

209 2109 457 2144 biaspbemabant:
485 2117 518 2137 ea
544 2109 658 2145 insuper
683 2117 744 2145 quae
761 2110 787 2137 in
817 2110 1017 2155 Ephesiorum.

208 2155 354 2191 metropoli
396 2160 491 2183 contra
514 2155 629 2192 impium
652 2156 811 2184 Nestorium
834 2161 894 2184 acta
922 2161 997 2189 sunt,

207 2207 235 2229 et
248 2206 345 2230 contra
356 2210 404 2230 eos
415 2202 463 2237 qui
492 2203 553 2238 ejus
567 2210 688 2230 errorem
711 2208 805 2238 postea
825 2208 889 2230 sunt
900 2203 998 2231 secuti.

204 2247 246 2274 Ea
257 2254 323 2274 vero
332 2255 393 2282 qua:
404 2251 560 2276 sanctarum
576 2248 624 2275 Dei
637 2248 821 2276 Ecclesiarum
833 2255 997 2276 Consensum

202 2300 239 2320 .ac
255 2293 491 2327 tranquillitatem,
506 2297 535 2321 ct
555 2293 641 2321 totius
657 2294 733 2322 orbis
756 2302 852 2330 pacem
873 2293 999 2329 disrupe-

205 2346 210 2355 ι
223 2342 292 2371 unt;
305 2342 409 2366 tomum
425 2338 531 2367 scilicet
544 2339 656 2373 Leonis,
678 2344 706 2367 et
731 2344 830 2367 cuncta
843 2347 904 2374 quae
915 2339 998 2367 Chal—

200 2383 312 2412 cedone
325 2385 353 2412 in
363 2384 523 2413 deﬁnitione
539 2386 658 2413 ﬁdciaut
670 2386 841 2421 expositione
853 2386 997 2422 Symbolo-

200 2438 279 2462 eum,
298 2429 416 2457 docendi
445 2430 489 2458 vel
525 2430 726 2466 interpretandi
753 2432 797 2459 vel
835 2431 994 2469 disputandi

200 2482 299 2508 causa,
310 2474 345 2502 ad
358 2475 564 2503 innovationem
574 2483 659 2511 supra
672 2476 817 2504 memorati
834 2477 904 2504 sacri
918 2476 997 2512 Sym-

205 2523 466 2550 boli'trccentorum
479 2526 508 2550 et
521 2523 675 2551 octodecim
699 2528 857 2551 sanctorum
883 2523 995 2550 Patrum

200 2568 279 2596 dicta
289 2573 317 2596 et
323 2573 400 2604 gesta
411 2573 485 2600 sunt.
499 2568 545 2597 hic
555 2573 583 2596 et
598 2569 699 2604 ubique
707 2577 756 2604 per
768 2569 890 2603 singulas
901 2569 996 2597 Eccle-

204 2613 260 2642 sias
273 2613 308 2641 ab
327 2614 466 2642 universis
481 2614 664 2642 sanctissimis
678 2614 817 2650 episcopis
837 2614 996 2642 anathema.

202 2660 285 2687 tizari
297 2660 484 2693 decernimus,
507 2665 537 2688 et
561 2661 719 2696 ubicunque
745 2665 855 2696 reperta
880 2661 995 2694 fuerint,

199 2704 322 2732 ﬂammis
333 2705 453 2733 absumi.
474 2705 520 2734 Sic
531 2706 606 2733 enim
620 2706 672 2741 pias
694 2714 727 2734 ac
743 2706 830 2735 beatae
855 2707 997 2734 memoriae

200 2747 387 2783 imperatores
399 2748 448 2784 qui
462 2755 526 2778 ante
542 2758 594 2778 nos
617 2750 722 2785 vixere,
734 2750 931 2779 Constantinus
941 2752 995 2779 sci-

1057 916 1110 942 τῶν
1126 915 1303 950 ἐκφωνοῦμεν
1318 916 1428 950 νόμους.
1451 916 1548 951 Ἡμεῖς
1568 917 1596 944 δὲ
1611 918 1702 952 πάσης
1715 918 1766 952 τῆς
1783 918 1852 954 περὶ

1056 962 1090 988 τὰ
1102 961 1259 997 ἀνθρώπινα
1273 962 1423 997 πράγματα
1436 962 1553 997 σπουδῆς
1569 963 1788 998 προτιμήσαντες
1799 963 1852 999 τὴν

1056 1009 1207 1041 εὐσέϐειαν,
1219 1009 1266 1035 καὶ
1281 1009 1325 1034 τὸν
1341 1008 1410 1044 ὑπὲρ
1422 1009 1470 1035 τοῦ
1484 1008 1550 1035 Θεοῦ
1566 1009 1613 1035 καὶ
1626 1009 1752 1045 Σωτῆρος
1767 1009 1852 1044 ἡμῶν

1063 1055 1149 1091 Ἰησοῦ
1171 1055 1289 1091 Χριστοῦ
1308 1055 1399 1090 ζῆλον,
1420 1055 1467 1081 τοῦ
1484 1064 1513 1082 τε
1534 1055 1724 1090 πεποιηκότος,
1740 1055 1790 1082 καὶ
1804 1055 1852 1082 δε-

1055 1101 1198 1134 δοξακότος
1212 1101 1296 1136 ἡμᾶς·
1319 1100 1359 1127 ἔτι
1385 1100 1414 1127 δὲ
1440 1100 1614 1132 πιστεύοντες
1636 1101 1682 1128 τὸν
1699 1101 1852 1136 σύνδεσμον

1055 1147 1109 1174 τῶν
1134 1147 1181 1174 τοῦ
1206 1146 1324 1181 Χριστοῦ
1349 1145 1482 1181 ποιμνίων
1500 1145 1637 1182 σωτηρίαν
1654 1145 1759 1174 ἑαυτῶν
1775 1145 1850 1173 εῖναι

1059 1193 1106 1219 καλ⁸
1119 1192 1166 1219 τοῦ
1187 1193 1308 1227 ὑπηκόου
1325 1191 1436 1223 παντὸς,
1461 1191 1585 1227 θεμέλιον
1613 1200 1643 1219 τε
1663 1192 1774 1229 ἁῤῥαγῆ
1800 1192 1850 1220 καὶ

1057 1240 1206 1267 ἀσάλευτον
1226 1241 1314 1275 τεῖχος
1337 1239 1386 1274 τῆς
1402 1239 1540 1275 ἡμετέρας
1558 1239 1707 1275 βασιλείας,
1722 1239 1850 1266 ἐντεῦθεν

1056 1286 1170 1318 εἰκότως
1192 1285 1256 1320 Θείῳ
1271 1284 1391 1316 διανοίας
1413 1284 1567 1320 κινούμενοι
1588 1284 1662 1320 ζήλῳ
1673 1304 1680 1315 ,
1696 1284 1743 1311 καὶ
1756 1285 1851 1319 ἀπαρ-

1055 1331 1106 1366 χὴν
1125 1331 1175 1366 τῆς
1188 1330 1326 1365 ἡμετέρας
1353 1329 1492 1365 βασιλείας
1521 1329 1561 1365 τῷ
1586 1329 1644 1365 Θεῷ
1666 1330 1713 1356 καὶ
1737 1329 1851 1365 Σωτῆρι

1055 1377 1134 1412 ἡμῶν
1152 1375 1240 1411 Ἰησοῦ
1254 1375 1365 1411 Χριστῷ
1379 1376 1428 1410 τὴν
1442 1375 1492 1410 τῆς
1504 1376 1584 1409 ἁγίας
1599 1375 1760 1409 Ἐκκλησίας
1777 1375 1850 1402 ἐτρω-

1056 1431 1099 1449 σιν
1127 1423 1377 1458 προσκομίζοντες,
1397 1421 1562 1457 θεσπίζομεν
1581 1421 1630 1457 τὴν
1656 1421 1778 1456 κρηπῖδα
1800 1422 1850 1448 καὶ

1057 1468 1203 1504 βεϐαίωσιν
1233 1469 1283 1503 τῆς
1309 1468 1482 1503 ἀνθρωπίνης
1509 1467 1642 1500 εὐζωῖας,
1668 1467 1791 1494 τουτέστι
1818 1467 1850 1494 τὸ

1055 1515 1193 1550 Σύμϐολον
1211 1515 1266 1541 τῶν
1289 1513 1341 1550 τιη⁴
1354 1513 1439 1548 ἁγίων
1465 1513 1594 1548 Πατέρων
1608 1513 1664 1539 τῶν
1688 1514 1717 1540 ὲν
1742 1513 1850 1549 Νικαίᾳ

1055 1561 1137 1588 πάλαι
1155 1561 1223 1597 μετὰ
1242 1560 1290 1587 τοῦ
1305 1560 1383 1594 ἁγίου
1401 1558 1560 1594 Πνεύματος
1580 1558 1848 1594 ὲκκλησιασθέντων,

1054 1609 1094 1639 εἰς
1109 1607 1123 1634 ὃ
1137 1608 1219 1643 ἡμεῖς
1238 1615 1268 1633 τε
1282 1607 1328 1633 καὶ
1346 1606 1446 1638 πάντες
1462 1606 1486 1632 ot
1509 1605 1562 1640 πρὸ
1577 1605 1657 1640 ἡμῶν
1675 1605 1847 1632 πιστεύσαν-

1053 1662 1110 1686 τες,
1121 1652 1337 1688 ἐϐαπτίσθημεν,
1361 1652 1441 1687 μόνον
1457 1651 1658 1683 πολιτεύεσθαι,
1673 1651 1720 1678 καὶ
1732 1651 1848 1686 κρατεῖν

1054 1701 1083 1726 ὲν
1095 1699 1197 1731 πάσαις
1209 1700 1269 1730 ταῖς
1283 1698 1447 1732 ἁγιωτάταις
1461 1697 1508 1724 τοῦ
1525 1696 1592 1723 Θεοῦ
1607 1696 1782 1731 Ἐκκλησίαις
1799 1697 1848 1724 τὸν

1053 1744 1193 1780 ὸρθόδοξον
1204 1744 1280 1777 λαὸν,
1295 1744 1333 1776 ὡς
1350 1743 1429 1779 μόνον
1444 1743 1495 1777 τῆς
1512 1742 1652 1774 ἀπλανοῦς
1665 1741 1783 1774 πίστεως
1796 1750 1847 1769 xu-

1055 1792 1122 1828 ρίως
1144 1793 1218 1828 ὅρον,
1235 1791 1283 1818 καὶ
1299 1789 1401 1826 ἀρκοῦν
1427 1791 1467 1822 εἰς
1493 1785 1633 1824 ἀναίρεσιν
1657 1789 1707 1823 μὲν
1729 1789 1846 1816 καθόλου

1055 1838 1144 1873 πάσης
1156 1838 1297 1874 αἱρέσεως,
1308 1836 1404 1864 ἕνωσιν
1416 1835 1444 1862 δὲ
1455 1835 1542 1871 ἄκραν
1551 1835 1604 1863 τῶν
1618 1834 1703 1869 ἁγίων
1714 1834 1760 1861 τοῦ
1773 1833 1845 1862 Θεοῦ

1060 1884 1238 1919 Ἐκκλησιῶν·
1255 1882 1371 1917 ἑχόντων
1383 1881 1482 1917 δηλαδὴ
1493 1880 1542 1916 τὴν
1562 1880 1666 1907 οἰκείαν
1683 1880 1769 1914 ἰσχὺν,
1796 1879 1845 1906 καὶ

1053 1931 1107 1957 τῶν
1123 1931 1162 1961 εἰς
1174 1929 1319 1965 βεϐαίωσιν
1331 1927 1414 1954 αὑτοῦ
1426 1927 1474 1954 τοῦ
1490 1926 1562 1953 θείου
1577 1926 1717 1962 Συμϐόλου
1734 1934 1845 1961 πεπρα-

1053 1976 1172 2012 γμένων,
1184 1975 1213 2002 ἐν
1227 1984 1257 2001 τε
1269 1976 1303 2011 τῇ
1321 1973 1499 2010 βασιλευούσῃ
1512 1973 1588 2000 πόλει
1600 1973 1686 2008 ταύτῃ
1700 1972 1769 1999 κατὰ
1787 1972 1845 1999 τῶν

1055 2021 1286 2057 βλασφημούντων
1299 2020 1339 2052 εἰς
1351 2019 1382 2045 τὸ
1394 2019 1506 2054 Πνεῦμα
1517 2019 1547 2045 τὸ
1560 2018 1636 2053 ἆγιον
1650 2018 1725 2054 παρὰ
1735 2018 1790 2044 τῶν
1805 2020 1844 2053 ριν

1054 2067 1139 2102 ἁγίων
1155 2067 1293 2101 Πατὲρων·
1308 2067 1348 2091 ἔτι
1367 2065 1396 2092 δὲ
1414 2065 1461 2091 καὶ
1476 2064 1586 2091 πάντων
1603 2064 1657 2090 τῶν
1675 2064 1845 2099 πεπραγμέ-

1053 2121 1107 2139 νων
1123 2114 1151 2139 ὲν
1167 2114 1201 2148 τῇ
1219 2111 1353 2147 Ἐφεσίων
1371 2110 1536 2146 μητροπόλει
1548 2110 1620 2137 κατὰ
1632 2110 1678 2136 τοῦ
1693 2109 1843 2140 δυσσεϐοῦς

1053 2159 1213 2195 Νεστορίου,
1234 2158 1280 2185 καὶ
1297 2157 1353 2184 τῶν
1368 2157 1437 2193 μετὰ
1449 2156 1536 2184 ταῦτα
1560 2157 1594 2183 τὰ
1616 2156 1721 2183 ἐκείνου
1738 2164 1846 2191 φρονη-

1054 2205 1170 2232 σάντων.
1191 2203 1233 2230 Τὰ
1256 2203 1285 2230 δὲ
1311 2203 1432 2230 διελόντα
1455 2203 1506 2238 τὴν
1527 2202 1625 2228 ἕνωσιν
1649 2202 1695 2228 καὶ
1713 2201 1845 2234 εὐταξίαν

1051 2251 1106 2278 τῶν
1130 2250 1215 2284 ἁγίων
1237 2248 1285 2275 τοῦ
1309 2249 1376 2276 Θεοῦ
1402 2248 1571 2283 Ἐκκλησιῶν
1594 2247 1641 2274 καὶ
1658 2247 1770 2282 εἰρήνην
1795 2246 1844 2273 τοῦ

1053 2294 1158 2330 κόσμου
1176 2293 1287 2324 παντὸς,
1309 2292 1410 2328 δηλαδὴ
1428 2292 1474 2319 τὸν
1494 2292 1641 2328 λεγόμενον
1657 2292 1739 2326 τόμον
1760 2291 1846 2318 Λέον-

1050 2349 1107 2372 τος,
1124 2340 1173 2367 καὶ
1189 2340 1278 2367 πάντα
1300 2339 1334 2366 τὰ
1352 2339 1382 2367 ὲν
1406 2338 1558 2375 Καλχηδόνι
1581 2340 1610 2366 ὲν
1631 2338 1687 2374 ὅρῳ
1711 2338 1843 2374 πίστεως,

1050 2386 1156 2413 ἐκθέσει
1172 2385 1318 2421 Συμϐόλων
1332 2385 1371 2417 ⁷⁸,
1395 2385 1412 2421 ἢ
1434 2385 1594 2421 ἑρμηνείας,
1615 2384 1632 2420 ἢ
1654 2383 1843 2417 διδασκαλίας,

1049 2432 1066 2468 ἢ
1082 2431 1226 2464 διαλέξεως
1249 2431 1382 2467 εἰρημένα
1401 2432 1449 2458 καὶ
1464 2429 1650 2466 πεπραγμένα
1663 2430 1703 2462 είς
1717 2438 1844 2457 καινοτο-

1049 2478 1115 2512 μίαν
1127 2477 1177 2513 τὴν
1198 2476 1269 2504 κατὰ
1289 2475 1337 2503 τοῦ
1358 2475 1592 2512 μνημονευθέντος
1606 2475 1684 2509 ἁγίου
1698 2474 1843 2510 Συμϐόλου

1048 2522 1103 2550 ΙΞῶν
1126 2521 1180 2558 τιη⁹
1197 2522 1284 2557 ἁγίων
1306 2522 1446 2558 Πατέρων,
1473 2522 1639 2557 θεσπίςομεν
1666 2520 1785 2548 ἐνταῦθά
1811 2528 1842 2547 τε

1048 2568 1096 2596 καὶ
1111 2568 1249 2603 πανταχοῦ
1273 2568 1335 2596 καθ’
1351 2568 1470 2604 ἑκάστην
1494 2568 1670 2602 Ἐκκλησίαν,
1688 2567 1766 2604 παρὰ
1785 2566 1842 2593 τῶν

1047 2615 1203 2650 ἁπανταχοῦ
1216 2615 1382 2649 ἁγιωτάτων
1400 2614 1557 2642 ἐπισκόπων
1577 2612 1841 2648 ἀναθεματίζεσθαι,

1048 2661 1095 2688 καὶ
1111 2662 1178 2696 πυρὶ
1198 2660 1395 2697 παραδίδοσθαι
1412 2661 1477 2697 παρ’
1499 2658 1540 2692 οἷς
1556 2660 1590 2687 ἂν
1607 2659 1780 2696 εὑρίσκηται,
1796 2658 1842 2686 διὰ

1047 2707 1079 2733 τὺ
1109 2706 1180 2733 οῦτω
1213 2707 1401 2742 διατεταχέναι
1429 2706 1495 2742 περὶ
1521 2706 1633 2734 πάντων
1653 2705 1710 2733 τῶν
1734 2705 1841 2741 αἱρετι-

1049 2752 1104 2779 κῶν
1118 2753 1274 2789 δογμάτων,
1293 2753 1340 2782 καὶ
1364 2753 1428 2786 τοὺς
1449 2752 1502 2788 πρὸ
1515 2752 1595 2789 ἡμῶν
1613 2752 1646 2780 ιν
1668 2751 1777 2779 εὐσεϐεῖ
1792 2752 1840 2779 καὶ

858 2827 975 2856 νΑΒίᾸῐ
996 2827 1199 2858 LECTIONES.

242 2865 268 2882 '“
284 2867 316 2895 Co
332 2868 362 2898 Ω.
385 2871 531 2906 συμϐόλου.
