  <div class='ocr_page' id='page_1' title='image "/cluster/home/n/w/nwhite01/storage/ocr_20150623/86,pt.2/njp.32101077772810/436.png"; bbox 0 0 1964 3067; ppageno 0'>
   <div class='ocr_carea' id='block_1_1' title="bbox 114 137 184 170">
    <p class='ocr_par' dir='ltr' id='par_1_1' title="bbox 114 137 184 170">
     <span class='ocr_line' id='line_1_1' title="bbox 114 137 184 170; baseline 0 0"><span class='ocrx_word' id='word_1_1' title='bbox 114 137 184 170; x_wconf 76' lang='lat'><strong>2621</strong></span> 
     </span>
    </p>
   </div>
   <div class='ocr_carea' id='block_1_2' title="bbox 578 140 1293 172">
    <p class='ocr_par' dir='ltr' id='par_1_2' title="bbox 578 140 1293 172">
     <span class='ocr_line' id='line_1_2' title="bbox 578 140 1293 172; baseline 0.003 -2"><span class='ocrx_word' id='word_1_2' title='bbox 578 140 770 171; x_wconf 57' lang='lat' dir='ltr'><strong>HISTORIA:</strong></span> <span class='ocrx_word' id='word_1_3' title='bbox 790 142 1082 172; x_wconf 63' lang='lat' dir='ltr'><strong>ECCLESIASTICE</strong></span> <span class='ocrx_word' id='word_1_4' title='bbox 1104 141 1218 172; x_wconf 75' lang='lat' dir='ltr'><strong>LIBER</strong></span> <span class='ocrx_word' id='word_1_5' title='bbox 1237 141 1293 172; x_wconf 83' lang='grc' dir='ltr'><strong>ΙΙΙ.</strong></span> 
     </span>
    </p>
   </div>
   <div class='ocr_carea' id='block_1_3' title="bbox 1681 138 1752 174">
    <p class='ocr_par' dir='ltr' id='par_1_3' title="bbox 1681 138 1752 174">
     <span class='ocr_line' id='line_1_3' title="bbox 1681 138 1752 174; baseline 0.014 -1"><span class='ocrx_word' id='word_1_6' title='bbox 1681 138 1752 174; x_wconf 69' lang='grc' dir='ltr'><strong>ΞϐΞΞ</strong></span> 
     </span>
    </p>
   </div>
   <div class='ocr_carea' id='block_1_4' title="bbox 116 191 909 234">
    <p class='ocr_par' dir='ltr' id='par_1_4' title="bbox 116 191 909 232">
     <span class='ocr_line' id='line_1_4' title="bbox 116 191 909 232; baseline 0.003 -11"><span class='ocrx_word' id='word_1_7' title='bbox 116 193 194 228; x_wconf 80' lang='grc' dir='ltr'>οινὴν</span> <span class='ocrx_word' id='word_1_8' title='bbox 210 191 316 224; x_wconf 78' lang='grc' dir='ltr'>πίστιν,</span> <span class='ocrx_word' id='word_1_9' title='bbox 343 192 440 227; x_wconf 73' lang='grc' dir='ltr'>ἥντινα</span> <span class='ocrx_word' id='word_1_10' title='bbox 465 192 509 220; x_wconf 76' lang='grc' dir='ltr'>διὰ</span> <span class='ocrx_word' id='word_1_11' title='bbox 529 194 578 229; x_wconf 77' lang='grc' dir='ltr'>τῆς</span> <span class='ocrx_word' id='word_1_12' title='bbox 603 195 679 227; x_wconf 82' lang='grc' dir='ltr'>θείας</span> <span class='ocrx_word' id='word_1_13' title='bbox 706 196 909 232; x_wconf 69' lang='grc' dir='ltr'>ὲπιφοιτήσεως</span> 
     </span>
    </p>
   </div>
   <div class='ocr_carea' id='block_1_5' title="bbox 964 191 1750 234">
    <p class='ocr_par' dir='ltr' id='par_1_5' title="bbox 964 196 1750 234">
     <span class='ocr_line' id='line_1_5' title="bbox 964 196 1750 234; baseline 0.004 -9"><span class='ocrx_word' id='word_1_14' title='bbox 964 206 994 225; x_wconf 83' lang='lat' dir='ltr'><strong>ac</strong></span> <span class='ocrx_word' id='word_1_15' title='bbox 1011 206 1102 225; x_wconf 99' lang='lat' dir='ltr'><strong>veram</strong></span> <span class='ocrx_word' id='word_1_16' title='bbox 1127 198 1218 230; x_wconf 75' lang='lat' dir='ltr'><strong>ﬁdem,</strong></span> <span class='ocrx_word' id='word_1_17' title='bbox 1247 207 1329 233; x_wconf 89' lang='lat' dir='ltr'><strong>quam</strong></span> <span class='ocrx_word' id='word_1_18' title='bbox 1359 198 1474 225; x_wconf 89' lang='lat' dir='ltr'><strong>trecenti</strong></span> <span class='ocrx_word' id='word_1_19' title='bbox 1495 196 1606 234; x_wconf 86' lang='lat' dir='ltr'><strong>quidem</strong></span> <span class='ocrx_word' id='word_1_20' title='bbox 1627 202 1655 225; x_wconf 90' lang='lat' dir='ltr'><strong>et</strong></span> <span class='ocrx_word' id='word_1_21' title='bbox 1673 205 1750 228; x_wconf 87' lang='lat' dir='ltr'><strong>octo-</strong></span> 
     </span>
    </p>
   </div>
   <div class='ocr_carea' id='block_1_6' title="bbox 115 239 912 277">
    <p class='ocr_par' dir='ltr' id='par_1_6' title="bbox 115 239 912 277">
     <span class='ocr_line' id='line_1_6' title="bbox 115 239 912 277; baseline 0.004 -11"><span class='ocrx_word' id='word_1_22' title='bbox 115 240 242 273; x_wconf 76' lang='grc' dir='ltr'>ἔξέθεντο</span> <span class='ocrx_word' id='word_1_23' title='bbox 258 239 306 274; x_wconf 87' lang='grc' dir='ltr'>μὲν</span> <span class='ocrx_word' id='word_1_24' title='bbox 321 240 345 266; x_wconf 72' lang='lat' dir='ltr'><strong>cl</strong></span> <span class='ocrx_word' id='word_1_25' title='bbox 358 239 388 266; x_wconf 72' lang='grc' dir='ltr'>ἐν</span> <span class='ocrx_word' id='word_1_26' title='bbox 401 239 504 275; x_wconf 80' lang='grc' dir='ltr'>Νικαίᾳ</span> <span class='ocrx_word' id='word_1_27' title='bbox 520 241 759 276; x_wconf 76' lang='grc' dir='ltr'><strong>συναθροισθέντες</strong></span> <span class='ocrx_word' id='word_1_28' title='bbox 773 242 827 277; x_wconf 87' lang='grc' dir='ltr'>τιη¹</span> <span class='ocrx_word' id='word_1_29' title='bbox 839 243 912 276; x_wconf 71' lang='grc' dir='ltr'>ἅγιοι</span> 
     </span>
    </p>
   </div>
   <div class='ocr_carea' id='block_1_7' title="bbox 115 285 911 322">
    <p class='ocr_par' dir='ltr' id='par_1_7' title="bbox 115 285 911 322">
     <span class='ocr_line' id='line_1_7' title="bbox 115 285 911 322; baseline 0.003 -9"><span class='ocrx_word' id='word_1_30' title='bbox 115 287 250 322; x_wconf 80' lang='grc' dir='ltr'>Ιίατέρες,</span> <span class='ocrx_word' id='word_1_31' title='bbox 262 285 434 312; x_wconf 68' lang='grc' dir='ltr'>ἐϐεϐαίωσαν</span> <span class='ocrx_word' id='word_1_32' title='bbox 444 286 471 312; x_wconf 78' lang='grc' dir='ltr'>δὲ</span> <span class='ocrx_word' id='word_1_33' title='bbox 487 287 534 313; x_wconf 73' lang='grc' dir='ltr'>καὶ</span> <span class='ocrx_word' id='word_1_34' title='bbox 546 288 570 313; x_wconf 79' lang='grc' dir='ltr'>οι</span> <span class='ocrx_word' id='word_1_35' title='bbox 583 288 612 313; x_wconf 75' lang='grc' dir='ltr'>ἐν</span> <span class='ocrx_word' id='word_1_36' title='bbox 623 288 911 316; x_wconf 66' lang='grc' dir='ltr'>Κωνσταντινουπόῖει</span> 
     </span>
    </p>
   </div>
   <div class='ocr_carea' id='block_1_8' title="bbox 117 330 910 370">
    <p class='ocr_par' dir='ltr' id='par_1_8' title="bbox 117 330 910 370">
     <span class='ocr_line' id='line_1_8' title="bbox 117 330 910 370; baseline 0.004 -12"><span class='ocrx_word' id='word_1_37' title='bbox 117 335 155 368; x_wconf 87' lang='grc' dir='ltr'>ρν’</span> <span class='ocrx_word' id='word_1_38' title='bbox 172 331 272 366; x_wconf 85' lang='grc' dir='ltr'>ὁμοίως</span> <span class='ocrx_word' id='word_1_39' title='bbox 295 330 368 365; x_wconf 77' lang='grc' dir='ltr'>ἅγιοι</span> <span class='ocrx_word' id='word_1_40' title='bbox 390 332 509 367; x_wconf 83' lang='grc' dir='ltr'>Πατέρες</span> <span class='ocrx_word' id='word_1_41' title='bbox 531 333 719 366; x_wconf 70' lang='grc' dir='ltr'>συνελθόντες,</span> <span class='ocrx_word' id='word_1_42' title='bbox 749 334 857 370; x_wconf 83' lang='grc' dir='ltr'><strong>νύκτωρ</strong></span> <span class='ocrx_word' id='word_1_43' title='bbox 881 343 910 361; x_wconf 85' lang='grc' dir='ltr'><strong>τε</strong></span> 
     </span>
    </p>
   </div>
   <div class='ocr_carea' id='block_1_9' title="bbox 115 376 910 415">
    <p class='ocr_par' dir='ltr' id='par_1_9' title="bbox 115 376 910 415">
     <span class='ocr_line' id='line_1_9' title="bbox 115 376 910 415; baseline 0.003 -11"><span class='ocrx_word' id='word_1_44' title='bbox 115 377 164 404; x_wconf 73' lang='grc' dir='ltr'><strong>καὶ</strong></span> <span class='ocrx_word' id='word_1_45' title='bbox 188 376 248 403; x_wconf 79' lang='grc' dir='ltr'>καθ’</span> <span class='ocrx_word' id='word_1_46' title='bbox 270 376 399 411; x_wconf 79' lang='grc' dir='ltr'>ἡμέραν,</span> <span class='ocrx_word' id='word_1_47' title='bbox 426 377 499 412; x_wconf 73' lang='grc' dir='ltr'>πάσῃ</span> <span class='ocrx_word' id='word_1_48' title='bbox 522 379 660 412; x_wconf 83' lang='grc' dir='ltr'>προσευχῇ</span> <span class='ocrx_word' id='word_1_49' title='bbox 679 380 724 405; x_wconf 80' lang='grc' dir='ltr'><strong>καὶ</strong></span> <span class='ocrx_word' id='word_1_50' title='bbox 739 379 839 414; x_wconf 84' lang='grc' dir='ltr'>σπουδῇ</span> <span class='ocrx_word' id='word_1_51' title='bbox 855 379 910 415; x_wconf 78' lang='grc'><strong>(89)</strong></span> 
     </span>
    </p>
   </div>
   <div class='ocr_carea' id='block_1_10' title="bbox 116 422 910 460">
    <p class='ocr_par' dir='ltr' id='par_1_10' title="bbox 116 422 910 460">
     <span class='ocr_line' id='line_1_10' title="bbox 116 422 910 460; baseline 0.003 -11"><span class='ocrx_word' id='word_1_52' title='bbox 116 423 163 449; x_wconf 79' lang='grc' dir='ltr'>καὶ</span> <span class='ocrx_word' id='word_1_53' title='bbox 185 422 279 457; x_wconf 77' lang='grc' dir='ltr'>νόμοις</span> <span class='ocrx_word' id='word_1_54' title='bbox 303 422 480 458; x_wconf 82' lang='grc' dir='ltr'>κεχρήμεθα,</span> <span class='ocrx_word' id='word_1_55' title='bbox 507 423 692 458; x_wconf 76' lang='grc' dir='ltr'>πληθύνεσθαι</span> <span class='ocrx_word' id='word_1_56' title='bbox 710 425 744 451; x_wconf 86' lang='grc' dir='ltr'>δι’</span> <span class='ocrx_word' id='word_1_57' title='bbox 759 425 845 460; x_wconf 74' lang='grc' dir='ltr'>αὐτῆς</span> <span class='ocrx_word' id='word_1_58' title='bbox 861 425 910 460; x_wconf 87' lang='grc' dir='ltr'>τὴν</span> 
     </span>
    </p>
   </div>
   <div class='ocr_carea' id='block_1_11' title="bbox 115 467 912 504">
    <p class='ocr_par' dir='ltr' id='par_1_11' title="bbox 115 467 912 504">
     <span class='ocr_line' id='line_1_11' title="bbox 115 467 912 504; baseline 0.004 -11"><span class='ocrx_word' id='word_1_59' title='bbox 115 467 291 501; x_wconf 71' lang='grc' dir='ltr'>ἁπανταχόσε</span> <span class='ocrx_word' id='word_1_60' title='bbox 316 467 397 501; x_wconf 81' lang='grc' dir='ltr'>ἁγίαν</span> <span class='ocrx_word' id='word_1_61' title='bbox 418 467 466 494; x_wconf 86' lang='grc' dir='ltr'><strong>τοῦ</strong></span> <span class='ocrx_word' id='word_1_62' title='bbox 481 467 548 494; x_wconf 82' lang='grc' dir='ltr'>Θεοῦ</span> <span class='ocrx_word' id='word_1_63' title='bbox 566 469 714 504; x_wconf 74' lang='grc' dir='ltr'><strong>καθολικὴν</strong></span> <span class='ocrx_word' id='word_1_64' title='bbox 733 471 780 496; x_wconf 77' lang='grc' dir='ltr'>καὶ</span> <span class='ocrx_word' id='word_1_65' title='bbox 793 471 912 496; x_wconf 79' lang='grc' dir='ltr'>ἀποστο-</span> 
     </span>
    </p>
   </div>
   <div class='ocr_carea' id='block_1_12' title="bbox 116 513 912 551">
    <p class='ocr_par' dir='ltr' id='par_1_12' title="bbox 116 513 912 551">
     <span class='ocr_line' id='line_1_12' title="bbox 116 513 912 551; baseline 0.005 -12"><span class='ocrx_word' id='word_1_66' title='bbox 116 513 196 549; x_wconf 84' lang='grc' dir='ltr'>λικὴν</span> <span class='ocrx_word' id='word_1_67' title='bbox 209 513 390 548; x_wconf 78' lang='grc' dir='ltr'>Ἐκκλησίαν,</span> <span class='ocrx_word' id='word_1_68' title='bbox 418 513 467 549; x_wconf 85' lang='grc' dir='ltr'>τὴν</span> <span class='ocrx_word' id='word_1_69' title='bbox 493 513 633 549; x_wconf 69' lang='grc' dir='ltr'>ἄφθαρτον</span> <span class='ocrx_word' id='word_1_70' title='bbox 660 515 707 541; x_wconf 80' lang='grc' dir='ltr'>καὶ</span> <span class='ocrx_word' id='word_1_71' title='bbox 731 516 912 551; x_wconf 80' lang='grc' dir='ltr'><strong>ἀτελεύτητον</strong></span> 
     </span>
    </p>
   </div>
   <div class='ocr_carea' id='block_1_13' title="bbox 118 560 911 599">
    <p class='ocr_par' dir='ltr' id='par_1_13' title="bbox 118 560 911 599">
     <span class='ocr_line' id='line_1_13' title="bbox 118 560 911 599; baseline 0.005 -13"><span class='ocrx_word' id='word_1_72' title='bbox 118 561 226 595; x_wconf 80' lang='grc' dir='ltr'>μητέρα</span> <span class='ocrx_word' id='word_1_73' title='bbox 241 560 296 586; x_wconf 84' lang='grc' dir='ltr'><strong>τῶν</strong></span> <span class='ocrx_word' id='word_1_74' title='bbox 309 560 454 595; x_wconf 78' lang='grc' dir='ltr'>ἡμετέρων</span> <span class='ocrx_word' id='word_1_75' title='bbox 471 563 620 595; x_wconf 78' lang='grc' dir='ltr'>σκήπτρων</span> <span class='ocrx_word' id='word_1_76' title='bbox 631 582 638 593; x_wconf 86' lang='grc'><strong>,</strong></span> <span class='ocrx_word' id='word_1_77' title='bbox 662 562 757 597; x_wconf 80' lang='grc' dir='ltr'>εἰρήνῃ</span> <span class='ocrx_word' id='word_1_78' title='bbox 772 571 801 589; x_wconf 84' lang='grc' dir='ltr'><strong>τε</strong></span> <span class='ocrx_word' id='word_1_79' title='bbox 817 564 863 590; x_wconf 69' lang='grc' dir='ltr'>καὶ</span> <span class='ocrx_word' id='word_1_80' title='bbox 879 564 911 599; x_wconf 87' lang='grc' dir='ltr'>τῇ</span> 
     </span>
    </p>
   </div>
   <div class='ocr_carea' id='block_1_14' title="bbox 116 605 911 643">
    <p class='ocr_par' dir='ltr' id='par_1_14' title="bbox 116 605 911 643">
     <span class='ocr_line' id='line_1_14' title="bbox 116 605 911 643; baseline 0.005 -12"><span class='ocrx_word' id='word_1_81' title='bbox 116 606 181 641; x_wconf 78' lang='grc' dir='ltr'>περὶ</span> <span class='ocrx_word' id='word_1_82' title='bbox 196 605 264 632; x_wconf 82' lang='grc' dir='ltr'>Θεοῦ</span> <span class='ocrx_word' id='word_1_83' title='bbox 280 606 392 641; x_wconf 72' lang='grc' dir='ltr'>ὁμονοίᾳ</span> <span class='ocrx_word' id='word_1_84' title='bbox 408 605 474 637; x_wconf 85' lang='grc' dir='ltr'>τοὺς</span> <span class='ocrx_word' id='word_1_85' title='bbox 488 606 613 637; x_wconf 81' lang='grc' dir='ltr'>εὐσεϐεῖς</span> <span class='ocrx_word' id='word_1_86' title='bbox 627 607 708 639; x_wconf 77' lang='grc' dir='ltr'>λαοὺς</span> <span class='ocrx_word' id='word_1_87' title='bbox 723 608 911 643; x_wconf 75' lang='grc' dir='ltr'>διαμένοντας,</span> 
     </span>
    </p>
   </div>
   <div class='ocr_carea' id='block_1_15' title="bbox 116 651 912 689">
    <p class='ocr_par' dir='ltr' id='par_1_15' title="bbox 116 651 912 689">
     <span class='ocr_line' id='line_1_15' title="bbox 116 651 912 689; baseline 0.003 -11"><span class='ocrx_word' id='word_1_88' title='bbox 116 651 333 687; x_wconf 69' lang='grc' dir='ltr'><strong>εὐπροσδέκτους</strong></span> <span class='ocrx_word' id='word_1_89' title='bbox 360 652 411 683; x_wconf 83' lang='grc' dir='ltr'>τὰς</span> <span class='ocrx_word' id='word_1_90' title='bbox 439 651 510 687; x_wconf 77' lang='grc' dir='ltr'>ὑπὲρ</span> <span class='ocrx_word' id='word_1_91' title='bbox 536 653 585 687; x_wconf 81' lang='grc' dir='ltr'>τῆς</span> <span class='ocrx_word' id='word_1_92' title='bbox 609 654 748 689; x_wconf 80' lang='grc' dir='ltr'>ἡμετέρας</span> <span class='ocrx_word' id='word_1_93' title='bbox 772 653 912 688; x_wconf 70' lang='grc' dir='ltr'>βασιλείας</span> 
     </span>
    </p>
   </div>
   <div class='ocr_carea' id='block_1_16' title="bbox 117 697 912 733">
    <p class='ocr_par' dir='ltr' id='par_1_16' title="bbox 117 697 912 733">
     <span class='ocr_line' id='line_1_16' title="bbox 117 697 912 733; baseline 0.003 -9"><span class='ocrx_word' id='word_1_94' title='bbox 117 698 237 729; x_wconf 72' lang='grc' dir='ltr'>ἱκετείας</span> <span class='ocrx_word' id='word_1_95' title='bbox 262 697 446 733; x_wconf 72' lang='grc' dir='ltr'>προσφέρειν,</span> <span class='ocrx_word' id='word_1_96' title='bbox 472 698 522 724; x_wconf 76' lang='grc' dir='ltr'><strong>σὺν</strong></span> <span class='ocrx_word' id='word_1_97' title='bbox 542 699 598 729; x_wconf 88' lang='grc' dir='ltr'>τοῖς</span> <span class='ocrx_word' id='word_1_98' title='bbox 616 698 834 733; x_wconf 69' lang='grc' dir='ltr'>θεοφιλεστάτοις</span> <span class='ocrx_word' id='word_1_99' title='bbox 852 701 912 726; x_wconf 73' lang='grc' dir='ltr'>επι-</span> 
     </span>
    </p>
   </div>
   <div class='ocr_carea' id='block_1_17' title="bbox 116 742 910 780">
    <p class='ocr_par' dir='ltr' id='par_1_17' title="bbox 116 742 910 780">
     <span class='ocr_line' id='line_1_17' title="bbox 116 742 910 780; baseline 0.001 -10"><span class='ocrx_word' id='word_1_100' title='bbox 116 742 229 774; x_wconf 80' lang='grc' dir='ltr'>σκύποις</span> <span class='ocrx_word' id='word_1_101' title='bbox 256 743 301 769; x_wconf 79' lang='grc' dir='ltr'>καὶ</span> <span class='ocrx_word' id='word_1_102' title='bbox 325 742 548 774; x_wconf 73' lang='grc' dir='ltr'>θεοσεὸεστάτοις</span> <span class='ocrx_word' id='word_1_103' title='bbox 573 743 734 778; x_wconf 81' lang='grc' dir='ltr'>κληρικοίς,</span> <span class='ocrx_word' id='word_1_104' title='bbox 761 745 808 771; x_wconf 79' lang='grc' dir='ltr'>καὶ</span> <span class='ocrx_word' id='word_1_105' title='bbox 830 746 910 780; x_wconf 81' lang='grc' dir='ltr'>ἀρχι-</span> 
     </span>
    </p>
   </div>
   <div class='ocr_carea' id='block_1_18' title="bbox 117 788 909 825">
    <p class='ocr_par' dir='ltr' id='par_1_18' title="bbox 117 788 909 825">
     <span class='ocr_line' id='line_1_18' title="bbox 117 788 909 825; baseline 0.004 -10"><span class='ocrx_word' id='word_1_106' title='bbox 117 789 276 824; x_wconf 78' lang='grc' dir='ltr'>μανδρὲταις</span> <span class='ocrx_word' id='word_1_107' title='bbox 298 789 346 815; x_wconf 84' lang='grc' dir='ltr'>καὶ</span> <span class='ocrx_word' id='word_1_108' title='bbox 369 788 526 823; x_wconf 83' lang='grc' dir='ltr'>μονάζουσι.</span> <span class='ocrx_word' id='word_1_109' title='bbox 555 789 607 816; x_wconf 73' lang='grc' dir='ltr'>Τοῦ</span> <span class='ocrx_word' id='word_1_110' title='bbox 624 789 679 825; x_wconf 78' lang='grc' dir='ltr'>γὰρ</span> <span class='ocrx_word' id='word_1_111' title='bbox 698 791 815 825; x_wconf 73' lang='grc' dir='ltr'>μεγάλου</span> <span class='ocrx_word' id='word_1_112' title='bbox 830 791 909 824; x_wconf 76' lang='grc' dir='ltr'>Θεοῦ,</span> 
     </span>
    </p>
   </div>
   <div class='ocr_carea' id='block_1_19' title="bbox 115 835 911 872">
    <p class='ocr_par' dir='ltr' id='par_1_19' title="bbox 115 835 911 872">
     <span class='ocr_line' id='line_1_19' title="bbox 115 835 911 872; baseline 0.004 -11"><span class='ocrx_word' id='word_1_113' title='bbox 115 837 163 863; x_wconf 77' lang='grc' dir='ltr'>καὶ</span> <span class='ocrx_word' id='word_1_114' title='bbox 178 835 304 871; x_wconf 79' lang='grc' dir='ltr'>Σωτῆρος</span> <span class='ocrx_word' id='word_1_115' title='bbox 319 835 399 871; x_wconf 77' lang='grc' dir='ltr'>ἡμῶν</span> <span class='ocrx_word' id='word_1_116' title='bbox 412 836 500 870; x_wconf 82' lang='grc' dir='ltr'>Ἰησοῦ</span> <span class='ocrx_word' id='word_1_117' title='bbox 516 836 648 870; x_wconf 78' lang='grc' dir='ltr'>Χριστοῦ,</span> <span class='ocrx_word' id='word_1_118' title='bbox 663 837 709 863; x_wconf 84' lang='grc' dir='ltr'><strong>τοῦ</strong></span> <span class='ocrx_word' id='word_1_119' title='bbox 723 838 755 863; x_wconf 81' lang='grc' dir='ltr'>ἐκ</span> <span class='ocrx_word' id='word_1_120' title='bbox 768 837 816 872; x_wconf 80' lang='grc' dir='ltr'>τῆς</span> <span class='ocrx_word' id='word_1_121' title='bbox 829 838 911 872; x_wconf 82' lang='grc' dir='ltr'>ἁγίας</span> 
     </span>
    </p>
   </div>
   <div class='ocr_carea' id='block_1_20' title="bbox 116 876 947 919">
    <p class='ocr_par' dir='ltr' id='par_1_20' title="bbox 116 876 947 919">
     <span class='ocr_line' id='line_1_20' title="bbox 116 876 947 919; baseline 0.004 -11"><span class='ocrx_word' id='word_1_122' title='bbox 116 881 257 917; x_wconf 76' lang='grc' dir='ltr'>Παρθένου</span> <span class='ocrx_word' id='word_1_123' title='bbox 284 883 331 908; x_wconf 84' lang='grc' dir='ltr'>καὶ</span> <span class='ocrx_word' id='word_1_124' title='bbox 355 882 488 909; x_wconf 80' lang='grc' dir='ltr'>Θεοτόκου</span> <span class='ocrx_word' id='word_1_125' title='bbox 509 883 618 918; x_wconf 77' lang='grc' dir='ltr'>Μαρίας</span> <span class='ocrx_word' id='word_1_126' title='bbox 639 884 841 919; x_wconf 81' lang='grc' dir='ltr'>σαρκωθέντος,</span> <span class='ocrx_word' id='word_1_127' title='bbox 863 885 910 911; x_wconf 80' lang='grc' dir='ltr'>καὶ</span> <span class='ocrx_word' id='word_1_128' title='bbox 928 876 947 903; x_wconf 68' lang='grc' dir='ltr'><strong>Β</strong></span> 
     </span>
    </p>
   </div>
   <div class='ocr_carea' id='block_1_21' title="bbox 115 929 909 964">
    <p class='ocr_par' dir='ltr' id='par_1_21' title="bbox 115 929 909 964">
     <span class='ocr_line' id='line_1_21' title="bbox 115 929 909 964; baseline 0.004 -9"><span class='ocrx_word' id='word_1_129' title='bbox 115 929 273 963; x_wconf 78' lang='grc' dir='ltr'>τεχθέντος,</span> <span class='ocrx_word' id='word_1_130' title='bbox 292 929 341 964; x_wconf 86' lang='grc' dir='ltr'>τὴν</span> <span class='ocrx_word' id='word_1_131' title='bbox 359 930 390 955; x_wconf 82' lang='grc' dir='ltr'>ὲκ</span> <span class='ocrx_word' id='word_1_132' title='bbox 408 929 568 963; x_wconf 82' lang='grc' dir='ltr'><strong>συμφωνίας</strong></span> <span class='ocrx_word' id='word_1_133' title='bbox 583 929 737 964; x_wconf 81' lang='grc' dir='ltr'>δοξολογίαν</span> <span class='ocrx_word' id='word_1_134' title='bbox 753 939 782 957; x_wconf 90' lang='grc' dir='ltr'><strong>τε</strong></span> <span class='ocrx_word' id='word_1_135' title='bbox 800 931 845 957; x_wconf 79' lang='grc' dir='ltr'><strong>καὶ</strong></span> <span class='ocrx_word' id='word_1_136' title='bbox 860 930 909 958; x_wconf 88' lang='grc' dir='ltr'>λα-</span> 
     </span>
    </p>
   </div>
   <div class='ocr_carea' id='block_1_22' title="bbox 115 974 908 1011">
    <p class='ocr_par' dir='ltr' id='par_1_22' title="bbox 115 974 908 1011">
     <span class='ocr_line' id='line_1_22' title="bbox 115 974 908 1011; baseline 0.004 -10"><span class='ocrx_word' id='word_1_137' title='bbox 115 975 209 1010; x_wconf 76' lang='grc' dir='ltr'>τρείαν</span> <span class='ocrx_word' id='word_1_138' title='bbox 233 974 312 1010; x_wconf 81' lang='grc' dir='ltr'>ἡμῶν</span> <span class='ocrx_word' id='word_1_139' title='bbox 337 974 529 1007; x_wconf 75' lang='grc' dir='ltr'>ἐπαινοῦντος,</span> <span class='ocrx_word' id='word_1_140' title='bbox 551 975 597 1001; x_wconf 80' lang='grc' dir='ltr'><strong>καὶ</strong></span> <span class='ocrx_word' id='word_1_141' title='bbox 616 976 732 1011; x_wconf 73' lang='grc' dir='ltr'>ἑτοίμως</span> <span class='ocrx_word' id='word_1_142' title='bbox 751 976 908 1011; x_wconf 81' lang='grc' dir='ltr'>δεχομένου,</span> 
     </span>
    </p>
   </div>
   <div class='ocr_carea' id='block_1_23' title="bbox 115 1020 909 1058">
    <p class='ocr_par' dir='ltr' id='par_1_23' title="bbox 115 1020 909 1058">
     <span class='ocr_line' id='line_1_23' title="bbox 115 1020 909 1058; baseline 0.005 -12"><span class='ocrx_word' id='word_1_143' title='bbox 115 1020 151 1047; x_wconf 77' lang='grc' dir='ltr'>τὰ</span> <span class='ocrx_word' id='word_1_144' title='bbox 173 1021 222 1056; x_wconf 85' lang='grc' dir='ltr'><strong>μὲν</strong></span> <span class='ocrx_word' id='word_1_145' title='bbox 246 1021 300 1046; x_wconf 85' lang='grc' dir='ltr'><strong>τῶν</strong></span> <span class='ocrx_word' id='word_1_146' title='bbox 318 1021 456 1055; x_wconf 84' lang='grc' dir='ltr'>πολεμίων</span> <span class='ocrx_word' id='word_1_147' title='bbox 472 1021 667 1056; x_wconf 58' lang='grc' dir='ltr'>ἐπιτριϐήσεται</span> <span class='ocrx_word' id='word_1_148' title='bbox 685 1023 732 1049; x_wconf 78' lang='grc' dir='ltr'><strong>καὶ</strong></span> <span class='ocrx_word' id='word_1_149' title='bbox 747 1023 909 1058; x_wconf 74' lang='grc' dir='ltr'>ἐξαλειφθή-</span> 
     </span>
    </p>
   </div>
   <div class='ocr_carea' id='block_1_24' title="bbox 116 1067 909 1101">
    <p class='ocr_par' dir='ltr' id='par_1_24' title="bbox 116 1067 909 1101">
     <span class='ocr_line' id='line_1_24' title="bbox 116 1067 909 1101; baseline 0.003 -7"><span class='ocrx_word' id='word_1_150' title='bbox 116 1075 193 1094; x_wconf 79' lang='grc' dir='ltr'>σεται</span> <span class='ocrx_word' id='word_1_151' title='bbox 210 1067 293 1101; x_wconf 78' lang='grc' dir='ltr'>γένη·</span> <span class='ocrx_word' id='word_1_152' title='bbox 318 1068 418 1098; x_wconf 77' lang='grc' dir='ltr'>πάντες</span> <span class='ocrx_word' id='word_1_153' title='bbox 437 1068 464 1093; x_wconf 79' lang='grc' dir='ltr'><strong>δὲ</strong></span> <span class='ocrx_word' id='word_1_154' title='bbox 480 1067 524 1094; x_wconf 69' lang='grc' dir='ltr'>τὸν</span> <span class='ocrx_word' id='word_1_155' title='bbox 539 1069 640 1094; x_wconf 84' lang='grc' dir='ltr'>οἰκεῖον</span> <span class='ocrx_word' id='word_1_156' title='bbox 656 1069 846 1096; x_wconf 82' lang='grc' dir='ltr'>ὑποκλινοῦσιν</span> <span class='ocrx_word' id='word_1_157' title='bbox 860 1071 909 1096; x_wconf 78' lang='grc' dir='ltr'><strong>ὰύ-</strong></span> 
     </span>
    </p>
   </div>
   <div class='ocr_carea' id='block_1_25' title="bbox 115 1113 910 1150">
    <p class='ocr_par' dir='ltr' id='par_1_25' title="bbox 115 1113 910 1150">
     <span class='ocr_line' id='line_1_25' title="bbox 115 1113 910 1150; baseline 0.005 -11"><span class='ocrx_word' id='word_1_158' title='bbox 115 1114 181 1150; x_wconf 79' lang='grc' dir='ltr'>χὲνα</span> <span class='ocrx_word' id='word_1_159' title='bbox 196 1113 234 1148; x_wconf 84' lang='grc' dir='ltr'>τῷ</span> <span class='ocrx_word' id='word_1_160' title='bbox 246 1113 373 1149; x_wconf 73' lang='grc' dir='ltr'>ἡμετέρῳ</span> <span class='ocrx_word' id='word_1_161' title='bbox 392 1113 463 1148; x_wconf 78' lang='grc' dir='ltr'>μετὰ</span> <span class='ocrx_word' id='word_1_162' title='bbox 478 1113 544 1141; x_wconf 79' lang='grc' dir='ltr'>Θεὸν</span> <span class='ocrx_word' id='word_1_163' title='bbox 561 1115 671 1148; x_wconf 82' lang='grc' dir='ltr'>κράτει·</span> <span class='ocrx_word' id='word_1_164' title='bbox 690 1116 786 1150; x_wconf 83' lang='grc' dir='ltr'>εἰρήνη</span> <span class='ocrx_word' id='word_1_165' title='bbox 799 1116 843 1147; x_wconf 81' lang='grc' dir='ltr'>δὲ,</span> <span class='ocrx_word' id='word_1_166' title='bbox 863 1117 910 1143; x_wconf 65' lang='grc' dir='ltr'>καὶ</span> 
     </span>
    </p>
   </div>
   <div class='ocr_carea' id='block_1_26' title="bbox 114 1158 910 1196">
    <p class='ocr_par' dir='ltr' id='par_1_26' title="bbox 114 1158 910 1196">
     <span class='ocr_line' id='line_1_26' title="bbox 114 1158 910 1196; baseline 0.005 -11"><span class='ocrx_word' id='word_1_167' title='bbox 114 1159 151 1186; x_wconf 70' lang='grc' dir='ltr'>τὰ</span> <span class='ocrx_word' id='word_1_168' title='bbox 175 1160 208 1186; x_wconf 81' lang='grc' dir='ltr'>ὲκ</span> <span class='ocrx_word' id='word_1_169' title='bbox 230 1158 331 1194; x_wconf 82' lang='grc' dir='ltr'>ταύτης</span> <span class='ocrx_word' id='word_1_170' title='bbox 352 1159 459 1193; x_wconf 80' lang='grc' dir='ltr'>ἀγαθὰ,</span> <span class='ocrx_word' id='word_1_171' title='bbox 478 1159 568 1194; x_wconf 75' lang='grc' dir='ltr'>ἀέρων</span> <span class='ocrx_word' id='word_1_172' title='bbox 583 1168 612 1186; x_wconf 85' lang='grc' dir='ltr'><strong>τε</strong></span> <span class='ocrx_word' id='word_1_173' title='bbox 629 1160 775 1196; x_wconf 78' lang='grc' dir='ltr'>εὐκρασία,</span> <span class='ocrx_word' id='word_1_174' title='bbox 792 1161 839 1188; x_wconf 69' lang='grc' dir='ltr'><strong>καὶ</strong></span> <span class='ocrx_word' id='word_1_175' title='bbox 854 1162 910 1189; x_wconf 80' lang='grc' dir='ltr'>τῶν</span> 
     </span>
    </p>
   </div>
   <div class='ocr_carea' id='block_1_27' title="bbox 115 1204 911 1240">
    <p class='ocr_par' dir='ltr' id='par_1_27' title="bbox 115 1204 911 1240">
     <span class='ocr_line' id='line_1_27' title="bbox 115 1204 911 1240; baseline 0.004 -10"><span class='ocrx_word' id='word_1_176' title='bbox 115 1204 232 1239; x_wconf 75' lang='grc' dir='ltr'>καρπῶν</span> <span class='ocrx_word' id='word_1_177' title='bbox 256 1204 371 1240; x_wconf 67' lang='grc' dir='ltr'>εὐφορία</span> <span class='ocrx_word' id='word_1_178' title='bbox 384 1226 390 1237; x_wconf 84' lang='grc'><strong>,</strong></span> <span class='ocrx_word' id='word_1_179' title='bbox 421 1205 469 1231; x_wconf 71' lang='grc' dir='ltr'>καὶ</span> <span class='ocrx_word' id='word_1_180' title='bbox 494 1204 528 1231; x_wconf 84' lang='grc' dir='ltr'>τὰ</span> <span class='ocrx_word' id='word_1_181' title='bbox 545 1204 614 1232; x_wconf 82' lang='grc' dir='ltr'>ἄλλα</span> <span class='ocrx_word' id='word_1_182' title='bbox 627 1204 654 1231; x_wconf 82' lang='grc' dir='ltr'><strong>δὲ</strong></span> <span class='ocrx_word' id='word_1_183' title='bbox 669 1205 704 1232; x_wconf 79' lang='grc' dir='ltr'>τὰ</span> <span class='ocrx_word' id='word_1_184' title='bbox 717 1205 911 1233; x_wconf 73' lang='grc' dir='ltr'>λυσιτελοῦντα</span> 
     </span>
    </p>
   </div>
   <div class='ocr_carea' id='block_1_28' title="bbox 114 1249 910 1287">
    <p class='ocr_par' dir='ltr' id='par_1_28' title="bbox 114 1249 910 1287">
     <span class='ocr_line' id='line_1_28' title="bbox 114 1249 910 1287; baseline 0.003 -11"><span class='ocrx_word' id='word_1_185' title='bbox 114 1251 171 1282; x_wconf 78' lang='grc' dir='ltr'>τοῖς</span> <span class='ocrx_word' id='word_1_186' title='bbox 196 1249 352 1283; x_wconf 74' lang='grc' dir='ltr'>ἀνθρώποις</span> <span class='ocrx_word' id='word_1_187' title='bbox 382 1250 638 1285; x_wconf 77' lang='grc' dir='ltr'>φιλοτιμηθήσεται.</span> <span class='ocrx_word' id='word_1_188' title='bbox 670 1250 763 1283; x_wconf 69' lang='grc' dir='ltr'>Οὕτως</span> <span class='ocrx_word' id='word_1_189' title='bbox 788 1251 835 1278; x_wconf 79' lang='grc' dir='ltr'><strong>οὖν</strong></span> <span class='ocrx_word' id='word_1_190' title='bbox 861 1253 910 1287; x_wconf 75' lang='grc' dir='ltr'><strong>τῆς</strong></span> 
     </span>
    </p>
   </div>
   <div class='ocr_carea' id='block_1_29' title="bbox 114 1296 909 1334">
    <p class='ocr_par' dir='ltr' id='par_1_29' title="bbox 114 1296 909 1334">
     <span class='ocr_line' id='line_1_29' title="bbox 114 1296 909 1334; baseline 0.004 -12"><span class='ocrx_word' id='word_1_191' title='bbox 114 1296 267 1332; x_wconf 78' lang='grc' dir='ltr'>ἀμωμήτου</span> <span class='ocrx_word' id='word_1_192' title='bbox 286 1296 401 1328; x_wconf 80' lang='grc' dir='ltr'>πίστεως</span> <span class='ocrx_word' id='word_1_193' title='bbox 423 1298 496 1332; x_wconf 81' lang='grc' dir='ltr'>ἡμᾶς</span> <span class='ocrx_word' id='word_1_194' title='bbox 511 1306 541 1323; x_wconf 84' lang='grc' dir='ltr'><strong>τε</strong></span> <span class='ocrx_word' id='word_1_195' title='bbox 558 1297 605 1324; x_wconf 65' lang='grc' dir='ltr'>καὶ</span> <span class='ocrx_word' id='word_1_196' title='bbox 621 1298 655 1324; x_wconf 78' lang='grc' dir='ltr'>τὰ</span> <span class='ocrx_word' id='word_1_197' title='bbox 675 1297 816 1332; x_wconf 80' lang='grc' dir='ltr'>Ῥωμαϊκὰ</span> <span class='ocrx_word' id='word_1_198' title='bbox 831 1307 909 1334; x_wconf 85' lang='grc' dir='ltr'>περι-</span> 
     </span>
    </p>
   </div>
   <div class='ocr_carea' id='block_1_30' title="bbox 116 1343 910 1380">
    <p class='ocr_par' dir='ltr' id='par_1_30' title="bbox 116 1343 910 1380">
     <span class='ocr_line' id='line_1_30' title="bbox 116 1343 910 1380; baseline 0.003 -11"><span class='ocrx_word' id='word_1_199' title='bbox 116 1343 258 1378; x_wconf 76' lang='grc' dir='ltr'>σωζοὺσης</span> <span class='ocrx_word' id='word_1_200' title='bbox 272 1343 438 1377; x_wconf 74' lang='grc' dir='ltr'>πράγματα,</span> <span class='ocrx_word' id='word_1_201' title='bbox 452 1343 561 1378; x_wconf 78' lang='grc' dir='ltr'>δεήσεις</span> <span class='ocrx_word' id='word_1_202' title='bbox 573 1344 639 1379; x_wconf 84' lang='grc' dir='ltr'>ἡμῖν</span> <span class='ocrx_word' id='word_1_203' title='bbox 652 1344 910 1380; x_wconf 72' lang='grc' dir='ltr'>προσεκομίσθησαν</span> 
     </span>
    </p>
   </div>
   <div class='ocr_carea' id='block_1_31' title="bbox 115 1389 910 1426">
    <p class='ocr_par' dir='ltr' id='par_1_31' title="bbox 115 1389 910 1426">
     <span class='ocr_line' id='line_1_31' title="bbox 115 1389 910 1426; baseline 0.003 -10"><span class='ocrx_word' id='word_1_204' title='bbox 115 1389 192 1425; x_wconf 74' lang='grc' dir='ltr'>παρὰ</span> <span class='ocrx_word' id='word_1_205' title='bbox 214 1389 348 1416; x_wconf 73' lang='grc' dir='ltr'>θεοσεϐῶν</span> <span class='ocrx_word' id='word_1_206' title='bbox 368 1389 589 1425; x_wconf 78' lang='grc' dir='ltr'>ἀρχιμανδριτῶν</span> <span class='ocrx_word' id='word_1_207' title='bbox 613 1390 659 1416; x_wconf 76' lang='grc' dir='ltr'>καὶ</span> <span class='ocrx_word' id='word_1_208' title='bbox 680 1390 835 1426; x_wconf 75' lang='grc' dir='ltr'>ἑρημιτῶν,</span> <span class='ocrx_word' id='word_1_209' title='bbox 862 1392 910 1418; x_wconf 73' lang='grc' dir='ltr'><strong>καὶ</strong></span> 
     </span>
    </p>
   </div>
   <div class='ocr_carea' id='block_1_32' title="bbox 115 1436 909 1472">
    <p class='ocr_par' dir='ltr' id='par_1_32' title="bbox 115 1436 909 1472">
     <span class='ocr_line' id='line_1_32' title="bbox 115 1436 909 1472; baseline 0.003 -9"><span class='ocrx_word' id='word_1_210' title='bbox 115 1436 218 1472; x_wconf 78' lang='grc' dir='ltr'>ἑτέρων</span> <span class='ocrx_word' id='word_1_211' title='bbox 235 1436 383 1471; x_wconf 82' lang='grc' dir='ltr'>αἱδεσίμων</span> <span class='ocrx_word' id='word_1_212' title='bbox 399 1436 521 1471; x_wconf 79' lang='grc' dir='ltr'>ἀνδρῶν,</span> <span class='ocrx_word' id='word_1_213' title='bbox 547 1437 616 1472; x_wconf 80' lang='grc' dir='ltr'>μετὰ</span> <span class='ocrx_word' id='word_1_214' title='bbox 632 1436 757 1472; x_wconf 82' lang='grc' dir='ltr'>δακρύων</span> <span class='ocrx_word' id='word_1_215' title='bbox 772 1438 909 1465; x_wconf 75' lang='grc' dir='ltr'>ἱκετευόν-</span> 
     </span>
    </p>
   </div>
   <div class='ocr_carea' id='block_1_33' title="bbox 115 1483 908 1520">
    <p class='ocr_par' dir='ltr' id='par_1_33' title="bbox 115 1483 908 1520">
     <span class='ocr_line' id='line_1_33' title="bbox 115 1483 908 1520; baseline 0.001 -10"><span class='ocrx_word' id='word_1_216' title='bbox 115 1493 179 1515; x_wconf 76' lang='grc' dir='ltr'>των,</span> <span class='ocrx_word' id='word_1_217' title='bbox 199 1484 295 1510; x_wconf 74' lang='grc' dir='ltr'>ἕνωσιν</span> <span class='ocrx_word' id='word_1_218' title='bbox 313 1483 441 1518; x_wconf 84' lang='grc' dir='ltr'>γενέσθαι</span> <span class='ocrx_word' id='word_1_219' title='bbox 461 1486 520 1515; x_wconf 82' lang='grc' dir='ltr'>ταῖς</span> <span class='ocrx_word' id='word_1_220' title='bbox 537 1484 705 1519; x_wconf 75' lang='grc' dir='ltr'>ἁγιωτάταις</span> <span class='ocrx_word' id='word_1_221' title='bbox 721 1484 908 1520; x_wconf 82' lang='grc' dir='ltr'>Ἐκκλησίαις,</span> 
     </span>
    </p>
   </div>
   <div class='ocr_carea' id='block_1_34' title="bbox 116 1530 911 1566">
    <p class='ocr_par' dir='ltr' id='par_1_34' title="bbox 116 1530 911 1566">
     <span class='ocr_line' id='line_1_34' title="bbox 116 1530 911 1566; baseline 0.001 -9"><span class='ocrx_word' id='word_1_222' title='bbox 116 1530 285 1565; x_wconf 61' lang='grc' dir='ltr'>συναφθῆναί</span> <span class='ocrx_word' id='word_1_223' title='bbox 300 1539 329 1556; x_wconf 88' lang='grc' dir='ltr'><strong>τε</strong></span> <span class='ocrx_word' id='word_1_224' title='bbox 350 1530 384 1557; x_wconf 78' lang='grc' dir='ltr'>τὰ</span> <span class='ocrx_word' id='word_1_225' title='bbox 404 1530 471 1566; x_wconf 79' lang='grc' dir='ltr'>μέλη</span> <span class='ocrx_word' id='word_1_226' title='bbox 497 1531 552 1562; x_wconf 78' lang='grc' dir='ltr'>τοῖς</span> <span class='ocrx_word' id='word_1_227' title='bbox 572 1531 695 1565; x_wconf 79' lang='grc' dir='ltr'>μέλεσιν,</span> <span class='ocrx_word' id='word_1_228' title='bbox 718 1530 790 1566; x_wconf 84' lang='grc' dir='ltr'>ἂπερ</span> <span class='ocrx_word' id='word_1_229' title='bbox 804 1532 818 1558; x_wconf 84' lang='grc' dir='ltr'><strong>ὁ</strong></span> <span class='ocrx_word' id='word_1_230' title='bbox 833 1532 911 1566; x_wconf 78' lang='grc' dir='ltr'>μισὸ-</span> 
     </span>
    </p>
   </div>
   <div class='ocr_carea' id='block_1_35' title="bbox 115 1577 907 1613">
    <p class='ocr_par' dir='ltr' id='par_1_35' title="bbox 115 1577 907 1613">
     <span class='ocr_line' id='line_1_35' title="bbox 115 1577 907 1613; baseline 0 -10"><span class='ocrx_word' id='word_1_231' title='bbox 115 1578 198 1609; x_wconf 66' lang='grc' dir='ltr'>καλος</span> <span class='ocrx_word' id='word_1_232' title='bbox 226 1577 280 1603; x_wconf 68' lang='grc' dir='ltr'><strong>ἀπὸ</strong></span> <span class='ocrx_word' id='word_1_233' title='bbox 305 1577 439 1603; x_wconf 72' lang='grc' dir='ltr'>πλείστων</span> <span class='ocrx_word' id='word_1_234' title='bbox 460 1577 564 1612; x_wconf 78' lang='grc' dir='ltr'>χρόνων</span> <span class='ocrx_word' id='word_1_235' title='bbox 585 1577 702 1612; x_wconf 75' lang='grc' dir='ltr'>χωρίσαι</span> <span class='ocrx_word' id='word_1_236' title='bbox 718 1578 907 1613; x_wconf 84' lang='grc' dir='ltr'>κατηπείχθη·</span> 
     </span>
    </p>
   </div>
   <div class='ocr_carea' id='block_1_36' title="bbox 114 1622 910 1658">
    <p class='ocr_par' dir='ltr' id='par_1_36' title="bbox 114 1622 910 1658">
     <span class='ocr_line' id='line_1_36' title="bbox 114 1622 910 1658; baseline 0.001 -9"><span class='ocrx_word' id='word_1_237' title='bbox 114 1622 307 1658; x_wconf 71' lang='grc' dir='ltr'>γινώσκων-ὠς</span> <span class='ocrx_word' id='word_1_238' title='bbox 322 1623 346 1648; x_wconf 88' lang='grc' dir='ltr'><strong>εί</strong></span> <span class='ocrx_word' id='word_1_239' title='bbox 357 1622 497 1658; x_wconf 71' lang='grc' dir='ltr'>ὁλοκλήρῳ</span> <span class='ocrx_word' id='word_1_240' title='bbox 509 1622 547 1657; x_wconf 87' lang='grc' dir='ltr'>τῷ</span> <span class='ocrx_word' id='word_1_241' title='bbox 561 1623 609 1656; x_wconf 76' lang='grc' dir='ltr'>τῆς</span> <span class='ocrx_word' id='word_1_242' title='bbox 625 1623 787 1658; x_wconf 73' lang='grc' dir='ltr'>Ἐκκλησίας</span> <span class='ocrx_word' id='word_1_243' title='bbox 804 1624 910 1658; x_wconf 78' lang='grc' dir='ltr'>σώματι</span> 
     </span>
    </p>
   </div>
   <div class='ocr_carea' id='block_1_37' title="bbox 116 1668 910 1704">
    <p class='ocr_par' dir='ltr' id='par_1_37' title="bbox 116 1668 910 1704">
     <span class='ocr_line' id='line_1_37' title="bbox 116 1668 910 1704; baseline 0 -9"><span class='ocrx_word' id='word_1_244' title='bbox 116 1668 247 1704; x_wconf 75' lang='grc' dir='ltr'>πολεμῴη</span> <span class='ocrx_word' id='word_1_245' title='bbox 264 1669 332 1703; x_wconf 75' lang='lat'><strong>(90),</strong></span> <span class='ocrx_word' id='word_1_246' title='bbox 350 1668 544 1704; x_wconf 86' lang='grc' dir='ltr'>ἡττηθήσεται.</span> <span class='ocrx_word' id='word_1_247' title='bbox 563 1668 713 1702; x_wconf 76' lang='grc' dir='ltr'>Συμὸαίνει</span> <span class='ocrx_word' id='word_1_248' title='bbox 729 1669 783 1704; x_wconf 77' lang='grc' dir='ltr'><strong>γὰρ</strong></span> <span class='ocrx_word' id='word_1_249' title='bbox 802 1670 834 1695; x_wconf 81' lang='grc' dir='ltr'>ὲκ</span> <span class='ocrx_word' id='word_1_250' title='bbox 847 1669 910 1695; x_wconf 79' lang='grc' dir='ltr'>τού-</span> 
     </span>
    </p>
   </div>
   <div class='ocr_carea' id='block_1_38' title="bbox 115 1712 910 1749">
    <p class='ocr_par' dir='ltr' id='par_1_38' title="bbox 115 1712 910 1749">
     <span class='ocr_line' id='line_1_38' title="bbox 115 1712 910 1749; baseline -0.001 -8"><span class='ocrx_word' id='word_1_251' title='bbox 115 1723 163 1741; x_wconf 83' lang='grc' dir='ltr'><strong>του</strong></span> <span class='ocrx_word' id='word_1_252' title='bbox 189 1715 236 1741; x_wconf 71' lang='grc' dir='ltr'><strong>καὶ</strong></span> <span class='ocrx_word' id='word_1_253' title='bbox 258 1714 355 1748; x_wconf 78' lang='grc' dir='ltr'>γενεὰς</span> <span class='ocrx_word' id='word_1_254' title='bbox 380 1714 583 1749; x_wconf 82' lang='grc' dir='ltr'>ἀναριθμήτους</span> <span class='ocrx_word' id='word_1_255' title='bbox 605 1712 686 1746; x_wconf 73' lang='grc' dir='ltr'>εἶναι,</span> <span class='ocrx_word' id='word_1_256' title='bbox 704 1715 769 1746; x_wconf 79' lang='grc' dir='ltr'>ὅσας</span> <span class='ocrx_word' id='word_1_257' title='bbox 785 1715 799 1740; x_wconf 86' lang='grc' dir='ltr'>ὁ</span> <span class='ocrx_word' id='word_1_258' title='bbox 814 1714 910 1749; x_wconf 82' lang='grc' dir='ltr'>χρόνος</span> 
     </span>
    </p>
   </div>
   <div class='ocr_carea' id='block_1_39' title="bbox 116 1758 909 1794">
    <p class='ocr_par' dir='ltr' id='par_1_39' title="bbox 116 1758 909 1794">
     <span class='ocr_line' id='line_1_39' title="bbox 116 1758 909 1794; baseline -0.001 -7"><span class='ocrx_word' id='word_1_259' title='bbox 116 1762 146 1787; x_wconf 77' lang='grc' dir='ltr'>ὲν</span> <span class='ocrx_word' id='word_1_260' title='bbox 160 1759 295 1792; x_wconf 73' lang='grc' dir='ltr'>τοσούτοις</span> <span class='ocrx_word' id='word_1_261' title='bbox 307 1759 378 1786; x_wconf 69' lang='grc' dir='ltr'>ἔτεσι</span> <span class='ocrx_word' id='word_1_262' title='bbox 391 1760 439 1794; x_wconf 81' lang='grc' dir='ltr'>τῆς</span> <span class='ocrx_word' id='word_1_263' title='bbox 451 1758 525 1794; x_wconf 80' lang='grc' dir='ltr'>ζωῆς</span> <span class='ocrx_word' id='word_1_264' title='bbox 539 1759 722 1793; x_wconf 78' lang='grc' dir='ltr'>ὑπεξήγαγεν·</span> <span class='ocrx_word' id='word_1_265' title='bbox 738 1760 784 1786; x_wconf 64' lang='grc' dir='ltr'>καὶ</span> <span class='ocrx_word' id='word_1_266' title='bbox 797 1759 846 1790; x_wconf 74' lang='grc' dir='ltr'><strong>τὰς</strong></span> <span class='ocrx_word' id='word_1_267' title='bbox 860 1760 909 1794; x_wconf 86' lang='grc' dir='ltr'><strong>μὲν</strong></span> 
     </span>
    </p>
   </div>
   <div class='ocr_carea' id='block_1_40' title="bbox 114 1804 911 1841">
    <p class='ocr_par' dir='ltr' id='par_1_40' title="bbox 114 1804 911 1841">
     <span class='ocr_line' id='line_1_40' title="bbox 114 1804 911 1841; baseline -0.001 -8"><span class='ocrx_word' id='word_1_268' title='bbox 114 1806 164 1833; x_wconf 79' lang='grc' dir='ltr'><strong>τοῦ</strong></span> <span class='ocrx_word' id='word_1_269' title='bbox 191 1805 305 1841; x_wconf 81' lang='grc' dir='ltr'>λουτροῦ</span> <span class='ocrx_word' id='word_1_270' title='bbox 330 1804 402 1840; x_wconf 87' lang='lat'><strong>(9|)</strong></span> <span class='ocrx_word' id='word_1_271' title='bbox 427 1805 475 1840; x_wconf 77' lang='grc' dir='ltr'>τῆς</span> <span class='ocrx_word' id='word_1_272' title='bbox 494 1804 705 1839; x_wconf 76' lang='grc' dir='ltr'>παλιγγενεσίας</span> <span class='ocrx_word' id='word_1_273' title='bbox 724 1805 911 1841; x_wconf 81' lang='grc' dir='ltr'>ὲστερημένας</span> 
     </span>
    </p>
   </div>
   <div class='ocr_carea' id='block_1_41' title="bbox 115 1850 907 1887">
    <p class='ocr_par' dir='ltr' id='par_1_41' title="bbox 115 1850 907 1887">
     <span class='ocr_line' id='line_1_41' title="bbox 115 1850 907 1887; baseline -0.001 -8"><span class='ocrx_word' id='word_1_274' title='bbox 115 1851 246 1879; x_wconf 81' lang='grc' dir='ltr'>ἀπελθεῖν</span> <span class='ocrx_word' id='word_1_275' title='bbox 256 1871 263 1884; x_wconf 96' lang='grc'><strong>,</strong></span> <span class='ocrx_word' id='word_1_276' title='bbox 281 1851 331 1882; x_wconf 77' lang='grc' dir='ltr'>τὰς</span> <span class='ocrx_word' id='word_1_277' title='bbox 345 1851 374 1877; x_wconf 79' lang='grc' dir='ltr'><strong>δὲ</strong></span> <span class='ocrx_word' id='word_1_278' title='bbox 388 1851 439 1884; x_wconf 84' lang='grc' dir='ltr'><strong>τῆς</strong></span> <span class='ocrx_word' id='word_1_279' title='bbox 453 1850 527 1882; x_wconf 82' lang='grc' dir='ltr'>θείας</span> <span class='ocrx_word' id='word_1_280' title='bbox 540 1851 684 1883; x_wconf 77' lang='grc' dir='ltr'>κοινωνίας</span> <span class='ocrx_word' id='word_1_281' title='bbox 699 1851 737 1887; x_wconf 77' lang='grc' dir='ltr'><strong>μὴ</strong></span> <span class='ocrx_word' id='word_1_282' title='bbox 752 1851 907 1887; x_wconf 75' lang='grc' dir='ltr'>μετασχού-</span> 
     </span>
    </p>
   </div>
   <div class='ocr_carea' id='block_1_42' title="bbox 115 1896 910 1933">
    <p class='ocr_par' dir='ltr' id='par_1_42' title="bbox 115 1896 910 1933">
     <span class='ocr_line' id='line_1_42' title="bbox 115 1896 910 1933; baseline 0 -8"><span class='ocrx_word' id='word_1_283' title='bbox 115 1906 177 1931; x_wconf 80' lang='grc' dir='ltr'>σας,</span> <span class='ocrx_word' id='word_1_284' title='bbox 192 1897 259 1932; x_wconf 79' lang='grc' dir='ltr'>πρὸς</span> <span class='ocrx_word' id='word_1_285' title='bbox 271 1897 321 1933; x_wconf 84' lang='grc' dir='ltr'>τὴν</span> <span class='ocrx_word' id='word_1_286' title='bbox 337 1897 392 1923; x_wconf 84' lang='grc' dir='ltr'>τῶν</span> <span class='ocrx_word' id='word_1_287' title='bbox 404 1896 557 1933; x_wconf 83' lang='grc' dir='ltr'>ἀνθρώπων</span> <span class='ocrx_word' id='word_1_288' title='bbox 573 1898 762 1933; x_wconf 81' lang='grc' dir='ltr'>ἀπαραίτητον</span> <span class='ocrx_word' id='word_1_289' title='bbox 775 1898 910 1933; x_wconf 81' lang='grc' dir='ltr'>ἐκδημίαν</span> 
     </span>
    </p>
   </div>
   <div class='ocr_carea' id='block_1_43' title="bbox 114 1943 910 1979">
    <p class='ocr_par' dir='ltr' id='par_1_43' title="bbox 114 1943 910 1979">
     <span class='ocr_line' id='line_1_43' title="bbox 114 1943 910 1979; baseline 0 -8"><span class='ocrx_word' id='word_1_290' title='bbox 114 1943 288 1979; x_wconf 77' lang='grc' dir='ltr'>ἀπαχθῆναι·</span> <span class='ocrx_word' id='word_1_291' title='bbox 304 1944 401 1978; x_wconf 80' lang='grc' dir='ltr'>φόνους</span> <span class='ocrx_word' id='word_1_292' title='bbox 413 1952 442 1970; x_wconf 86' lang='grc' dir='ltr'><strong>τε</strong></span> <span class='ocrx_word' id='word_1_293' title='bbox 453 1944 623 1979; x_wconf 83' lang='grc' dir='ltr'>τολμηθῆναι</span> <span class='ocrx_word' id='word_1_294' title='bbox 637 1945 816 1979; x_wconf 69' lang='grc' dir='ltr'>μυρίους,καὶ</span> <span class='ocrx_word' id='word_1_295' title='bbox 828 1945 910 1979; x_wconf 78' lang='grc' dir='ltr'>αἱμά-</span> 
     </span>
    </p>
   </div>
   <div class='ocr_carea' id='block_1_44' title="bbox 112 1990 909 2026">
    <p class='ocr_par' dir='ltr' id='par_1_44' title="bbox 112 1990 909 2026">
     <span class='ocr_line' id='line_1_44' title="bbox 112 1990 909 2026; baseline 0 -9"><span class='ocrx_word' id='word_1_296' title='bbox 112 1999 170 2017; x_wconf 77' lang='grc' dir='ltr'><strong>των</strong></span> <span class='ocrx_word' id='word_1_297' title='bbox 182 1990 281 2025; x_wconf 85' lang='grc' dir='ltr'>πλήθει</span> <span class='ocrx_word' id='word_1_298' title='bbox 298 1990 465 2026; x_wconf 86' lang='grc' dir='ltr'>μολυνθῆναι</span> <span class='ocrx_word' id='word_1_299' title='bbox 484 1990 522 2025; x_wconf 87' lang='grc' dir='ltr'>μὴ</span> <span class='ocrx_word' id='word_1_300' title='bbox 538 1990 683 2026; x_wconf 75' lang='grc' dir='ltr'>μόνον’τὴν</span> <span class='ocrx_word' id='word_1_301' title='bbox 696 1991 758 2025; x_wconf 81' lang='grc' dir='ltr'>γῆν,</span> <span class='ocrx_word' id='word_1_302' title='bbox 779 1990 846 2016; x_wconf 71' lang='grc' dir='ltr'>ἀλλὰ</span> <span class='ocrx_word' id='word_1_303' title='bbox 861 1991 909 2017; x_wconf 79' lang='grc' dir='ltr'><strong>καὶ</strong></span> 
     </span>
    </p>
   </div>
   <div class='ocr_carea' id='block_1_45' title="bbox 113 2035 911 2071">
    <p class='ocr_par' dir='ltr' id='par_1_45' title="bbox 113 2035 911 2071">
     <span class='ocr_line' id='line_1_45' title="bbox 113 2035 911 2071; baseline 0 -9"><span class='ocrx_word' id='word_1_304' title='bbox 113 2036 197 2063; x_wconf 80' lang='grc' dir='ltr'>αὑτὸν</span> <span class='ocrx_word' id='word_1_305' title='bbox 214 2037 259 2062; x_wconf 78' lang='grc' dir='ltr'>τὸν</span> <span class='ocrx_word' id='word_1_306' title='bbox 275 2037 353 2071; x_wconf 78' lang='grc' dir='ltr'>ἀέρα.</span> <span class='ocrx_word' id='word_1_307' title='bbox 373 2036 467 2063; x_wconf 82' lang='grc' dir='ltr'>Ταῦτα</span> <span class='ocrx_word' id='word_1_308' title='bbox 481 2036 523 2067; x_wconf 80' lang='grc' dir='ltr'><strong>τίς</strong></span> <span class='ocrx_word' id='word_1_309' title='bbox 538 2035 590 2063; x_wconf 88' lang='grc' dir='ltr'><strong>οὑκ</strong></span> <span class='ocrx_word' id='word_1_310' title='bbox 602 2035 635 2062; x_wconf 84' lang='grc' dir='ltr'><strong>ἂν</strong></span> <span class='ocrx_word' id='word_1_311' title='bbox 650 2037 689 2068; x_wconf 89' lang='grc' dir='ltr'><strong>είς</strong></span> <span class='ocrx_word' id='word_1_312' title='bbox 702 2036 732 2062; x_wconf 76' lang='grc' dir='ltr'>τὸ</span> <span class='ocrx_word' id='word_1_313' title='bbox 746 2036 848 2071; x_wconf 80' lang='grc' dir='ltr'>ἀγαθὸν</span> <span class='ocrx_word' id='word_1_314' title='bbox 863 2046 911 2070; x_wconf 88' lang='grc' dir='ltr'>με-</span> 
     </span>
    </p>
   </div>
   <div class='ocr_carea' id='block_1_46' title="bbox 113 2081 912 2117">
    <p class='ocr_par' dir='ltr' id='par_1_46' title="bbox 113 2081 912 2117">
     <span class='ocr_line' id='line_1_46' title="bbox 113 2081 912 2117; baseline 0.001 -10"><span class='ocrx_word' id='word_1_315' title='bbox 113 2081 335 2116; x_wconf 75' lang='grc' dir='ltr'>τασκευασθῆναι</span> <span class='ocrx_word' id='word_1_316' title='bbox 350 2081 542 2117; x_wconf 75' lang='grc' dir='ltr'>προσεύξοιτος</span> <span class='ocrx_word' id='word_1_317' title='bbox 554 2081 603 2109; x_wconf 82' lang='grc' dir='ltr'><strong>Διά</strong></span> <span class='ocrx_word' id='word_1_318' title='bbox 612 2090 653 2108; x_wconf 87' lang='grc' dir='ltr'><strong>τοι</strong></span> <span class='ocrx_word' id='word_1_319' title='bbox 666 2082 754 2115; x_wconf 85' lang='grc' dir='ltr'>τοῦτο,</span> <span class='ocrx_word' id='word_1_320' title='bbox 767 2081 912 2116; x_wconf 81' lang='grc' dir='ltr'>γινώσκειν</span> 
     </span>
    </p>
   </div>
   <div class='ocr_carea' id='block_1_47' title="bbox 114 2127 908 2163">
    <p class='ocr_par' dir='ltr' id='par_1_47' title="bbox 114 2127 908 2163">
     <span class='ocr_line' id='line_1_47' title="bbox 114 2127 908 2163; baseline 0 -9"><span class='ocrx_word' id='word_1_321' title='bbox 114 2127 189 2163; x_wconf 73' lang='grc' dir='ltr'>ὑμᾶς</span> <span class='ocrx_word' id='word_1_322' title='bbox 205 2127 412 2162; x_wconf 73' lang='grc' dir='ltr'>ἐσπουδάσαμεν</span> <span class='ocrx_word' id='word_1_323' title='bbox 423 2147 430 2159; x_wconf 98' lang='grc'><strong>,</strong></span> <span class='ocrx_word' id='word_1_324' title='bbox 448 2127 489 2154; x_wconf 80' lang='grc' dir='ltr'>ὃτι</span> <span class='ocrx_word' id='word_1_325' title='bbox 508 2128 555 2154; x_wconf 74' lang='grc' dir='ltr'>καὶ</span> <span class='ocrx_word' id='word_1_326' title='bbox 569 2128 649 2163; x_wconf 78' lang='grc' dir='ltr'>ἡμεῖς</span> <span class='ocrx_word' id='word_1_327' title='bbox 665 2128 713 2155; x_wconf 70' lang='grc' dir='ltr'>καὶ</span> <span class='ocrx_word' id='word_1_328' title='bbox 727 2129 755 2154; x_wconf 68' lang='grc' dir='ltr'>αἱ</span> <span class='ocrx_word' id='word_1_329' title='bbox 769 2127 908 2163; x_wconf 84' lang='grc' dir='ltr'>πανταχοῦ</span> 
     </span>
    </p>
   </div>
   <div class='ocr_carea' id='block_1_48' title="bbox 113 2173 911 2209">
    <p class='ocr_par' dir='ltr' id='par_1_48' title="bbox 113 2173 911 2209">
     <span class='ocr_line' id='line_1_48' title="bbox 113 2173 911 2209; baseline -0.003 -9"><span class='ocrx_word' id='word_1_330' title='bbox 113 2173 277 2208; x_wconf 80' lang='grc' dir='ltr'>Ἐκκλησίαι</span> <span class='ocrx_word' id='word_1_331' title='bbox 293 2173 386 2207; x_wconf 74' lang='grc' dir='ltr'>ἕτερον</span> <span class='ocrx_word' id='word_1_332' title='bbox 403 2173 538 2209; x_wconf 71' lang='grc' dir='ltr'>σύμϐολον</span> <span class='ocrx_word' id='word_1_333' title='bbox 554 2173 570 2209; x_wconf 84' lang='grc' dir='ltr'>ἢ</span> <span class='ocrx_word' id='word_1_334' title='bbox 590 2173 706 2208; x_wconf 81' lang='grc' dir='ltr'>μάθημα</span> <span class='ocrx_word' id='word_1_335' title='bbox 718 2194 725 2206; x_wconf 89' lang='grc'><strong>,</strong></span> <span class='ocrx_word' id='word_1_336' title='bbox 748 2173 764 2208; x_wconf 87' lang='grc' dir='ltr'>ἢ</span> <span class='ocrx_word' id='word_1_337' title='bbox 786 2174 849 2209; x_wconf 80' lang='grc' dir='ltr'>ὅρον</span> <span class='ocrx_word' id='word_1_338' title='bbox 865 2173 911 2199; x_wconf 86' lang='grc' dir='ltr'>πί-</span> 
     </span>
    </p>
   </div>
   <div class='ocr_carea' id='block_1_49' title="bbox 964 244 1752 279">
    <p class='ocr_par' dir='ltr' id='par_1_49' title="bbox 964 244 1752 279">
     <span class='ocr_line' id='line_1_49' title="bbox 964 244 1752 279; baseline 0 -8"><span class='ocrx_word' id='word_1_339' title='bbox 964 244 1053 272; x_wconf 90' lang='lat' dir='ltr'><strong>decim</strong></span> <span class='ocrx_word' id='word_1_340' title='bbox 1066 244 1153 272; x_wconf 86' lang='lat' dir='ltr'><strong>sancti</strong></span> <span class='ocrx_word' id='word_1_341' title='bbox 1164 245 1259 272; x_wconf 86' lang='lat' dir='ltr'><strong>Patres</strong></span> <span class='ocrx_word' id='word_1_342' title='bbox 1268 245 1364 272; x_wconf 63' lang='lat' dir='ltr'><strong>Nicaeae</strong></span> <span class='ocrx_word' id='word_1_343' title='bbox 1373 244 1542 279; x_wconf 77' lang='lat' dir='ltr'><strong>congregati,</strong></span> <span class='ocrx_word' id='word_1_344' title='bbox 1557 244 1650 272; x_wconf 87' lang='lat' dir='ltr'><strong>divina</strong></span> <span class='ocrx_word' id='word_1_345' title='bbox 1666 244 1752 279; x_wconf 54' lang='lat' dir='ltr'><strong>inspia</strong></span> 
     </span>
    </p>
   </div>
   <div class='ocr_carea' id='block_1_50' title="bbox 964 290 1751 327">
    <p class='ocr_par' dir='ltr' id='par_1_50' title="bbox 964 290 1751 327">
     <span class='ocr_line' id='line_1_50' title="bbox 964 290 1751 327; baseline 0.003 -10"><span class='ocrx_word' id='word_1_346' title='bbox 964 290 1070 318; x_wconf 76' lang='lat' dir='ltr'><strong>ratione</strong></span> <span class='ocrx_word' id='word_1_347' title='bbox 1085 296 1290 326; x_wconf 84' lang='lat' dir='ltr'><strong>exposuerunt:</strong></span> <span class='ocrx_word' id='word_1_348' title='bbox 1307 295 1417 318; x_wconf 87' lang='lat' dir='ltr'><strong>centum</strong></span> <span class='ocrx_word' id='word_1_349' title='bbox 1432 298 1497 318; x_wconf 91' lang='lat' dir='ltr'><strong>vero</strong></span> <span class='ocrx_word' id='word_1_350' title='bbox 1511 295 1538 317; x_wconf 83' lang='lat' dir='ltr'><strong>et</strong></span> <span class='ocrx_word' id='word_1_351' title='bbox 1552 291 1751 327; x_wconf 86' lang='lat' dir='ltr'><strong>quinquaginta</strong></span> 
     </span>
    </p>
   </div>
   <div class='ocr_carea' id='block_1_51' title="bbox 963 334 1751 369">
    <p class='ocr_par' dir='ltr' id='par_1_51' title="bbox 963 334 1751 369">
     <span class='ocr_line' id='line_1_51' title="bbox 963 334 1751 369; baseline 0 -7"><span class='ocrx_word' id='word_1_352' title='bbox 963 334 1058 362; x_wconf 86' lang='lat' dir='ltr'><strong>itidem</strong></span> <span class='ocrx_word' id='word_1_353' title='bbox 1073 335 1159 362; x_wconf 89' lang='lat' dir='ltr'><strong>sancti</strong></span> <span class='ocrx_word' id='word_1_354' title='bbox 1176 335 1272 363; x_wconf 78' lang='lat' dir='ltr'><strong>Patres</strong></span> <span class='ocrx_word' id='word_1_355' title='bbox 1290 334 1529 369; x_wconf 85' lang='lat' dir='ltr'><strong>Constantinopoli</strong></span> <span class='ocrx_word' id='word_1_356' title='bbox 1552 335 1660 362; x_wconf 90' lang='lat' dir='ltr'><strong>collecti</strong></span> <span class='ocrx_word' id='word_1_357' title='bbox 1683 343 1751 362; x_wconf 92' lang='lat' dir='ltr'><strong>con-</strong></span> 
     </span>
    </p>
   </div>
   <div class='ocr_carea' id='block_1_52' title="bbox 964 380 1750 416">
    <p class='ocr_par' dir='ltr' id='par_1_52' title="bbox 964 380 1750 416">
     <span class='ocr_line' id='line_1_52' title="bbox 964 380 1750 416; baseline 0 -8"><span class='ocrx_word' id='word_1_358' title='bbox 964 381 1120 414; x_wconf 78' lang='lat' dir='ltr'><strong>firmarunt,</strong></span> <span class='ocrx_word' id='word_1_359' title='bbox 1135 381 1182 408; x_wconf 89' lang='lat' dir='ltr'><strong>diu</strong></span> <span class='ocrx_word' id='word_1_360' title='bbox 1199 385 1346 416; x_wconf 77' lang='lat' dir='ltr'><strong>noctuque.</strong></span> <span class='ocrx_word' id='word_1_361' title='bbox 1359 381 1433 407; x_wconf 93' lang='lat' dir='ltr'><strong>omni</strong></span> <span class='ocrx_word' id='word_1_362' title='bbox 1447 381 1538 408; x_wconf 89' lang='lat' dir='ltr'><strong>studio</strong></span> <span class='ocrx_word' id='word_1_363' title='bbox 1557 389 1588 408; x_wconf 91' lang='lat' dir='ltr'><strong>ac</strong></span> <span class='ocrx_word' id='word_1_364' title='bbox 1608 380 1750 416; x_wconf 81' lang='lat' dir='ltr'><strong>diligentia</strong></span> 
     </span>
    </p>
   </div>
   <div class='ocr_carea' id='block_1_53' title="bbox 962 427 1750 463">
    <p class='ocr_par' dir='ltr' id='par_1_53' title="bbox 962 427 1750 463">
     <span class='ocr_line' id='line_1_53' title="bbox 962 427 1750 463; baseline -0.001 -8"><span class='ocrx_word' id='word_1_365' title='bbox 962 433 990 455; x_wconf 90' lang='lat' dir='ltr'><strong>et</strong></span> <span class='ocrx_word' id='word_1_366' title='bbox 1007 428 1114 463; x_wconf 79' lang='lat' dir='ltr'><strong>legibus</strong></span> <span class='ocrx_word' id='word_1_367' title='bbox 1129 428 1234 455; x_wconf 86' lang='lat' dir='ltr'><strong>nostris</strong></span> <span class='ocrx_word' id='word_1_368' title='bbox 1259 427 1285 454; x_wconf 88' lang='lat' dir='ltr'><strong>id</strong></span> <span class='ocrx_word' id='word_1_369' title='bbox 1310 428 1425 462; x_wconf 80' lang='lat' dir='ltr'><strong>agimus.</strong></span> <span class='ocrx_word' id='word_1_370' title='bbox 1451 432 1481 454; x_wconf 88' lang='lat' dir='ltr'><strong>ut</strong></span> <span class='ocrx_word' id='word_1_371' title='bbox 1501 427 1602 461; x_wconf 90' lang='lat' dir='ltr'><strong>ubique</strong></span> <span class='ocrx_word' id='word_1_372' title='bbox 1626 427 1750 454; x_wconf 82' lang='lat' dir='ltr'><strong>locorum</strong></span> 
     </span>
    </p>
   </div>
   <div class='ocr_carea' id='block_1_54' title="bbox 963 471 1751 507">
    <p class='ocr_par' dir='ltr' id='par_1_54' title="bbox 963 471 1751 507">
     <span class='ocr_line' id='line_1_54' title="bbox 963 471 1751 507; baseline 0 -8"><span class='ocrx_word' id='word_1_373' title='bbox 963 477 1058 500; x_wconf 85' lang='lat' dir='ltr'><strong>sancta</strong></span> <span class='ocrx_word' id='word_1_374' title='bbox 1084 472 1222 499; x_wconf 85' lang='lat' dir='ltr'><strong>catholica</strong></span> <span class='ocrx_word' id='word_1_375' title='bbox 1243 475 1271 498; x_wconf 90' lang='lat' dir='ltr'><strong>et</strong></span> <span class='ocrx_word' id='word_1_376' title='bbox 1292 471 1442 506; x_wconf 86' lang='lat' dir='ltr'><strong>apostolica</strong></span> <span class='ocrx_word' id='word_1_377' title='bbox 1465 471 1513 498; x_wconf 94' lang='lat' dir='ltr'><strong>Dei</strong></span> <span class='ocrx_word' id='word_1_378' title='bbox 1535 472 1669 504; x_wconf 84' lang='lat' dir='ltr'><strong>Ecclesia,</strong></span> <span class='ocrx_word' id='word_1_379' title='bbox 1690 480 1751 507; x_wconf 59' lang='lat' dir='ltr'><strong>qua;</strong></span> 
     </span>
    </p>
   </div>
   <div class='ocr_carea' id='block_1_55' title="bbox 964 517 1751 552">
    <p class='ocr_par' dir='ltr' id='par_1_55' title="bbox 964 517 1751 552">
     <span class='ocr_line' id='line_1_55' title="bbox 964 517 1751 552; baseline 0 -8"><span class='ocrx_word' id='word_1_380' title='bbox 964 517 1123 552; x_wconf 83' lang='lat' dir='ltr'><strong>incorrupta</strong></span> <span class='ocrx_word' id='word_1_381' title='bbox 1143 521 1225 552; x_wconf 87' lang='lat' dir='ltr'><strong>atque</strong></span> <span class='ocrx_word' id='word_1_382' title='bbox 1246 517 1407 545; x_wconf 85' lang='lat' dir='ltr'><strong>immortalis</strong></span> <span class='ocrx_word' id='word_1_383' title='bbox 1422 521 1464 544; x_wconf 88' lang='lat' dir='ltr'><strong>est</strong></span> <span class='ocrx_word' id='word_1_384' title='bbox 1480 522 1567 544; x_wconf 85' lang='lat' dir='ltr'><strong>mater</strong></span> <span class='ocrx_word' id='word_1_385' title='bbox 1580 523 1751 552; x_wconf 72' lang='lat' dir='ltr'><strong>sceptrorum</strong></span> 
     </span>
    </p>
   </div>
   <div class='ocr_carea' id='block_1_56' title="bbox 963 562 1752 599">
    <p class='ocr_par' dir='ltr' id='par_1_56' title="bbox 963 562 1752 599">
     <span class='ocr_line' id='line_1_56' title="bbox 963 562 1752 599; baseline 0.001 -9"><span class='ocrx_word' id='word_1_386' title='bbox 963 568 1132 596; x_wconf 93' lang='lat' dir='ltr'><strong>nostrorum,</strong></span> <span class='ocrx_word' id='word_1_387' title='bbox 1150 571 1201 599; x_wconf 88' lang='lat' dir='ltr'><strong>per</strong></span> <span class='ocrx_word' id='word_1_388' title='bbox 1217 563 1291 591; x_wconf 87' lang='lat' dir='ltr'><strong>illam</strong></span> <span class='ocrx_word' id='word_1_389' title='bbox 1314 571 1396 598; x_wconf 88' lang='lat' dir='ltr'><strong>quam</strong></span> <span class='ocrx_word' id='word_1_390' title='bbox 1413 562 1470 591; x_wconf 79' lang='lat' dir='ltr'><strong>dixi</strong></span> <span class='ocrx_word' id='word_1_391' title='bbox 1489 562 1570 590; x_wconf 90' lang='lat' dir='ltr'><strong>ﬁdem</strong></span> <span class='ocrx_word' id='word_1_392' title='bbox 1586 563 1752 599; x_wconf 90' lang='lat' dir='ltr'><strong>multiplice-</strong></span> 
     </span>
    </p>
   </div>
   <div class='ocr_carea' id='block_1_57' title="bbox 965 609 1753 645">
    <p class='ocr_par' dir='ltr' id='par_1_57' title="bbox 965 609 1753 645">
     <span class='ocr_line' id='line_1_57' title="bbox 965 609 1753 645; baseline 0.001 -9"><span class='ocrx_word' id='word_1_393' title='bbox 965 613 1029 637; x_wconf 88' lang='lat' dir='ltr'><strong>tur:</strong></span> <span class='ocrx_word' id='word_1_394' title='bbox 1048 613 1134 645; x_wconf 87' lang='lat' dir='ltr'><strong>utque</strong></span> <span class='ocrx_word' id='word_1_395' title='bbox 1150 610 1188 645; x_wconf 90' lang='lat' dir='ltr'><strong>pii</strong></span> <span class='ocrx_word' id='word_1_396' title='bbox 1206 609 1311 645; x_wconf 88' lang='lat' dir='ltr'><strong>populi,</strong></span> <span class='ocrx_word' id='word_1_397' title='bbox 1331 610 1358 636; x_wconf 92' lang='lat' dir='ltr'><strong>in</strong></span> <span class='ocrx_word' id='word_1_398' title='bbox 1376 617 1444 644; x_wconf 88' lang='lat' dir='ltr'><strong>pace</strong></span> <span class='ocrx_word' id='word_1_399' title='bbox 1459 613 1486 636; x_wconf 92' lang='lat' dir='ltr'><strong>et</strong></span> <span class='ocrx_word' id='word_1_400' title='bbox 1504 609 1532 636; x_wconf 92' lang='lat' dir='ltr'><strong>in</strong></span> <span class='ocrx_word' id='word_1_401' title='bbox 1553 617 1585 636; x_wconf 87' lang='lat' dir='ltr'><strong>ea</strong></span> <span class='ocrx_word' id='word_1_402' title='bbox 1605 618 1664 644; x_wconf 66' lang='lat' dir='ltr'><strong>qua:</strong></span> <span class='ocrx_word' id='word_1_403' title='bbox 1678 611 1753 638; x_wconf 87' lang='lat' dir='ltr'><strong>circa</strong></span> 
     </span>
    </p>
   </div>
   <div class='ocr_carea' id='block_1_58' title="bbox 962 655 1754 690">
    <p class='ocr_par' dir='ltr' id='par_1_58' title="bbox 962 655 1754 690">
     <span class='ocr_line' id='line_1_58' title="bbox 962 655 1754 690; baseline 0.001 -8"><span class='ocrx_word' id='word_1_404' title='bbox 962 656 1048 682; x_wconf 90' lang='lat' dir='ltr'><strong>Deum</strong></span> <span class='ocrx_word' id='word_1_405' title='bbox 1067 660 1110 683; x_wconf 88' lang='lat' dir='ltr'><strong>est</strong></span> <span class='ocrx_word' id='word_1_406' title='bbox 1130 655 1279 683; x_wconf 89' lang='lat' dir='ltr'><strong>concordia</strong></span> <span class='ocrx_word' id='word_1_407' title='bbox 1299 659 1518 690; x_wconf 79' lang='lat' dir='ltr'><strong>perseverantes,</strong></span> <span class='ocrx_word' id='word_1_408' title='bbox 1537 663 1592 682; x_wconf 88' lang='lat' dir='ltr'><strong>una</strong></span> <span class='ocrx_word' id='word_1_409' title='bbox 1614 663 1677 683; x_wconf 90' lang='lat' dir='ltr'><strong>cum</strong></span> <span class='ocrx_word' id='word_1_410' title='bbox 1697 656 1754 683; x_wconf 92' lang='lat' dir='ltr'><strong>Deo</strong></span> 
     </span>
    </p>
   </div>
   <div class='ocr_carea' id='block_1_59' title="bbox 963 701 1755 737">
    <p class='ocr_par' dir='ltr' id='par_1_59' title="bbox 963 701 1755 737">
     <span class='ocr_line' id='line_1_59' title="bbox 963 701 1755 737; baseline 0.001 -9"><span class='ocrx_word' id='word_1_411' title='bbox 963 701 1133 729; x_wconf 87' lang='lat' dir='ltr'><strong>charissimis</strong></span> <span class='ocrx_word' id='word_1_412' title='bbox 1154 702 1304 736; x_wconf 83' lang='lat' dir='ltr'><strong>episcopis,</strong></span> <span class='ocrx_word' id='word_1_413' title='bbox 1319 707 1347 729; x_wconf 92' lang='lat' dir='ltr'><strong>et</strong></span> <span class='ocrx_word' id='word_1_414' title='bbox 1362 701 1578 737; x_wconf 82' lang='lat' dir='ltr'><strong>religiosissimis</strong></span> <span class='ocrx_word' id='word_1_415' title='bbox 1595 701 1714 734; x_wconf 88' lang='lat' dir='ltr'><strong>clericis,</strong></span> <span class='ocrx_word' id='word_1_416' title='bbox 1727 706 1755 729; x_wconf 81' lang='lat' dir='ltr'><strong>et</strong></span> 
     </span>
    </p>
   </div>
   <div class='ocr_carea' id='block_1_60' title="bbox 962 749 1756 783">
    <p class='ocr_par' dir='ltr' id='par_1_60' title="bbox 962 749 1756 783">
     <span class='ocr_line' id='line_1_60' title="bbox 962 749 1756 783; baseline -0.003 -5"><span class='ocrx_word' id='word_1_417' title='bbox 962 750 1186 778; x_wconf 86' lang='lat' dir='ltr'><strong>archimandritis</strong></span> <span class='ocrx_word' id='word_1_418' title='bbox 1209 754 1238 776; x_wconf 88' lang='lat' dir='ltr'><strong>et</strong></span> <span class='ocrx_word' id='word_1_419' title='bbox 1259 749 1413 781; x_wconf 82' lang='lat' dir='ltr'><strong>monachis,</strong></span> <span class='ocrx_word' id='word_1_420' title='bbox 1440 754 1565 783; x_wconf 85' lang='lat' dir='ltr'><strong>acceptas</strong></span> <span class='ocrx_word' id='word_1_421' title='bbox 1588 749 1643 776; x_wconf 91' lang='lat' dir='ltr'><strong>Deo</strong></span> <span class='ocrx_word' id='word_1_422' title='bbox 1659 756 1756 783; x_wconf 83' lang='lat' dir='ltr'><strong>preces</strong></span> 
     </span>
    </p>
   </div>
   <div class='ocr_carea' id='block_1_61' title="bbox 962 794 1755 831">
    <p class='ocr_par' dir='ltr' id='par_1_61' title="bbox 962 794 1755 831">
     <span class='ocr_line' id='line_1_61' title="bbox 962 794 1755 831; baseline -0.003 -7"><span class='ocrx_word' id='word_1_423' title='bbox 962 797 1082 824; x_wconf 82' lang='lat' dir='ltr'><strong>oﬁ‘erant</strong></span> <span class='ocrx_word' id='word_1_424' title='bbox 1099 804 1148 831; x_wconf 90' lang='lat' dir='ltr'><strong>pro</strong></span> <span class='ocrx_word' id='word_1_425' title='bbox 1162 795 1279 830; x_wconf 89' lang='lat' dir='ltr'><strong>imperio</strong></span> <span class='ocrx_word' id='word_1_426' title='bbox 1293 800 1397 822; x_wconf 87' lang='lat' dir='ltr'><strong>nostro.</strong></span> <span class='ocrx_word' id='word_1_427' title='bbox 1411 794 1538 828; x_wconf 86' lang='lat' dir='ltr'><strong>Quandiu</strong></span> <span class='ocrx_word' id='word_1_428' title='bbox 1553 795 1627 822; x_wconf 92' lang='lat' dir='ltr'><strong>enim</strong></span> <span class='ocrx_word' id='word_1_429' title='bbox 1641 802 1755 829; x_wconf 82' lang='lat' dir='ltr'><strong>magnus</strong></span> 
     </span>
    </p>
   </div>
   <div class='ocr_carea' id='block_1_62' title="bbox 962 840 1756 875">
    <p class='ocr_par' dir='ltr' id='par_1_62' title="bbox 962 840 1756 875">
     <span class='ocr_line' id='line_1_62' title="bbox 962 840 1756 875; baseline -0.004 -5"><span class='ocrx_word' id='word_1_430' title='bbox 962 843 1035 870; x_wconf 88' lang='lat' dir='ltr'><strong>Deus</strong></span> <span class='ocrx_word' id='word_1_431' title='bbox 1048 848 1075 870; x_wconf 88' lang='lat' dir='ltr'><strong>ct</strong></span> <span class='ocrx_word' id='word_1_432' title='bbox 1088 842 1219 870; x_wconf 87' lang='lat' dir='ltr'><strong>Servalor</strong></span> <span class='ocrx_word' id='word_1_433' title='bbox 1233 846 1327 868; x_wconf 86' lang='lat' dir='ltr'><strong>noster</strong></span> <span class='ocrx_word' id='word_1_434' title='bbox 1342 841 1423 868; x_wconf 72' lang='lat' dir='ltr'><strong>Iesus</strong></span> <span class='ocrx_word' id='word_1_435' title='bbox 1436 840 1573 872; x_wconf 83' lang='lat' dir='ltr'><strong>Christus,</strong></span> <span class='ocrx_word' id='word_1_436' title='bbox 1586 841 1632 875; x_wconf 91' lang='lat' dir='ltr'><strong>qui</strong></span> <span class='ocrx_word' id='word_1_437' title='bbox 1647 848 1680 867; x_wconf 84' lang='lat' dir='ltr'><strong>ex</strong></span> <span class='ocrx_word' id='word_1_438' title='bbox 1694 848 1756 867; x_wconf 85' lang='lat' dir='ltr'><strong>san-</strong></span> 
     </span>
    </p>
   </div>
   <div class='ocr_carea' id='block_1_63' title="bbox 963 885 1756 923">
    <p class='ocr_par' dir='ltr' id='par_1_63' title="bbox 963 885 1756 923">
     <span class='ocr_line' id='line_1_63' title="bbox 963 885 1756 923; baseline -0.006 -6"><span class='ocrx_word' id='word_1_439' title='bbox 963 893 1007 917; x_wconf 86' lang='lat' dir='ltr'><strong>cta</strong></span> <span class='ocrx_word' id='word_1_440' title='bbox 1030 888 1141 923; x_wconf 84' lang='lat' dir='ltr'><strong>Virgine</strong></span> <span class='ocrx_word' id='word_1_441' title='bbox 1166 896 1197 915; x_wconf 87' lang='lat' dir='ltr'><strong>ac</strong></span> <span class='ocrx_word' id='word_1_442' title='bbox 1215 887 1262 914; x_wconf 91' lang='lat' dir='ltr'><strong>Dei</strong></span> <span class='ocrx_word' id='word_1_443' title='bbox 1280 886 1419 914; x_wconf 83' lang='lat' dir='ltr'><strong>Genitrice</strong></span> <span class='ocrx_word' id='word_1_444' title='bbox 1443 885 1527 913; x_wconf 85' lang='lat' dir='ltr'><strong>Maria</strong></span> <span class='ocrx_word' id='word_1_445' title='bbox 1550 885 1709 913; x_wconf 79' lang='lat' dir='ltr'><strong>incarnatus</strong></span> <span class='ocrx_word' id='word_1_446' title='bbox 1726 890 1756 913; x_wconf 84' lang='lat' dir='ltr'><strong>et</strong></span> 
     </span>
    </p>
   </div>
   <div class='ocr_carea' id='block_1_64' title="bbox 964 932 1756 967">
    <p class='ocr_par' dir='ltr' id='par_1_64' title="bbox 964 932 1756 967">
     <span class='ocr_line' id='line_1_64' title="bbox 964 932 1756 967; baseline -0.003 -5"><span class='ocrx_word' id='word_1_447' title='bbox 964 939 1046 963; x_wconf 87' lang='lat' dir='ltr'><strong>natus</strong></span> <span class='ocrx_word' id='word_1_448' title='bbox 1064 939 1116 967; x_wconf 88' lang='lat' dir='ltr'><strong>est,</strong></span> <span class='ocrx_word' id='word_1_449' title='bbox 1132 934 1325 961; x_wconf 80' lang='lat' dir='ltr'><strong>concinentem</strong></span> <span class='ocrx_word' id='word_1_450' title='bbox 1341 933 1464 959; x_wconf 92' lang='lat' dir='ltr'><strong>omnium</strong></span> <span class='ocrx_word' id='word_1_451' title='bbox 1477 937 1602 960; x_wconf 89' lang='lat' dir='ltr'><strong>nostrum</strong></span> <span class='ocrx_word' id='word_1_452' title='bbox 1620 932 1756 967; x_wconf 83' lang='lat' dir='ltr'><strong>gloriﬁca-</strong></span> 
     </span>
    </p>
   </div>
   <div class='ocr_carea' id='block_1_65' title="bbox 964 978 1756 1014">
    <p class='ocr_par' dir='ltr' id='par_1_65' title="bbox 964 978 1756 1014">
     <span class='ocr_line' id='line_1_65' title="bbox 964 978 1756 1014; baseline -0.004 -6"><span class='ocrx_word' id='word_1_453' title='bbox 964 981 1068 1008; x_wconf 88' lang='lat' dir='ltr'><strong>tionem</strong></span> <span class='ocrx_word' id='word_1_454' title='bbox 1085 981 1246 1014; x_wconf 82' lang='lat' dir='ltr'><strong>cultumque</strong></span> <span class='ocrx_word' id='word_1_455' title='bbox 1272 978 1466 1013; x_wconf 83' lang='lat' dir='ltr'><strong>approbaverit</strong></span> <span class='ocrx_word' id='word_1_456' title='bbox 1481 983 1508 1005; x_wconf 90' lang='lat' dir='ltr'><strong>et</strong></span> <span class='ocrx_word' id='word_1_457' title='bbox 1528 978 1645 1013; x_wconf 81' lang='lat' dir='ltr'><strong>benigne</strong></span> <span class='ocrx_word' id='word_1_458' title='bbox 1661 986 1756 1005; x_wconf 85' lang='lat' dir='ltr'><strong>susce-</strong></span> 
     </span>
    </p>
   </div>
   <div class='ocr_carea' id='block_1_66' title="bbox 964 1024 1756 1062">
    <p class='ocr_par' dir='ltr' id='par_1_66' title="bbox 964 1024 1756 1062">
     <span class='ocr_line' id='line_1_66' title="bbox 964 1024 1756 1062; baseline -0.003 -9"><span class='ocrx_word' id='word_1_459' title='bbox 964 1027 1047 1062; x_wconf 86' lang='lat' dir='ltr'><strong>perit,</strong></span> <span class='ocrx_word' id='word_1_460' title='bbox 1066 1033 1161 1053; x_wconf 85' lang='lat' dir='ltr'><strong>omues</strong></span> <span class='ocrx_word' id='word_1_461' title='bbox 1178 1025 1289 1060; x_wconf 85' lang='lat' dir='ltr'><strong>quidem</strong></span> <span class='ocrx_word' id='word_1_462' title='bbox 1315 1025 1409 1052; x_wconf 87' lang='lat' dir='ltr'><strong>hostes</strong></span> <span class='ocrx_word' id='word_1_463' title='bbox 1424 1028 1606 1052; x_wconf 90' lang='lat' dir='ltr'><strong>conterentur</strong></span> <span class='ocrx_word' id='word_1_464' title='bbox 1625 1032 1658 1051; x_wconf 91' lang='lat' dir='ltr'><strong>ac</strong></span> <span class='ocrx_word' id='word_1_465' title='bbox 1680 1024 1756 1051; x_wconf 89' lang='lat' dir='ltr'><strong>dele-</strong></span> 
     </span>
    </p>
   </div>
   <div class='ocr_carea' id='block_1_67' title="bbox 963 1072 1756 1105">
    <p class='ocr_par' dir='ltr' id='par_1_67' title="bbox 963 1072 1756 1105">
     <span class='ocr_line' id='line_1_67' title="bbox 963 1072 1756 1105; baseline -0.004 -6"><span class='ocrx_word' id='word_1_466' title='bbox 963 1072 1089 1099; x_wconf 87' lang='lat' dir='ltr'><strong>buntur:</strong></span> <span class='ocrx_word' id='word_1_467' title='bbox 1113 1072 1250 1098; x_wconf 64' lang='lat' dir='ltr'><strong>universte</strong></span> <span class='ocrx_word' id='word_1_468' title='bbox 1273 1075 1364 1097; x_wconf 86' lang='lat' dir='ltr'><strong>autem</strong></span> <span class='ocrx_word' id='word_1_469' title='bbox 1390 1074 1486 1105; x_wconf 80' lang='lat' dir='ltr'><strong>gentes</strong></span> <span class='ocrx_word' id='word_1_470' title='bbox 1509 1075 1611 1097; x_wconf 63' lang='lat' dir='ltr'><strong>nostra:</strong></span> <span class='ocrx_word' id='word_1_471' title='bbox 1631 1078 1691 1104; x_wconf 72' lang='lat' dir='ltr'><strong>qua:</strong></span> <span class='ocrx_word' id='word_1_472' title='bbox 1712 1078 1756 1097; x_wconf 83' lang='lat' dir='ltr'><strong>se-</strong></span> 
     </span>
    </p>
   </div>
   <div class='ocr_carea' id='block_1_68' title="bbox 964 1117 1754 1152">
    <p class='ocr_par' dir='ltr' id='par_1_68' title="bbox 964 1117 1754 1152">
     <span class='ocr_line' id='line_1_68' title="bbox 964 1117 1754 1152; baseline -0.003 -7"><span class='ocrx_word' id='word_1_473' title='bbox 964 1118 1084 1146; x_wconf 86' lang='lat' dir='ltr'><strong>cundum</strong></span> <span class='ocrx_word' id='word_1_474' title='bbox 1101 1118 1188 1145; x_wconf 88' lang='lat' dir='ltr'><strong>Deum</strong></span> <span class='ocrx_word' id='word_1_475' title='bbox 1203 1121 1245 1145; x_wconf 87' lang='lat' dir='ltr'><strong>est</strong></span> <span class='ocrx_word' id='word_1_476' title='bbox 1266 1117 1395 1152; x_wconf 86' lang='lat' dir='ltr'><strong>potestati</strong></span> <span class='ocrx_word' id='word_1_477' title='bbox 1411 1117 1482 1144; x_wconf 87' lang='lat' dir='ltr'><strong>colla</strong></span> <span class='ocrx_word' id='word_1_478' title='bbox 1499 1117 1684 1143; x_wconf 86' lang='lat' dir='ltr'><strong>submittent:</strong></span> <span class='ocrx_word' id='word_1_479' title='bbox 1700 1117 1754 1143; x_wconf 80' lang='lat' dir='ltr'><strong>Pax</strong></span> 
     </span>
    </p>
   </div>
   <div class='ocr_carea' id='block_1_69' title="bbox 963 1162 1753 1198">
    <p class='ocr_par' dir='ltr' id='par_1_69' title="bbox 963 1162 1753 1198">
     <span class='ocr_line' id='line_1_69' title="bbox 963 1162 1753 1198; baseline -0.001 -8"><span class='ocrx_word' id='word_1_480' title='bbox 963 1163 1094 1198; x_wconf 88' lang='lat' dir='ltr'><strong>denique,</strong></span> <span class='ocrx_word' id='word_1_481' title='bbox 1118 1167 1145 1190; x_wconf 86' lang='lat' dir='ltr'><strong>et</strong></span> <span class='ocrx_word' id='word_1_482' title='bbox 1170 1171 1231 1197; x_wconf 59' lang='lat' dir='ltr'><strong>quw</strong></span> <span class='ocrx_word' id='word_1_483' title='bbox 1253 1171 1285 1190; x_wconf 85' lang='lat' dir='ltr'><strong>ex</strong></span> <span class='ocrx_word' id='word_1_484' title='bbox 1306 1170 1372 1198; x_wconf 85' lang='lat' dir='ltr'><strong>pace</strong></span> <span class='ocrx_word' id='word_1_485' title='bbox 1397 1163 1562 1197; x_wconf 87' lang='lat' dir='ltr'><strong>proveniunt</strong></span> <span class='ocrx_word' id='word_1_486' title='bbox 1586 1162 1666 1194; x_wconf 87' lang='lat' dir='ltr'><strong>bona,</strong></span> <span class='ocrx_word' id='word_1_487' title='bbox 1690 1163 1753 1189; x_wconf 69' lang='grc' dir='ltr'><strong>ρωιὶ</strong></span> 
     </span>
    </p>
   </div>
   <div class='ocr_carea' id='block_1_70' title="bbox 965 1209 1755 1244">
    <p class='ocr_par' dir='ltr' id='par_1_70' title="bbox 965 1209 1755 1244">
     <span class='ocr_line' id='line_1_70' title="bbox 965 1209 1755 1244; baseline 0 -7"><span class='ocrx_word' id='word_1_488' title='bbox 965 1210 1127 1244; x_wconf 84' lang='lat' dir='ltr'><strong>temperies,</strong></span> <span class='ocrx_word' id='word_1_489' title='bbox 1156 1209 1264 1244; x_wconf 76' lang='lat' dir='ltr'><strong>frugum</strong></span> <span class='ocrx_word' id='word_1_490' title='bbox 1297 1209 1424 1241; x_wconf 80' lang='lat' dir='ltr'><strong>ubertas,</strong></span> <span class='ocrx_word' id='word_1_491' title='bbox 1451 1213 1479 1236; x_wconf 86' lang='lat' dir='ltr'><strong>et</strong></span> <span class='ocrx_word' id='word_1_492' title='bbox 1505 1217 1676 1243; x_wconf 58' lang='lat' dir='ltr'><strong>quascunque</strong></span> <span class='ocrx_word' id='word_1_493' title='bbox 1702 1210 1755 1237; x_wconf 81' lang='lat' dir='ltr'><strong>alia</strong></span> 
     </span>
    </p>
   </div>
   <div class='ocr_carea' id='block_1_71' title="bbox 964 1254 1755 1290">
    <p class='ocr_par' dir='ltr' id='par_1_71' title="bbox 964 1254 1755 1290">
     <span class='ocr_line' id='line_1_71' title="bbox 964 1254 1755 1290; baseline -0.001 -8"><span class='ocrx_word' id='word_1_494' title='bbox 964 1255 1118 1286; x_wconf 81' lang='lat' dir='ltr'><strong>commoda,</strong></span> <span class='ocrx_word' id='word_1_495' title='bbox 1139 1255 1297 1281; x_wconf 87' lang='lat' dir='ltr'><strong>hominibus</strong></span> <span class='ocrx_word' id='word_1_496' title='bbox 1313 1254 1500 1281; x_wconf 84' lang='lat' dir='ltr'><strong>donabuntur.</strong></span> <span class='ocrx_word' id='word_1_497' title='bbox 1520 1254 1588 1282; x_wconf 87' lang='lat' dir='ltr'><strong>Cum</strong></span> <span class='ocrx_word' id='word_1_498' title='bbox 1605 1262 1669 1290; x_wconf 83' lang='lat' dir='ltr'><strong>ergo</strong></span> <span class='ocrx_word' id='word_1_499' title='bbox 1685 1255 1755 1281; x_wconf 80' lang='lat' dir='ltr'><strong>irrc-</strong></span> 
     </span>
    </p>
   </div>
   <div class='ocr_carea' id='block_1_72' title="bbox 964 1299 1756 1336">
    <p class='ocr_par' dir='ltr' id='par_1_72' title="bbox 964 1299 1756 1336">
     <span class='ocr_line' id='line_1_72' title="bbox 964 1299 1756 1336; baseline -0.001 -8"><span class='ocrx_word' id='word_1_500' title='bbox 964 1300 1160 1336; x_wconf 86' lang='lat' dir='ltr'><strong>prehensibilis</strong></span> <span class='ocrx_word' id='word_1_501' title='bbox 1179 1299 1255 1331; x_wconf 80' lang='lat' dir='ltr'><strong>lides,</strong></span> <span class='ocrx_word' id='word_1_502' title='bbox 1274 1304 1301 1327; x_wconf 89' lang='lat' dir='ltr'><strong>et</strong></span> <span class='ocrx_word' id='word_1_503' title='bbox 1315 1308 1373 1336; x_wconf 75' lang='lat' dir='ltr'><strong>nos,</strong></span> <span class='ocrx_word' id='word_1_504' title='bbox 1388 1304 1416 1327; x_wconf 84' lang='lat' dir='ltr'><strong>et</strong></span> <span class='ocrx_word' id='word_1_505' title='bbox 1437 1299 1635 1334; x_wconf 75' lang='lat' dir='ltr'><strong>rempublicam</strong></span> <span class='ocrx_word' id='word_1_506' title='bbox 1656 1300 1756 1327; x_wconf 76' lang='lat' dir='ltr'><strong>Itoma-</strong></span> 
     </span>
    </p>
   </div>
   <div class='ocr_carea' id='block_1_73' title="bbox 964 1345 1755 1380">
    <p class='ocr_par' dir='ltr' id='par_1_73' title="bbox 964 1345 1755 1380">
     <span class='ocr_line' id='line_1_73' title="bbox 964 1345 1755 1380; baseline 0 -6"><span class='ocrx_word' id='word_1_507' title='bbox 964 1355 1027 1374; x_wconf 88' lang='lat' dir='ltr'><strong>nam</strong></span> <span class='ocrx_word' id='word_1_508' title='bbox 1054 1347 1090 1374; x_wconf 84' lang='lat' dir='ltr'><strong>ita</strong></span> <span class='ocrx_word' id='word_1_509' title='bbox 1116 1351 1274 1378; x_wconf 83' lang='lat' dir='ltr'><strong>conservet,</strong></span> <span class='ocrx_word' id='word_1_510' title='bbox 1300 1353 1397 1380; x_wconf 81' lang='lat' dir='ltr'><strong>preces</strong></span> <span class='ocrx_word' id='word_1_511' title='bbox 1423 1345 1504 1373; x_wconf 89' lang='lat' dir='ltr'><strong>nobis</strong></span> <span class='ocrx_word' id='word_1_512' title='bbox 1529 1346 1627 1373; x_wconf 71' lang='lat' dir='ltr'><strong>oblata:</strong></span> <span class='ocrx_word' id='word_1_513' title='bbox 1651 1351 1715 1374; x_wconf 86' lang='lat' dir='ltr'><strong>sunt</strong></span> <span class='ocrx_word' id='word_1_514' title='bbox 1740 1355 1755 1374; x_wconf 88' lang='lat' dir='ltr'><strong>a</strong></span> 
     </span>
    </p>
   </div>
   <div class='ocr_carea' id='block_1_74' title="bbox 964 1392 1756 1429">
    <p class='ocr_par' dir='ltr' id='par_1_74' title="bbox 964 1392 1756 1429">
     <span class='ocr_line' id='line_1_74' title="bbox 964 1392 1756 1429; baseline -0.001 -8"><span class='ocrx_word' id='word_1_515' title='bbox 964 1393 1180 1429; x_wconf 80' lang='lat' dir='ltr'><strong>religiosissimis</strong></span> <span class='ocrx_word' id='word_1_516' title='bbox 1207 1392 1433 1419; x_wconf 85' lang='lat' dir='ltr'><strong>archimandritis</strong></span> <span class='ocrx_word' id='word_1_517' title='bbox 1457 1396 1485 1418; x_wconf 87' lang='lat' dir='ltr'><strong>et</strong></span> <span class='ocrx_word' id='word_1_518' title='bbox 1508 1392 1633 1419; x_wconf 83' lang='lat' dir='ltr'><strong>crcmitis</strong></span> <span class='ocrx_word' id='word_1_519' title='bbox 1650 1397 1676 1420; x_wconf 85' lang='lat' dir='ltr'><strong>ct</strong></span> <span class='ocrx_word' id='word_1_520' title='bbox 1695 1393 1756 1420; x_wconf 86' lang='lat' dir='ltr'><strong>aliis</strong></span> 
     </span>
    </p>
   </div>
   <div class='ocr_carea' id='block_1_75' title="bbox 965 1437 1757 1474">
    <p class='ocr_par' dir='ltr' id='par_1_75' title="bbox 965 1437 1757 1474">
     <span class='ocr_line' id='line_1_75' title="bbox 965 1437 1757 1474; baseline -0.001 -8"><span class='ocrx_word' id='word_1_521' title='bbox 965 1439 1125 1467; x_wconf 88' lang='lat' dir='ltr'><strong>reverendis</strong></span> <span class='ocrx_word' id='word_1_522' title='bbox 1138 1438 1308 1469; x_wconf 87' lang='lat' dir='ltr'><strong>hominibus,</strong></span> <span class='ocrx_word' id='word_1_523' title='bbox 1327 1437 1374 1472; x_wconf 90' lang='lat' dir='ltr'><strong>qui</strong></span> <span class='ocrx_word' id='word_1_524' title='bbox 1392 1446 1453 1464; x_wconf 90' lang='lat' dir='ltr'><strong>cum</strong></span> <span class='ocrx_word' id='word_1_525' title='bbox 1473 1438 1601 1474; x_wconf 77' lang='lat' dir='ltr'><strong>lacryntis</strong></span> <span class='ocrx_word' id='word_1_526' title='bbox 1620 1439 1757 1473; x_wconf 88' lang='lat' dir='ltr'><strong>supplica-</strong></span> 
     </span>
    </p>
   </div>
   <div class='ocr_carea' id='block_1_76' title="bbox 964 1483 1757 1517">
    <p class='ocr_par' dir='ltr' id='par_1_76' title="bbox 964 1483 1757 1517">
     <span class='ocr_line' id='line_1_76' title="bbox 964 1483 1757 1517; baseline -0.001 -4"><span class='ocrx_word' id='word_1_527' title='bbox 964 1485 1045 1517; x_wconf 84' lang='lat' dir='ltr'><strong>bant,</strong></span> <span class='ocrx_word' id='word_1_528' title='bbox 1071 1489 1100 1512; x_wconf 91' lang='lat' dir='ltr'><strong>ut</strong></span> <span class='ocrx_word' id='word_1_529' title='bbox 1125 1485 1216 1511; x_wconf 86' lang='lat' dir='ltr'><strong>unitas</strong></span> <span class='ocrx_word' id='word_1_530' title='bbox 1248 1483 1326 1511; x_wconf 79' lang='lat' dir='ltr'><strong>ﬁeret</strong></span> <span class='ocrx_word' id='word_1_531' title='bbox 1353 1484 1534 1511; x_wconf 84' lang='lat' dir='ltr'><strong>sanctissimis</strong></span> <span class='ocrx_word' id='word_1_532' title='bbox 1559 1484 1703 1516; x_wconf 69' lang='lat' dir='ltr'><strong>Ecclesiis,</strong></span> <span class='ocrx_word' id='word_1_533' title='bbox 1728 1492 1757 1513; x_wconf 88' lang='lat' dir='ltr'><strong>et</strong></span> 
     </span>
    </p>
   </div>
   <div class='ocr_carea' id='block_1_77' title="bbox 965 1531 1756 1565">
    <p class='ocr_par' dir='ltr' id='par_1_77' title="bbox 965 1531 1756 1565">
     <span class='ocr_line' id='line_1_77' title="bbox 965 1531 1756 1565; baseline 0 -6"><span class='ocrx_word' id='word_1_534' title='bbox 965 1532 1089 1559; x_wconf 88' lang='lat' dir='ltr'><strong>membra</strong></span> <span class='ocrx_word' id='word_1_535' title='bbox 1109 1531 1240 1558; x_wconf 75' lang='lat' dir='ltr'><strong>membris</strong></span> <span class='ocrx_word' id='word_1_536' title='bbox 1254 1531 1497 1565; x_wconf 73' lang='lat' dir='ltr'><strong>conjungercntur,</strong></span> <span class='ocrx_word' id='word_1_537' title='bbox 1518 1539 1578 1565; x_wconf 73' lang='lat' dir='ltr'><strong>qua:</strong></span> <span class='ocrx_word' id='word_1_538' title='bbox 1592 1531 1656 1558; x_wconf 86' lang='lat' dir='ltr'><strong>boni</strong></span> <span class='ocrx_word' id='word_1_539' title='bbox 1674 1531 1756 1559; x_wconf 87' lang='lat' dir='ltr'><strong>totius</strong></span> 
     </span>
    </p>
   </div>
   <div class='ocr_carea' id='block_1_78' title="bbox 963 1577 1757 1613">
    <p class='ocr_par' dir='ltr' id='par_1_78' title="bbox 963 1577 1757 1613">
     <span class='ocr_line' id='line_1_78' title="bbox 963 1577 1757 1613; baseline -0.001 -8"><span class='ocrx_word' id='word_1_540' title='bbox 963 1577 1266 1613; x_wconf 86' lang='lat' dir='ltr'><strong>inimicusjamdudum</strong></span> <span class='ocrx_word' id='word_1_541' title='bbox 1282 1585 1296 1604; x_wconf 75' lang='grc' dir='ltr'><strong>ιι</strong></span> <span class='ocrx_word' id='word_1_542' title='bbox 1310 1585 1339 1604; x_wconf 87' lang='lat' dir='ltr'><strong>se</strong></span> <span class='ocrx_word' id='word_1_543' title='bbox 1357 1577 1475 1603; x_wconf 81' lang='lat' dir='ltr'><strong>invicem</strong></span> <span class='ocrx_word' id='word_1_544' title='bbox 1497 1577 1654 1612; x_wconf 79' lang='lat' dir='ltr'><strong>disjungere</strong></span> <span class='ocrx_word' id='word_1_545' title='bbox 1675 1585 1757 1604; x_wconf 81' lang='lat' dir='ltr'><strong>cona-</strong></span> 
     </span>
    </p>
   </div>
   <div class='ocr_carea' id='block_1_79' title="bbox 962 1622 1757 1657">
    <p class='ocr_par' dir='ltr' id='par_1_79' title="bbox 962 1622 1757 1657">
     <span class='ocr_line' id='line_1_79' title="bbox 962 1622 1757 1657; baseline -0.004 -6"><span class='ocrx_word' id='word_1_546' title='bbox 962 1629 1006 1651; x_wconf 88' lang='lat' dir='ltr'><strong>tus</strong></span> <span class='ocrx_word' id='word_1_547' title='bbox 1027 1628 1088 1651; x_wconf 89' lang='lat' dir='ltr'><strong>est:</strong></span> <span class='ocrx_word' id='word_1_548' title='bbox 1117 1623 1209 1651; x_wconf 87' lang='lat' dir='ltr'><strong>sciens</strong></span> <span class='ocrx_word' id='word_1_549' title='bbox 1233 1630 1273 1655; x_wconf 85' lang='lat' dir='ltr'><strong>se,</strong></span> <span class='ocrx_word' id='word_1_550' title='bbox 1298 1622 1320 1649; x_wconf 87' lang='lat' dir='ltr'><strong>si</strong></span> <span class='ocrx_word' id='word_1_551' title='bbox 1347 1623 1485 1657; x_wconf 82' lang='lat' dir='ltr'><strong>integrum</strong></span> <span class='ocrx_word' id='word_1_552' title='bbox 1501 1622 1631 1649; x_wconf 70' lang='lat' dir='ltr'><strong>Ecclesiae</strong></span> <span class='ocrx_word' id='word_1_553' title='bbox 1656 1630 1757 1656; x_wconf 77' lang='lat' dir='ltr'><strong>corpus</strong></span> 
     </span>
    </p>
   </div>
   <div class='ocr_carea' id='block_1_80' title="bbox 961 1667 1756 1704">
    <p class='ocr_par' dir='ltr' id='par_1_80' title="bbox 961 1667 1756 1704">
     <span class='ocr_line' id='line_1_80' title="bbox 961 1667 1756 1704; baseline -0.004 -8"><span class='ocrx_word' id='word_1_554' title='bbox 961 1669 1177 1704; x_wconf 86' lang='lat' dir='ltr'><strong>impugnaverit,</strong></span> <span class='ocrx_word' id='word_1_555' title='bbox 1210 1668 1290 1695; x_wconf 80' lang='lat' dir='ltr'><strong>facile</strong></span> <span class='ocrx_word' id='word_1_556' title='bbox 1320 1675 1380 1695; x_wconf 71' lang='lat' dir='ltr'><strong>esse</strong></span> <span class='ocrx_word' id='word_1_557' title='bbox 1414 1668 1612 1702; x_wconf 86' lang='lat' dir='ltr'><strong>superandum.</strong></span> <span class='ocrx_word' id='word_1_558' title='bbox 1636 1668 1675 1694; x_wconf 81' lang='lat' dir='ltr'><strong>Ex</strong></span> <span class='ocrx_word' id='word_1_559' title='bbox 1703 1667 1756 1694; x_wconf 90' lang='lat' dir='ltr'><strong>hoc</strong></span> 
     </span>
    </p>
   </div>
   <div class='ocr_carea' id='block_1_81' title="bbox 961 1713 1756 1750">
    <p class='ocr_par' dir='ltr' id='par_1_81' title="bbox 961 1713 1756 1750">
     <span class='ocr_line' id='line_1_81' title="bbox 961 1713 1756 1750; baseline -0.004 -8"><span class='ocrx_word' id='word_1_560' title='bbox 961 1715 1035 1742; x_wconf 89' lang='lat' dir='ltr'><strong>enim</strong></span> <span class='ocrx_word' id='word_1_561' title='bbox 1052 1714 1177 1750; x_wconf 87' lang='lat' dir='ltr'><strong>contigit,</strong></span> <span class='ocrx_word' id='word_1_562' title='bbox 1194 1719 1223 1740; x_wconf 90' lang='lat' dir='ltr'><strong>ut</strong></span> <span class='ocrx_word' id='word_1_563' title='bbox 1239 1713 1450 1740; x_wconf 87' lang='lat' dir='ltr'><strong>innumerabilis</strong></span> <span class='ocrx_word' id='word_1_564' title='bbox 1467 1713 1610 1740; x_wconf 85' lang='lat' dir='ltr'><strong>hominum</strong></span> <span class='ocrx_word' id='word_1_565' title='bbox 1628 1713 1756 1740; x_wconf 90' lang='lat' dir='ltr'><strong>multitu-</strong></span> 
     </span>
    </p>
   </div>
   <div class='ocr_carea' id='block_1_82' title="bbox 961 1759 1755 1796">
    <p class='ocr_par' dir='ltr' id='par_1_82' title="bbox 961 1759 1755 1796">
     <span class='ocr_line' id='line_1_82' title="bbox 961 1759 1755 1796; baseline -0.003 -8"><span class='ocrx_word' id='word_1_566' title='bbox 961 1761 1008 1793; x_wconf 88' lang='lat' dir='ltr'><strong>do,</strong></span> <span class='ocrx_word' id='word_1_567' title='bbox 1026 1769 1107 1796; x_wconf 85' lang='lat' dir='ltr'><strong>quam</strong></span> <span class='ocrx_word' id='word_1_568' title='bbox 1130 1765 1170 1788; x_wconf 90' lang='lat' dir='ltr'><strong>tot</strong></span> <span class='ocrx_word' id='word_1_569' title='bbox 1189 1768 1326 1788; x_wconf 87' lang='lat' dir='ltr'><strong>annorum</strong></span> <span class='ocrx_word' id='word_1_570' title='bbox 1342 1759 1430 1794; x_wconf 86' lang='lat' dir='ltr'><strong>spatio</strong></span> <span class='ocrx_word' id='word_1_571' title='bbox 1447 1759 1755 1794; x_wconf 75' lang='lat' dir='ltr'><strong>temporislonginqui-</strong></span> 
     </span>
    </p>
   </div>
   <div class='ocr_carea' id='block_1_83' title="bbox 962 1805 1756 1840">
    <p class='ocr_par' dir='ltr' id='par_1_83' title="bbox 962 1805 1756 1840">
     <span class='ocr_line' id='line_1_83' title="bbox 962 1805 1756 1840; baseline -0.004 -6"><span class='ocrx_word' id='word_1_572' title='bbox 962 1810 1004 1834; x_wconf 91' lang='lat' dir='ltr'><strong>tas</strong></span> <span class='ocrx_word' id='word_1_573' title='bbox 1028 1815 1061 1834; x_wconf 78' lang='lat' dir='ltr'><strong>ex</strong></span> <span class='ocrx_word' id='word_1_574' title='bbox 1081 1807 1132 1834; x_wconf 90' lang='lat' dir='ltr'><strong>hac</strong></span> <span class='ocrx_word' id='word_1_575' title='bbox 1145 1807 1205 1834; x_wconf 90' lang='lat' dir='ltr'><strong>luce</strong></span> <span class='ocrx_word' id='word_1_576' title='bbox 1232 1806 1383 1837; x_wconf 79' lang='lat' dir='ltr'><strong>subtraxit,</strong></span> <span class='ocrx_word' id='word_1_577' title='bbox 1411 1806 1510 1840; x_wconf 79' lang='lat' dir='ltr'><strong>partim</strong></span> <span class='ocrx_word' id='word_1_578' title='bbox 1534 1805 1756 1840; x_wconf 81' lang='lat' dir='ltr'><strong>regenerationis</strong></span> 
     </span>
    </p>
   </div>
   <div class='ocr_carea' id='block_1_84' title="bbox 961 1851 1757 1887">
    <p class='ocr_par' dir='ltr' id='par_1_84' title="bbox 961 1851 1757 1887">
     <span class='ocr_line' id='line_1_84' title="bbox 961 1851 1757 1887; baseline -0.001 -7"><span class='ocrx_word' id='word_1_579' title='bbox 961 1855 1071 1881; x_wconf 78' lang='lat' dir='ltr'><strong>lavacro</strong></span> <span class='ocrx_word' id='word_1_580' title='bbox 1094 1853 1219 1880; x_wconf 85' lang='lat' dir='ltr'><strong>fraudata</strong></span> <span class='ocrx_word' id='word_1_581' title='bbox 1242 1853 1390 1883; x_wconf 87' lang='lat' dir='ltr'><strong>interierit,</strong></span> <span class='ocrx_word' id='word_1_582' title='bbox 1414 1851 1513 1887; x_wconf 85' lang='lat' dir='ltr'><strong>partim</strong></span> <span class='ocrx_word' id='word_1_583' title='bbox 1529 1851 1634 1886; x_wconf 88' lang='lat' dir='ltr'><strong>absque</strong></span> <span class='ocrx_word' id='word_1_584' title='bbox 1657 1851 1757 1879; x_wconf 63' lang='lat' dir='ltr'><strong>divinae</strong></span> 
     </span>
    </p>
   </div>
   <div class='ocr_carea' id='block_1_85' title="bbox 961 1897 1752 1934">
    <p class='ocr_par' dir='ltr' id='par_1_85' title="bbox 961 1897 1752 1934">
     <span class='ocr_line' id='line_1_85' title="bbox 961 1897 1752 1934; baseline -0.004 -7"><span class='ocrx_word' id='word_1_585' title='bbox 961 1900 1165 1928; x_wconf 84' lang='lat' dir='ltr'><strong>communionis</strong></span> <span class='ocrx_word' id='word_1_586' title='bbox 1183 1899 1362 1934; x_wconf 90' lang='lat' dir='ltr'><strong>perceptione</strong></span> <span class='ocrx_word' id='word_1_587' title='bbox 1378 1907 1410 1926; x_wconf 78' lang='lat' dir='ltr'><strong>ex</strong></span> <span class='ocrx_word' id='word_1_588' title='bbox 1427 1899 1477 1926; x_wconf 85' lang='lat' dir='ltr'><strong>hac</strong></span> <span class='ocrx_word' id='word_1_589' title='bbox 1492 1898 1547 1925; x_wconf 90' lang='lat' dir='ltr'><strong>vita</strong></span> <span class='ocrx_word' id='word_1_590' title='bbox 1574 1897 1752 1933; x_wconf 81' lang='lat' dir='ltr'><strong>migraverit:</strong></span> 
     </span>
    </p>
   </div>
   <div class='ocr_carea' id='block_1_86' title="bbox 961 1943 1756 1981">
    <p class='ocr_par' dir='ltr' id='par_1_86' title="bbox 961 1943 1756 1981">
     <span class='ocr_line' id='line_1_86' title="bbox 961 1943 1756 1981; baseline -0.003 -8"><span class='ocrx_word' id='word_1_591' title='bbox 961 1951 1047 1981; x_wconf 91' lang='lat' dir='ltr'><strong>utque</strong></span> <span class='ocrx_word' id='word_1_592' title='bbox 1070 1946 1221 1973; x_wconf 78' lang='lat' dir='ltr'><strong>innumerae</strong></span> <span class='ocrx_word' id='word_1_593' title='bbox 1241 1945 1329 1972; x_wconf 63' lang='lat' dir='ltr'><strong>cmdes</strong></span> <span class='ocrx_word' id='word_1_594' title='bbox 1347 1949 1513 1980; x_wconf 77' lang='lat' dir='ltr'><strong>perpetratae</strong></span> <span class='ocrx_word' id='word_1_595' title='bbox 1536 1944 1602 1976; x_wconf 88' lang='lat' dir='ltr'><strong>sint,</strong></span> <span class='ocrx_word' id='word_1_596' title='bbox 1628 1948 1655 1970; x_wconf 75' lang='lat' dir='ltr'><strong>et</strong></span> <span class='ocrx_word' id='word_1_597' title='bbox 1675 1943 1756 1971; x_wconf 83' lang='lat' dir='ltr'><strong>eﬁ‘usi</strong></span> 
     </span>
    </p>
   </div>
   <div class='ocr_carea' id='block_1_87' title="bbox 961 1989 1755 2025">
    <p class='ocr_par' dir='ltr' id='par_1_87' title="bbox 961 1989 1755 2025">
     <span class='ocr_line' id='line_1_87' title="bbox 961 1989 1755 2025; baseline -0.003 -8"><span class='ocrx_word' id='word_1_598' title='bbox 961 1990 1103 2025; x_wconf 83' lang='lat' dir='ltr'><strong>sanguinis</strong></span> <span class='ocrx_word' id='word_1_599' title='bbox 1126 1991 1205 2025; x_wconf 82' lang='lat' dir='ltr'><strong>copia</strong></span> <span class='ocrx_word' id='word_1_600' title='bbox 1229 1998 1284 2017; x_wconf 90' lang='lat' dir='ltr'><strong>non</strong></span> <span class='ocrx_word' id='word_1_601' title='bbox 1311 1995 1383 2017; x_wconf 89' lang='lat' dir='ltr'><strong>terra</strong></span> <span class='ocrx_word' id='word_1_602' title='bbox 1406 1990 1507 2021; x_wconf 89' lang='lat' dir='ltr'><strong>solum,</strong></span> <span class='ocrx_word' id='word_1_603' title='bbox 1529 1989 1576 2016; x_wconf 76' lang='lat' dir='ltr'><strong>Sed</strong></span> <span class='ocrx_word' id='word_1_604' title='bbox 1604 1989 1686 2017; x_wconf 86' lang='lat' dir='ltr'><strong>etiam</strong></span> <span class='ocrx_word' id='word_1_605' title='bbox 1709 1996 1755 2016; x_wconf 85' lang='lat' dir='ltr'><strong>aer</strong></span> 
     </span>
    </p>
   </div>
   <div class='ocr_carea' id='block_1_88' title="bbox 962 2035 1756 2071">
    <p class='ocr_par' dir='ltr' id='par_1_88' title="bbox 962 2035 1756 2071">
     <span class='ocr_line' id='line_1_88' title="bbox 962 2035 1756 2071; baseline -0.005 -7"><span class='ocrx_word' id='word_1_606' title='bbox 962 2037 1021 2071; x_wconf 88' lang='lat' dir='ltr'><strong>ipse</strong></span> <span class='ocrx_word' id='word_1_607' title='bbox 1036 2036 1073 2064; x_wconf 91' lang='lat' dir='ltr'><strong>sit</strong></span> <span class='ocrx_word' id='word_1_608' title='bbox 1086 2036 1299 2064; x_wconf 87' lang='lat' dir='ltr'><strong>contaminatus.</strong></span> <span class='ocrx_word' id='word_1_609' title='bbox 1316 2035 1380 2069; x_wconf 75' lang='lat' dir='ltr'><strong>Qua:</strong></span> <span class='ocrx_word' id='word_1_610' title='bbox 1396 2035 1521 2070; x_wconf 84' lang='lat' dir='ltr'><strong>quidem.</strong></span> <span class='ocrx_word' id='word_1_611' title='bbox 1535 2035 1756 2069; x_wconf 87' lang='lat' dir='ltr'><strong>quotusquisque</strong></span> 
     </span>
    </p>
   </div>
   <div class='ocr_carea' id='block_1_89' title="bbox 961 2080 1756 2116">
    <p class='ocr_par' dir='ltr' id='par_1_89' title="bbox 961 2080 1756 2116">
     <span class='ocr_line' id='line_1_89' title="bbox 961 2080 1756 2116; baseline -0.005 -7"><span class='ocrx_word' id='word_1_612' title='bbox 961 2085 1004 2109; x_wconf 85' lang='lat' dir='ltr'><strong>est</strong></span> <span class='ocrx_word' id='word_1_613' title='bbox 1020 2081 1068 2116; x_wconf 93' lang='lat' dir='ltr'><strong>qui</strong></span> <span class='ocrx_word' id='word_1_614' title='bbox 1084 2089 1138 2109; x_wconf 90' lang='lat' dir='ltr'><strong>non</strong></span> <span class='ocrx_word' id='word_1_615' title='bbox 1155 2081 1293 2116; x_wconf 84' lang='lat' dir='ltr'><strong>optaverit</strong></span> <span class='ocrx_word' id='word_1_616' title='bbox 1308 2081 1335 2107; x_wconf 91' lang='lat' dir='ltr'><strong>in</strong></span> <span class='ocrx_word' id='word_1_617' title='bbox 1352 2080 1493 2107; x_wconf 87' lang='lat' dir='ltr'><strong>meliorem</strong></span> <span class='ocrx_word' id='word_1_618' title='bbox 1513 2083 1615 2107; x_wconf 88' lang='lat' dir='ltr'><strong>statum</strong></span> <span class='ocrx_word' id='word_1_619' title='bbox 1632 2086 1756 2106; x_wconf 89' lang='lat' dir='ltr'><strong>commu-</strong></span> 
     </span>
    </p>
   </div>
   <div class='ocr_carea' id='block_1_90' title="bbox 962 2127 1757 2162">
    <p class='ocr_par' dir='ltr' id='par_1_90' title="bbox 962 2127 1757 2162">
     <span class='ocr_line' id='line_1_90' title="bbox 962 2127 1757 2162; baseline -0.004 -8"><span class='ocrx_word' id='word_1_620' title='bbox 962 2127 1036 2155; x_wconf 85' lang='lat' dir='ltr'><strong>tari?</strong></span> <span class='ocrx_word' id='word_1_621' title='bbox 1056 2127 1232 2162; x_wconf 85' lang='lat' dir='ltr'><strong>Quapropter</strong></span> <span class='ocrx_word' id='word_1_622' title='bbox 1248 2127 1321 2154; x_wconf 89' lang='lat' dir='ltr'><strong>scire</strong></span> <span class='ocrx_word' id='word_1_623' title='bbox 1341 2134 1390 2153; x_wconf 79' lang='lat' dir='ltr'><strong>vos</strong></span> <span class='ocrx_word' id='word_1_624' title='bbox 1406 2127 1545 2157; x_wconf 86' lang='lat' dir='ltr'><strong>volumus,</strong></span> <span class='ocrx_word' id='word_1_625' title='bbox 1565 2132 1616 2152; x_wconf 90' lang='lat' dir='ltr'><strong>nec</strong></span> <span class='ocrx_word' id='word_1_626' title='bbox 1631 2132 1692 2155; x_wconf 88' lang='lat' dir='ltr'><strong>nos,</strong></span> <span class='ocrx_word' id='word_1_627' title='bbox 1705 2132 1757 2152; x_wconf 91' lang='lat' dir='ltr'><strong>nec</strong></span> 
     </span>
    </p>
   </div>
   <div class='ocr_carea' id='block_1_91' title="bbox 961 2168 1756 2208">
    <p class='ocr_par' dir='ltr' id='par_1_91' title="bbox 961 2168 1756 2208">
     <span class='ocr_line' id='line_1_91' title="bbox 961 2168 1756 2208; baseline -0.004 -7"><span class='ocrx_word' id='word_1_628' title='bbox 961 2181 1009 2201; x_wconf 85' lang='lat' dir='ltr'><strong>eas</strong></span> <span class='ocrx_word' id='word_1_629' title='bbox 1026 2181 1086 2208; x_wconf 74' lang='lat' dir='ltr'><strong>qua:</strong></span> <span class='ocrx_word' id='word_1_630' title='bbox 1105 2173 1206 2208; x_wconf 90' lang='lat' dir='ltr'><strong>ubique</strong></span> <span class='ocrx_word' id='word_1_631' title='bbox 1230 2177 1295 2200; x_wconf 87' lang='lat' dir='ltr'><strong>sunt</strong></span> <span class='ocrx_word' id='word_1_632' title='bbox 1320 2172 1475 2203; x_wconf 86' lang='lat' dir='ltr'><strong>Ecclesias,</strong></span> <span class='ocrx_word' id='word_1_633' title='bbox 1503 2168 1577 2198; x_wconf 80' lang='lat' dir='ltr'><strong>aliud</strong></span> <span class='ocrx_word' id='word_1_634' title='bbox 1602 2171 1756 2207; x_wconf 74' lang='lat' dir='ltr'><strong>symbolam</strong></span> 
     </span>
    </p>
   </div>
   <div class='ocr_carea' id='block_1_92' title="bbox 114 2216 909 2256">
    <p class='ocr_par' dir='ltr' id='par_1_92' title="bbox 114 2219 907 2255">
     <span class='ocr_line' id='line_1_92' title="bbox 114 2219 907 2255; baseline 0 -9"><span class='ocrx_word' id='word_1_635' title='bbox 114 2227 213 2251; x_wconf 82' lang='grc' dir='ltr'>στεως,</span> <span class='ocrx_word' id='word_1_636' title='bbox 230 2219 246 2254; x_wconf 83' lang='grc' dir='ltr'><strong>ἢ</strong></span> <span class='ocrx_word' id='word_1_637' title='bbox 264 2220 355 2246; x_wconf 77' lang='grc' dir='ltr'>πίστιν</span> <span class='ocrx_word' id='word_1_638' title='bbox 371 2219 441 2254; x_wconf 87' lang='grc' dir='ltr'>πλὴν</span> <span class='ocrx_word' id='word_1_639' title='bbox 456 2220 502 2246; x_wconf 86' lang='grc' dir='ltr'><strong>τοῦ</strong></span> <span class='ocrx_word' id='word_1_640' title='bbox 516 2220 662 2255; x_wconf 80' lang='grc' dir='ltr'>εἰρημένου</span> <span class='ocrx_word' id='word_1_641' title='bbox 677 2220 754 2253; x_wconf 84' lang='grc' dir='ltr'>ἁγίου</span> <span class='ocrx_word' id='word_1_642' title='bbox 768 2220 907 2255; x_wconf 78' lang='grc' dir='ltr'>Συμϐόλου</span> 
     </span>
    </p>
   </div>
   <div class='ocr_carea' id='block_1_93' title="bbox 964 2216 1755 2256">
    <p class='ocr_par' dir='ltr' id='par_1_93' title="bbox 964 2216 1755 2250">
     <span class='ocr_line' id='line_1_93' title="bbox 964 2216 1755 2250; baseline -0.004 -4"><span class='ocrx_word' id='word_1_643' title='bbox 964 2223 1009 2246; x_wconf 82' lang='lat' dir='ltr'><strong>aut</strong></span> <span class='ocrx_word' id='word_1_644' title='bbox 1022 2218 1171 2250; x_wconf 90' lang='lat' dir='ltr'><strong>mathema,</strong></span> <span class='ocrx_word' id='word_1_645' title='bbox 1188 2218 1305 2245; x_wconf 85' lang='lat' dir='ltr'><strong>aliamve</strong></span> <span class='ocrx_word' id='word_1_646' title='bbox 1321 2217 1511 2244; x_wconf 86' lang='lat' dir='ltr'><strong>deﬁnitionem</strong></span> <span class='ocrx_word' id='word_1_647' title='bbox 1526 2216 1588 2243; x_wconf 90' lang='lat' dir='ltr'><strong>ﬁdei</strong></span> <span class='ocrx_word' id='word_1_648' title='bbox 1601 2221 1649 2244; x_wconf 89' lang='lat' dir='ltr'><strong>aut</strong></span> <span class='ocrx_word' id='word_1_649' title='bbox 1662 2217 1755 2248; x_wconf 82' lang='lat' dir='ltr'><strong>tidem.</strong></span> 
     </span>
    </p>
   </div>
   <div class='ocr_carea' id='block_1_94' title="bbox 113 2264 909 2301">
    <p class='ocr_par' dir='ltr' id='par_1_94' title="bbox 113 2264 909 2301">
     <span class='ocr_line' id='line_1_94' title="bbox 113 2264 909 2301; baseline 0.001 -10"><span class='ocrx_word' id='word_1_650' title='bbox 113 2264 171 2291; x_wconf 76' lang='grc' dir='ltr'><strong>τῶν</strong></span> <span class='ocrx_word' id='word_1_651' title='bbox 184 2268 237 2299; x_wconf 85' lang='grc' dir='ltr'>τιη¹</span> <span class='ocrx_word' id='word_1_652' title='bbox 252 2265 337 2298; x_wconf 85' lang='grc' dir='ltr'>ἁγίων</span> <span class='ocrx_word' id='word_1_653' title='bbox 349 2265 489 2300; x_wconf 78' lang='grc' dir='ltr'>Πατέρων,</span> <span class='ocrx_word' id='word_1_654' title='bbox 503 2265 570 2301; x_wconf 80' lang='grc' dir='ltr'>ὅπερ</span> <span class='ocrx_word' id='word_1_655' title='bbox 582 2266 753 2292; x_wconf 75' lang='grc' dir='ltr'>ὲὸεϐαίωσαν</span> <span class='ocrx_word' id='word_1_656' title='bbox 765 2267 790 2292; x_wconf 78' lang='lat' dir='ltr'><strong>ot</strong></span> <span class='ocrx_word' id='word_1_657' title='bbox 804 2275 909 2301; x_wconf 87' lang='grc' dir='ltr'>μνημο-</span> 
     </span>
    </p>
   </div>
   <div class='ocr_carea' id='block_1_95' title="bbox 114 2308 907 2346">
    <p class='ocr_par' dir='ltr' id='par_1_95' title="bbox 114 2308 907 2346">
     <span class='ocr_line' id='line_1_95' title="bbox 114 2308 907 2346; baseline 0 -10"><span class='ocrx_word' id='word_1_658' title='bbox 114 2308 258 2341; x_wconf 82' lang='grc' dir='ltr'>νευθὲντες</span> <span class='ocrx_word' id='word_1_659' title='bbox 281 2309 319 2345; x_wconf 83' lang='grc' dir='ltr'>ρν¹</span> <span class='ocrx_word' id='word_1_660' title='bbox 333 2309 406 2343; x_wconf 82' lang='grc' dir='ltr'>ἆγιοι</span> <span class='ocrx_word' id='word_1_661' title='bbox 426 2310 556 2344; x_wconf 79' lang='grc' dir='ltr'>Πατέρες,</span> <span class='ocrx_word' id='word_1_662' title='bbox 576 2309 638 2336; x_wconf 77' lang='grc' dir='ltr'>οὗτε</span> <span class='ocrx_word' id='word_1_663' title='bbox 655 2311 822 2346; x_wconf 72' lang='grc' dir='ltr'>ἐσχήκαμεν,</span> <span class='ocrx_word' id='word_1_664' title='bbox 844 2310 907 2336; x_wconf 78' lang='grc' dir='ltr'>οὔτε</span> 
     </span>
    </p>
   </div>
   <div class='ocr_carea' id='block_1_96' title="bbox 113 2353 909 2390">
    <p class='ocr_par' dir='ltr' id='par_1_96' title="bbox 113 2353 909 2390">
     <span class='ocr_line' id='line_1_96' title="bbox 113 2353 909 2390; baseline 0.003 -10"><span class='ocrx_word' id='word_1_665' title='bbox 113 2354 179 2390; x_wconf 66' lang='grc' dir='ltr'>ἐχορ</span> <span class='ocrx_word' id='word_1_666' title='bbox 187 2363 226 2386; x_wconf 85' lang='grc' dir='ltr'><strong>εν,</strong></span> <span class='ocrx_word' id='word_1_667' title='bbox 241 2354 301 2380; x_wconf 77' lang='grc' dir='ltr'>οὔτε</span> <span class='ocrx_word' id='word_1_668' title='bbox 316 2354 424 2389; x_wconf 71' lang='grc' dir='ltr'>ἕξομεν,</span> <span class='ocrx_word' id='word_1_669' title='bbox 439 2353 627 2389; x_wconf 44' lang='grc' dir='ltr'>οῦτενὲχοντας</span> <span class='ocrx_word' id='word_1_670' title='bbox 641 2355 824 2390; x_wconf 76' lang='grc' dir='ltr'>ἐπιστάμεθα.</span> <span class='ocrx_word' id='word_1_671' title='bbox 839 2356 869 2382; x_wconf 84' lang='grc' dir='ltr'><strong>Εἰ</strong></span> <span class='ocrx_word' id='word_1_672' title='bbox 880 2355 909 2382; x_wconf 82' lang='grc' dir='ltr'>δὲ</span> 
     </span>
    </p>
   </div>
   <div class='ocr_carea' id='block_1_97' title="bbox 115 2400 909 2438">
    <p class='ocr_par' dir='ltr' id='par_1_97' title="bbox 115 2400 909 2438">
     <span class='ocr_line' id='line_1_97' title="bbox 115 2400 909 2438; baseline -0.001 -10"><span class='ocrx_word' id='word_1_673' title='bbox 115 2402 164 2429; x_wconf 80' lang='grc' dir='ltr'>καὶ</span> <span class='ocrx_word' id='word_1_674' title='bbox 181 2400 238 2436; x_wconf 77' lang='grc' dir='ltr'>ἔχοι</span> <span class='ocrx_word' id='word_1_675' title='bbox 254 2409 309 2432; x_wconf 81' lang='grc' dir='ltr'>τις,</span> <span class='ocrx_word' id='word_1_676' title='bbox 328 2400 469 2436; x_wconf 73' lang='grc' dir='ltr'>ἀλλότριον</span> <span class='ocrx_word' id='word_1_677' title='bbox 484 2401 564 2427; x_wconf 80' lang='grc' dir='ltr'>αὑτὸν</span> <span class='ocrx_word' id='word_1_678' title='bbox 582 2401 735 2436; x_wconf 80' lang='grc' dir='ltr'>ἡγούμεθα.</span> <span class='ocrx_word' id='word_1_679' title='bbox 755 2401 840 2428; x_wconf 86' lang='grc' dir='ltr'>Τοῦτο</span> <span class='ocrx_word' id='word_1_680' title='bbox 854 2402 909 2438; x_wconf 75' lang='grc' dir='ltr'>γὰρ</span> 
     </span>
    </p>
   </div>
   <div class='ocr_carea' id='block_1_98' title="bbox 962 2261 1758 2299">
    <p class='ocr_par' dir='ltr' id='par_1_98' title="bbox 962 2261 1758 2299">
     <span class='ocr_line' id='line_1_98' title="bbox 962 2261 1758 2299; baseline -0.004 -8"><span class='ocrx_word' id='word_1_681' title='bbox 962 2267 1064 2299; x_wconf 71' lang='lat' dir='ltr'><strong>praeter</strong></span> <span class='ocrx_word' id='word_1_682' title='bbox 1076 2271 1158 2299; x_wconf 87' lang='lat' dir='ltr'><strong>supra</strong></span> <span class='ocrx_word' id='word_1_683' title='bbox 1176 2267 1357 2290; x_wconf 85' lang='lat' dir='ltr'><strong>memoratum</strong></span> <span class='ocrx_word' id='word_1_684' title='bbox 1380 2267 1506 2289; x_wconf 88' lang='lat' dir='ltr'><strong>sanctum</strong></span> <span class='ocrx_word' id='word_1_685' title='bbox 1527 2261 1686 2296; x_wconf 71' lang='lat' dir='ltr'><strong>Symbolum</strong></span> <span class='ocrx_word' id='word_1_686' title='bbox 1703 2266 1758 2289; x_wconf 92' lang='lat' dir='ltr'><strong>tre-</strong></span> 
     </span>
    </p>
   </div>
   <div class='ocr_carea' id='block_1_99' title="bbox 963 2307 1755 2341">
    <p class='ocr_par' dir='ltr' id='par_1_99' title="bbox 963 2307 1755 2341">
     <span class='ocr_line' id='line_1_99' title="bbox 963 2307 1755 2341; baseline -0.004 -5"><span class='ocrx_word' id='word_1_687' title='bbox 963 2313 1107 2336; x_wconf 88' lang='lat' dir='ltr'><strong>centorum</strong></span> <span class='ocrx_word' id='word_1_688' title='bbox 1129 2312 1157 2336; x_wconf 90' lang='lat' dir='ltr'><strong>et</strong></span> <span class='ocrx_word' id='word_1_689' title='bbox 1177 2308 1330 2336; x_wconf 87' lang='lat' dir='ltr'><strong>octodecim</strong></span> <span class='ocrx_word' id='word_1_690' title='bbox 1357 2311 1514 2334; x_wconf 87' lang='lat' dir='ltr'><strong>sanctorum</strong></span> <span class='ocrx_word' id='word_1_691' title='bbox 1540 2307 1663 2340; x_wconf 86' lang='lat' dir='ltr'><strong>Patrum,</strong></span> <span class='ocrx_word' id='word_1_692' title='bbox 1681 2307 1755 2341; x_wconf 90' lang='lat' dir='ltr'><strong>quod</strong></span> 
     </span>
    </p>
   </div>
   <div class='ocr_carea' id='block_1_100' title="bbox 964 2353 1757 2390">
    <p class='ocr_par' dir='ltr' id='par_1_100' title="bbox 964 2353 1757 2390">
     <span class='ocr_line' id='line_1_100' title="bbox 964 2353 1757 2390; baseline -0.003 -8"><span class='ocrx_word' id='word_1_693' title='bbox 964 2363 979 2382; x_wconf 86' lang='lat' dir='ltr'><strong>a</strong></span> <span class='ocrx_word' id='word_1_694' title='bbox 1001 2355 1057 2390; x_wconf 80' lang='lat' dir='ltr'><strong>jam</strong></span> <span class='ocrx_word' id='word_1_695' title='bbox 1083 2355 1165 2382; x_wconf 90' lang='lat' dir='ltr'><strong>dictis</strong></span> <span class='ocrx_word' id='word_1_696' title='bbox 1185 2360 1296 2382; x_wconf 91' lang='lat' dir='ltr'><strong>centum</strong></span> <span class='ocrx_word' id='word_1_697' title='bbox 1315 2358 1344 2381; x_wconf 90' lang='lat' dir='ltr'><strong>et</strong></span> <span class='ocrx_word' id='word_1_698' title='bbox 1361 2353 1560 2389; x_wconf 82' lang='lat' dir='ltr'><strong>quinquaginta</strong></span> <span class='ocrx_word' id='word_1_699' title='bbox 1584 2354 1688 2381; x_wconf 86' lang='lat' dir='ltr'><strong>sanctis</strong></span> <span class='ocrx_word' id='word_1_700' title='bbox 1708 2354 1757 2380; x_wconf 82' lang='lat' dir='ltr'><strong>Pa-</strong></span> 
     </span>
    </p>
   </div>
   <div class='ocr_carea' id='block_1_101' title="bbox 965 2399 1754 2433">
    <p class='ocr_par' dir='ltr' id='par_1_101' title="bbox 965 2399 1754 2433">
     <span class='ocr_line' id='line_1_101' title="bbox 965 2399 1754 2433; baseline -0.003 -5"><span class='ocrx_word' id='word_1_701' title='bbox 965 2401 1055 2428; x_wconf 90' lang='lat' dir='ltr'><strong>tribus</strong></span> <span class='ocrx_word' id='word_1_702' title='bbox 1072 2400 1264 2428; x_wconf 84' lang='lat' dir='ltr'><strong>conﬁrmatum</strong></span> <span class='ocrx_word' id='word_1_703' title='bbox 1286 2404 1340 2432; x_wconf 87' lang='lat' dir='ltr'><strong>est,</strong></span> <span class='ocrx_word' id='word_1_704' title='bbox 1362 2399 1502 2433; x_wconf 88' lang='lat' dir='ltr'><strong>habuisse,</strong></span> <span class='ocrx_word' id='word_1_705' title='bbox 1524 2399 1567 2426; x_wconf 87' lang='lat' dir='ltr'><strong>vel</strong></span> <span class='ocrx_word' id='word_1_706' title='bbox 1584 2399 1696 2432; x_wconf 85' lang='lat' dir='ltr'><strong>habere,</strong></span> <span class='ocrx_word' id='word_1_707' title='bbox 1713 2400 1754 2427; x_wconf 85' lang='lat' dir='ltr'><strong>vel</strong></span> 
     </span>
    </p>
   </div>
   <div class='ocr_carea' id='block_1_102' title="bbox 703 2478 1143 2506">
    <p class='ocr_par' dir='ltr' id='par_1_102' title="bbox 703 2478 1143 2506">
     <span class='ocr_line' id='line_1_102' title="bbox 703 2478 1143 2506; baseline 0.002 -1"><span class='ocrx_word' id='word_1_708' title='bbox 703 2479 838 2506; x_wconf 77' lang='lat' dir='ltr'><strong>\‘ALESll</strong></span> <span class='ocrx_word' id='word_1_709' title='bbox 865 2478 1143 2506; x_wconf 69' lang='lat' dir='ltr'><strong>ANNOTATIONES.</strong></span> 
     </span>
    </p>
   </div>
   <div class='ocr_carea' id='block_1_103' title="bbox 151 2537 907 2575">
    <p class='ocr_par' dir='ltr' id='par_1_103' title="bbox 151 2537 907 2575">
     <span class='ocr_line' id='line_1_103' title="bbox 151 2537 907 2575; baseline -0.004 -7"><span class='ocrx_word' id='word_1_710' title='bbox 151 2540 208 2575; x_wconf 86' lang='lat'><strong>(89)</strong></span> <span class='ocrx_word' id='word_1_711' title='bbox 234 2540 321 2573; x_wconf 81' lang='grc' dir='ltr'><strong>Πάσῃ</strong></span> <span class='ocrx_word' id='word_1_712' title='bbox 347 2539 504 2573; x_wconf 76' lang='grc' dir='ltr'>προσευχῇ</span> <span class='ocrx_word' id='word_1_713' title='bbox 531 2538 577 2565; x_wconf 79' lang='grc' dir='ltr'>καὶ</span> <span class='ocrx_word' id='word_1_714' title='bbox 604 2537 738 2572; x_wconf 71' lang='grc' dir='ltr'>σπουδῇ.</span> <span class='ocrx_word' id='word_1_715' title='bbox 760 2539 806 2566; x_wconf 86' lang='lat' dir='ltr'><strong>Sic</strong></span> <span class='ocrx_word' id='word_1_716' title='bbox 824 2538 907 2566; x_wconf 85' lang='lat' dir='ltr'><strong>etiam</strong></span> 
     </span>
    </p>
   </div>
   <div class='ocr_carea' id='block_1_104' title="bbox 114 2574 909 2611">
    <p class='ocr_par' dir='ltr' id='par_1_104' title="bbox 114 2574 909 2611">
     <span class='ocr_line' id='line_1_104' title="bbox 114 2574 909 2611; baseline -0.004 -7"><span class='ocrx_word' id='word_1_717' title='bbox 114 2574 218 2611; x_wconf 76' lang='lat' dir='ltr'><strong>legitur</strong></span> <span class='ocrx_word' id='word_1_718' title='bbox 237 2575 309 2611; x_wconf 86' lang='lat' dir='ltr'><strong>apud</strong></span> <span class='ocrx_word' id='word_1_719' title='bbox 326 2575 524 2611; x_wconf 60' lang='lat' dir='ltr'><strong>Nicephoruun</strong></span> <span class='ocrx_word' id='word_1_720' title='bbox 543 2575 598 2611; x_wconf 50' lang='lat' dir='ltr'><strong>Nec</strong></span> <span class='ocrx_word' id='word_1_721' title='bbox 612 2574 692 2601; x_wconf 85' lang='lat' dir='ltr'><strong>aliter</strong></span> <span class='ocrx_word' id='word_1_722' title='bbox 708 2575 813 2611; x_wconf 81' lang='lat' dir='ltr'><strong>legerat</strong></span> <span class='ocrx_word' id='word_1_723' title='bbox 829 2578 909 2611; x_wconf 80' lang='lat' dir='ltr'><strong>vetus</strong></span> 
     </span>
    </p>
   </div>
   <div class='ocr_carea' id='block_1_105' title="bbox 115 2609 908 2645">
    <p class='ocr_par' dir='ltr' id='par_1_105' title="bbox 115 2609 908 2645">
     <span class='ocr_line' id='line_1_105' title="bbox 115 2609 908 2645; baseline -0.005 -6"><span class='ocrx_word' id='word_1_724' title='bbox 115 2609 254 2645; x_wconf 73' lang='lat' dir='ltr'><strong>interpres</strong></span> <span class='ocrx_word' id='word_1_725' title='bbox 275 2610 334 2645; x_wconf 81' lang='lat' dir='ltr'><strong>ejus</strong></span> <span class='ocrx_word' id='word_1_726' title='bbox 353 2610 436 2645; x_wconf 79' lang='lat' dir='ltr'><strong>edicti</strong></span> <span class='ocrx_word' id='word_1_727' title='bbox 454 2609 526 2640; x_wconf 72' lang='lat' dir='ltr'><strong>apud</strong></span> <span class='ocrx_word' id='word_1_728' title='bbox 546 2609 705 2645; x_wconf 83' lang='lat' dir='ltr'><strong>Liberatqu</strong></span> <span class='ocrx_word' id='word_1_729' title='bbox 728 2610 754 2636; x_wconf 91' lang='lat' dir='ltr'><strong>in</strong></span> <span class='ocrx_word' id='word_1_730' title='bbox 780 2617 841 2644; x_wconf 85' lang='lat' dir='ltr'><strong>cap.</strong></span> <span class='ocrx_word' id='word_1_731' title='bbox 865 2609 908 2636; x_wconf 74' lang='grc'><strong>18.</strong></span> 
     </span>
    </p>
   </div>
   <div class='ocr_carea' id='block_1_106' title="bbox 114 2644 909 2675">
    <p class='ocr_par' dir='ltr' id='par_1_106' title="bbox 114 2644 909 2675">
     <span class='ocr_line' id='line_1_106' title="bbox 114 2644 909 2675; baseline -0.005 -1"><span class='ocrx_word' id='word_1_732' title='bbox 114 2647 156 2675; x_wconf 83' lang='lat' dir='ltr'><strong>Ita</strong></span> <span class='ocrx_word' id='word_1_733' title='bbox 175 2644 248 2673; x_wconf 75' lang='lat' dir='ltr'><strong>enim</strong></span> <span class='ocrx_word' id='word_1_734' title='bbox 268 2645 350 2672; x_wconf 86' lang='lat' dir='ltr'><strong>vertit</strong></span> <span class='ocrx_word' id='word_1_735' title='bbox 368 2654 374 2671; x_wconf 88' lang='lat'>:</span> <span class='ocrx_word' id='word_1_736' title='bbox 389 2644 514 2671; x_wconf 72' lang='lat' dir='ltr'><strong>Noctibus</strong></span> <span class='ocrx_word' id='word_1_737' title='bbox 532 2653 563 2670; x_wconf 80' lang='lat' dir='ltr'><strong>ac</strong></span> <span class='ocrx_word' id='word_1_738' title='bbox 578 2644 668 2670; x_wconf 77' lang='lat' dir='ltr'><strong>diebus</strong></span> <span class='ocrx_word' id='word_1_739' title='bbox 683 2646 804 2671; x_wconf 80' lang='lat' dir='ltr'><strong>oratione</strong></span> <span class='ocrx_word' id='word_1_740' title='bbox 817 2650 841 2670; x_wconf 82' lang='lat' dir='ltr'><strong>et</strong></span> <span class='ocrx_word' id='word_1_741' title='bbox 853 2650 909 2670; x_wconf 71' lang='lat' dir='ltr'><strong>stu-</strong></span> 
     </span>
    </p>
   </div>
   <div class='ocr_carea' id='block_1_107' title="bbox 114 2679 908 2715">
    <p class='ocr_par' dir='ltr' id='par_1_107' title="bbox 114 2679 908 2715">
     <span class='ocr_line' id='line_1_107' title="bbox 114 2679 908 2715; baseline -0.005 -6"><span class='ocrx_word' id='word_1_742' title='bbox 114 2683 159 2709; x_wconf 80' lang='lat' dir='ltr'><strong>dio</strong></span> <span class='ocrx_word' id='word_1_743' title='bbox 175 2686 199 2707; x_wconf 81' lang='lat' dir='ltr'><strong>et</strong></span> <span class='ocrx_word' id='word_1_744' title='bbox 220 2680 317 2715; x_wconf 79' lang='lat' dir='ltr'><strong>legibus</strong></span> <span class='ocrx_word' id='word_1_745' title='bbox 329 2680 440 2706; x_wconf 86' lang='lat' dir='ltr'><strong>nitimur</strong></span> <span class='ocrx_word' id='word_1_746' title='bbox 457 2679 631 2715; x_wconf 66' lang='lat' dir='ltr'><strong>multiplicari</strong></span> <span class='ocrx_word' id='word_1_747' title='bbox 648 2687 694 2714; x_wconf 81' lang='lat' dir='ltr'><strong>per</strong></span> <span class='ocrx_word' id='word_1_748' title='bbox 709 2687 768 2706; x_wconf 84' lang='lat' dir='ltr'><strong>eam</strong></span> <span class='ocrx_word' id='word_1_749' title='bbox 786 2684 908 2706; x_wconf 79' lang='lat' dir='ltr'><strong>sanctum</strong></span> 
     </span>
    </p>
   </div>
   <div class='ocr_carea' id='block_1_108' title="bbox 115 2714 907 2750">
    <p class='ocr_par' dir='ltr' id='par_1_108' title="bbox 115 2714 907 2750">
     <span class='ocr_line' id='line_1_108' title="bbox 115 2714 907 2750; baseline -0.003 -7"><span class='ocrx_word' id='word_1_750' title='bbox 115 2714 275 2744; x_wconf 69' lang='lat' dir='ltr'><strong>catholicam</strong></span> <span class='ocrx_word' id='word_1_751' title='bbox 294 2721 317 2741; x_wconf 87' lang='lat' dir='ltr'><strong>et</strong></span> <span class='ocrx_word' id='word_1_752' title='bbox 341 2715 516 2750; x_wconf 78' lang='lat' dir='ltr'><strong>apostolicam</strong></span> <span class='ocrx_word' id='word_1_753' title='bbox 541 2714 700 2741; x_wconf 70' lang='lat' dir='ltr'><strong>Ecclesium.</strong></span> <span class='ocrx_word' id='word_1_754' title='bbox 725 2715 790 2741; x_wconf 85' lang='lat' dir='ltr'><strong>Mihi</strong></span> <span class='ocrx_word' id='word_1_755' title='bbox 817 2720 907 2741; x_wconf 84' lang='lat' dir='ltr'><strong>tamen</strong></span> 
     </span>
    </p>
   </div>
   <div class='ocr_carea' id='block_1_109' title="bbox 115 2749 907 2787">
    <p class='ocr_par' dir='ltr' id='par_1_109' title="bbox 115 2749 907 2787">
     <span class='ocr_line' id='line_1_109' title="bbox 115 2749 907 2787; baseline -0.004 -8"><span class='ocrx_word' id='word_1_756' title='bbox 115 2751 211 2787; x_wconf 85' lang='lat' dir='ltr'><strong>potius</strong></span> <span class='ocrx_word' id='word_1_757' title='bbox 220 2749 523 2787; x_wconf 64' lang='lat' dir='ltr'><strong>videturscribendum</strong></span> <span class='ocrx_word' id='word_1_758' title='bbox 533 2757 595 2777; x_wconf 86' lang='lat' dir='ltr'><strong>esse</strong></span> <span class='ocrx_word' id='word_1_759' title='bbox 603 2750 682 2787; x_wconf 24' lang='grc' dir='ltr'>*πάσῃ</span> <span class='ocrx_word' id='word_1_760' title='bbox 694 2751 825 2787; x_wconf 77' lang='grc' dir='ltr'>προσοχῇ.</span> <span class='ocrx_word' id='word_1_761' title='bbox 836 2749 907 2787; x_wconf 80' lang='lat' dir='ltr'><strong>Quid</strong></span> 
     </span>
    </p>
   </div>
   <div class='ocr_carea' id='block_1_110' title="bbox 115 2784 907 2822">
    <p class='ocr_par' dir='ltr' id='par_1_110' title="bbox 115 2784 907 2822">
     <span class='ocr_line' id='line_1_110' title="bbox 115 2784 907 2822; baseline -0.004 -8"><span class='ocrx_word' id='word_1_762' title='bbox 115 2784 154 2814; x_wconf 76' lang='lat' dir='ltr'><strong>sit</strong></span> <span class='ocrx_word' id='word_1_763' title='bbox 177 2786 299 2822; x_wconf 75' lang='grc' dir='ltr'>προσοχὴ</span> <span class='ocrx_word' id='word_1_764' title='bbox 326 2785 407 2822; x_wconf 74' lang='lat' dir='ltr'><strong>docet</strong></span> <span class='ocrx_word' id='word_1_765' title='bbox 426 2785 535 2818; x_wconf 89' lang='lat' dir='ltr'><strong>Suidas,</strong></span> <span class='ocrx_word' id='word_1_766' title='bbox 563 2784 610 2820; x_wconf 88' lang='lat' dir='ltr'><strong>qui</strong></span> <span class='ocrx_word' id='word_1_767' title='bbox 638 2784 740 2822; x_wconf 77' lang='lat' dir='ltr'><strong>veteris</strong></span> <span class='ocrx_word' id='word_1_768' title='bbox 765 2785 907 2820; x_wconf 84' lang='lat' dir='ltr'><strong>scriptoris</strong></span> 
     </span>
    </p>
   </div>
   <div class='ocr_carea' id='block_1_111' title="bbox 115 2819 908 2856">
    <p class='ocr_par' dir='ltr' id='par_1_111' title="bbox 115 2819 908 2856">
     <span class='ocr_line' id='line_1_111' title="bbox 115 2819 908 2856; baseline -0.001 -7"><span class='ocrx_word' id='word_1_769' title='bbox 115 2819 208 2850; x_wconf 76' lang='lat' dir='ltr'><strong>locum</strong></span> <span class='ocrx_word' id='word_1_770' title='bbox 240 2819 331 2849; x_wconf 73' lang='lat' dir='ltr'><strong>altert.</strong></span> <span class='ocrx_word' id='word_1_771' title='bbox 357 2820 440 2850; x_wconf 85' lang='lat' dir='ltr'><strong>Certe</strong></span> <span class='ocrx_word' id='word_1_772' title='bbox 466 2821 524 2849; x_wconf 65' lang='lat' dir='ltr'><strong>haec</strong></span> <span class='ocrx_word' id='word_1_773' title='bbox 553 2819 712 2850; x_wconf 87' lang='lat' dir='ltr'><strong>eiuendatio</strong></span> <span class='ocrx_word' id='word_1_774' title='bbox 741 2819 908 2856; x_wconf 76' lang='lat' dir='ltr'><strong>magnopere</strong></span> 
     </span>
    </p>
   </div>
   <div class='ocr_carea' id='block_1_112' title="bbox 116 2857 312 2885">
    <p class='ocr_par' dir='ltr' id='par_1_112' title="bbox 116 2857 312 2885">
     <span class='ocr_line' id='line_1_112' title="bbox 116 2857 312 2885; baseline 0 0"><span class='ocrx_word' id='word_1_775' title='bbox 116 2857 184 2885; x_wconf 81' lang='lat' dir='ltr'><strong>Inibi</strong></span> <span class='ocrx_word' id='word_1_776' title='bbox 199 2857 312 2885; x_wconf 72' lang='lat' dir='ltr'><strong>arridet.</strong></span> 
     </span>
    </p>
   </div>
   <div class='ocr_carea' id='block_1_113' title="bbox 1000 2536 1753 2575">
    <p class='ocr_par' dir='ltr' id='par_1_113' title="bbox 1000 2536 1753 2575">
     <span class='ocr_line' id='line_1_113' title="bbox 1000 2536 1753 2575; baseline -0.005 -10"><span class='ocrx_word' id='word_1_777' title='bbox 1000 2538 1056 2575; x_wconf 82' lang='grc'><strong>(90)</strong></span> <span class='ocrx_word' id='word_1_778' title='bbox 1084 2538 1197 2575; x_wconf 77' lang='grc' dir='ltr'>Σώματι</span> <span class='ocrx_word' id='word_1_779' title='bbox 1224 2536 1581 2575; x_wconf 36' lang='grc' dir='ltr'>ποτιεμῶνρῃεριπίὺεηιίιιηι</span> <span class='ocrx_word' id='word_1_780' title='bbox 1597 2540 1643 2575; x_wconf 73' lang='lat' dir='ltr'><strong>est</strong></span> <span class='ocrx_word' id='word_1_781' title='bbox 1659 2536 1753 2575; x_wconf 60' lang='lat' dir='ltr'><strong>procul</strong></span> 
     </span>
    </p>
   </div>
   <div class='ocr_carea' id='block_1_114' title="bbox 964 2570 1753 2608">
    <p class='ocr_par' dir='ltr' id='par_1_114' title="bbox 964 2570 1753 2608">
     <span class='ocr_line' id='line_1_114' title="bbox 964 2570 1753 2608; baseline -0.005 -8"><span class='ocrx_word' id='word_1_782' title='bbox 964 2570 1052 2601; x_wconf 74' lang='lat' dir='ltr'><strong>dubio</strong></span> <span class='ocrx_word' id='word_1_783' title='bbox 1063 2570 1203 2608; x_wconf 77' lang='grc' dir='ltr'>πολεμῲη,</span> <span class='ocrx_word' id='word_1_784' title='bbox 1220 2577 1249 2600; x_wconf 92' lang='lat' dir='ltr'><strong>ut</strong></span> <span class='ocrx_word' id='word_1_785' title='bbox 1264 2573 1346 2600; x_wconf 81' lang='lat' dir='ltr'><strong>habet</strong></span> <span class='ocrx_word' id='word_1_786' title='bbox 1361 2572 1534 2608; x_wconf 82' lang='lat' dir='ltr'><strong>Nicepliorus</strong></span> <span class='ocrx_word' id='word_1_787' title='bbox 1550 2575 1578 2608; x_wconf 82' lang='lat' dir='ltr'><strong>et</strong></span> <span class='ocrx_word' id='word_1_788' title='bbox 1594 2571 1678 2608; x_wconf 81' lang='lat' dir='ltr'><strong>codex</strong></span> <span class='ocrx_word' id='word_1_789' title='bbox 1692 2570 1753 2608; x_wconf 82' lang='lat' dir='ltr'><strong>Tel-</strong></span> 
     </span>
    </p>
   </div>
   <div class='ocr_carea' id='block_1_115' title="bbox 964 2606 1756 2643">
    <p class='ocr_par' dir='ltr' id='par_1_115' title="bbox 964 2606 1756 2643">
     <span class='ocr_line' id='line_1_115' title="bbox 964 2606 1756 2643; baseline -0.005 -7"><span class='ocrx_word' id='word_1_790' title='bbox 964 2609 1097 2636; x_wconf 89' lang='lat' dir='ltr'><strong>lerianus.</strong></span> <span class='ocrx_word' id='word_1_791' title='bbox 1115 2606 1235 2636; x_wconf 77' lang='lat' dir='ltr'><strong>savilius</strong></span> <span class='ocrx_word' id='word_1_792' title='bbox 1246 2615 1356 2643; x_wconf 90' lang='lat' dir='ltr'><strong>quoque</strong></span> <span class='ocrx_word' id='word_1_793' title='bbox 1375 2607 1408 2634; x_wconf 89' lang='lat' dir='ltr'><strong>ad</strong></span> <span class='ocrx_word' id='word_1_794' title='bbox 1423 2614 1499 2634; x_wconf 88' lang='lat' dir='ltr'><strong>oram</strong></span> <span class='ocrx_word' id='word_1_795' title='bbox 1515 2606 1556 2634; x_wconf 93' lang='lat' dir='ltr'><strong>sui</strong></span> <span class='ocrx_word' id='word_1_796' title='bbox 1579 2606 1683 2633; x_wconf 87' lang='lat' dir='ltr'><strong>codicis</strong></span> <span class='ocrx_word' id='word_1_797' title='bbox 1706 2606 1756 2633; x_wconf 82' lang='lat' dir='ltr'><strong>ad-</strong></span> 
     </span>
    </p>
   </div>
   <div class='ocr_carea' id='block_1_116' title="bbox 963 2644 1323 2678">
    <p class='ocr_par' dir='ltr' id='par_1_116' title="bbox 963 2644 1323 2678">
     <span class='ocr_line' id='line_1_116' title="bbox 963 2644 1323 2678; baseline -0.008 -7"><span class='ocrx_word' id='word_1_798' title='bbox 963 2649 1082 2676; x_wconf 79' lang='lat' dir='ltr'><strong>notarat.</strong></span> <span class='ocrx_word' id='word_1_799' title='bbox 1096 2644 1166 2671; x_wconf 83' lang='lat' dir='ltr'><strong>forte</strong></span> <span class='ocrx_word' id='word_1_800' title='bbox 1180 2644 1323 2678; x_wconf 82' lang='grc' dir='ltr'>πολεμοίη.</span> 
     </span>
    </p>
   </div>
   <div class='ocr_carea' id='block_1_117' title="bbox 999 2676 1754 2714">
    <p class='ocr_par' dir='ltr' id='par_1_117' title="bbox 999 2676 1754 2714">
     <span class='ocr_line' id='line_1_117' title="bbox 999 2676 1754 2714; baseline -0.005 -7"><span class='ocrx_word' id='word_1_801' title='bbox 999 2680 1055 2714; x_wconf 83' lang='grc'><strong>(91)</strong></span> <span class='ocrx_word' id='word_1_802' title='bbox 1073 2679 1128 2706; x_wconf 80' lang='grc' dir='ltr'><strong>Καὶ</strong></span> <span class='ocrx_word' id='word_1_803' title='bbox 1147 2679 1200 2711; x_wconf 80' lang='grc' dir='ltr'>τὴς</span> <span class='ocrx_word' id='word_1_804' title='bbox 1211 2676 1269 2713; x_wconf 50' lang='grc' dir='ltr'>μὲν</span> <span class='ocrx_word' id='word_1_805' title='bbox 1285 2676 1338 2714; x_wconf 69' lang='grc' dir='ltr'><strong>τοῦ</strong></span> <span class='ocrx_word' id='word_1_806' title='bbox 1353 2677 1498 2714; x_wconf 52' lang='grc' dir='ltr'>λουτροῦ.</span> <span class='ocrx_word' id='word_1_807' title='bbox 1517 2676 1557 2714; x_wconf 78' lang='lat' dir='ltr'><strong>Ad</strong></span> <span class='ocrx_word' id='word_1_808' title='bbox 1574 2676 1648 2714; x_wconf 81' lang='lat' dir='ltr'><strong>hunc</strong></span> <span class='ocrx_word' id='word_1_809' title='bbox 1662 2676 1754 2714; x_wconf 74' lang='lat' dir='ltr'><strong>locum</strong></span> 
     </span>
    </p>
   </div>
   <div class='ocr_carea' id='block_1_118' title="bbox 961 2710 1754 2747">
    <p class='ocr_par' dir='ltr' id='par_1_118' title="bbox 961 2710 1754 2747">
     <span class='ocr_line' id='line_1_118' title="bbox 961 2710 1754 2747; baseline -0.005 -5"><span class='ocrx_word' id='word_1_810' title='bbox 961 2710 1051 2742; x_wconf 77' lang='lat' dir='ltr'><strong>edicti</strong></span> <span class='ocrx_word' id='word_1_811' title='bbox 1071 2710 1194 2742; x_wconf 14' lang='lat' dir='ltr'><strong>Zenonis?</strong></span> <span class='ocrx_word' id='word_1_812' title='bbox 1211 2710 1311 2741; x_wconf 70' lang='lat' dir='ltr'><strong>alludit</strong></span> <span class='ocrx_word' id='word_1_813' title='bbox 1339 2713 1413 2740; x_wconf 79' lang='lat' dir='ltr'><strong>Felix</strong></span> <span class='ocrx_word' id='word_1_814' title='bbox 1436 2720 1515 2747; x_wconf 83' lang='lat' dir='ltr'><strong>papa.</strong></span> <span class='ocrx_word' id='word_1_815' title='bbox 1541 2712 1568 2739; x_wconf 90' lang='lat' dir='ltr'><strong>in</strong></span> <span class='ocrx_word' id='word_1_816' title='bbox 1585 2710 1700 2746; x_wconf 89' lang='lat' dir='ltr'><strong>epistola</strong></span> <span class='ocrx_word' id='word_1_817' title='bbox 1720 2712 1754 2739; x_wconf 88' lang='lat' dir='ltr'><strong>ad</strong></span> 
     </span>
    </p>
   </div>
   <div class='ocr_carea' id='block_1_119' title="bbox 962 2747 1755 2784">
    <p class='ocr_par' dir='ltr' id='par_1_119' title="bbox 962 2747 1755 2784">
     <span class='ocr_line' id='line_1_119' title="bbox 962 2747 1755 2784; baseline -0.005 -7"><span class='ocrx_word' id='word_1_818' title='bbox 962 2750 1101 2777; x_wconf 86' lang='lat' dir='ltr'><strong>Zenonem</strong></span> <span class='ocrx_word' id='word_1_819' title='bbox 1125 2749 1241 2784; x_wconf 79' lang='lat' dir='ltr'><strong>August.</strong></span> <span class='ocrx_word' id='word_1_820' title='bbox 1268 2749 1305 2776; x_wconf 86' lang='lat' dir='ltr'><strong>ita</strong></span> <span class='ocrx_word' id='word_1_821' title='bbox 1321 2748 1446 2775; x_wconf 79' lang='lat' dir='ltr'><strong>scribens</strong></span> <span class='ocrx_word' id='word_1_822' title='bbox 1462 2757 1468 2773; x_wconf 96' lang='lat'>:</span> <span class='ocrx_word' id='word_1_823' title='bbox 1487 2747 1562 2784; x_wconf 79' lang='lat' dir='ltr'><strong>Dolet</strong></span> <span class='ocrx_word' id='word_1_824' title='bbox 1583 2752 1652 2774; x_wconf 81' lang='lat' dir='ltr'><strong>certe</strong></span> <span class='ocrx_word' id='word_1_825' title='bbox 1671 2747 1755 2782; x_wconf 77' lang='lat' dir='ltr'><strong>pietas</strong></span> 
     </span>
    </p>
   </div>
   <div class='ocr_carea' id='block_1_120' title="bbox 961 2783 1755 2820">
    <p class='ocr_par' dir='ltr' id='par_1_120' title="bbox 961 2783 1755 2820">
     <span class='ocr_line' id='line_1_120' title="bbox 961 2783 1755 2820; baseline -0.004 -8"><span class='ocrx_word' id='word_1_826' title='bbox 961 2790 1018 2816; x_wconf 87' lang='lat' dir='ltr'><strong>lua,</strong></span> <span class='ocrx_word' id='word_1_827' title='bbox 1044 2785 1113 2820; x_wconf 79' lang='lat' dir='ltr'><strong>quod</strong></span> <span class='ocrx_word' id='word_1_828' title='bbox 1140 2793 1186 2820; x_wconf 76' lang='lat' dir='ltr'><strong>per</strong></span> <span class='ocrx_word' id='word_1_829' title='bbox 1207 2784 1346 2811; x_wconf 81' lang='lat' dir='ltr'><strong>diuturnos</strong></span> <span class='ocrx_word' id='word_1_830' title='bbox 1368 2784 1452 2820; x_wconf 74' lang='lat' dir='ltr'><strong>partis</strong></span> <span class='ocrx_word' id='word_1_831' title='bbox 1476 2783 1588 2820; x_wconf 67' lang='lat' dir='ltr'><strong>alterna:</strong></span> <span class='ocrx_word' id='word_1_832' title='bbox 1609 2790 1755 2820; x_wconf 67' lang='lat' dir='ltr'><strong>gravesque</strong></span> 
     </span>
    </p>
   </div>
   <div class='ocr_carea' id='block_1_121' title="bbox 961 2817 1754 2856">
    <p class='ocr_par' dir='ltr' id='par_1_121' title="bbox 961 2817 1754 2856">
     <span class='ocr_line' id='line_1_121' title="bbox 961 2817 1754 2856; baseline -0.001 -9"><span class='ocrx_word' id='word_1_833' title='bbox 961 2817 1109 2856; x_wconf 70' lang='lat' dir='ltr'><strong>conﬂictus,</strong></span> <span class='ocrx_word' id='word_1_834' title='bbox 1127 2817 1216 2846; x_wconf 66' lang='lat' dir='ltr'><strong>inultis</strong></span> <span class='ocrx_word' id='word_1_835' title='bbox 1236 2827 1267 2846; x_wconf 72' lang='lat' dir='ltr'><strong>ea:</strong></span> <span class='ocrx_word' id='word_1_836' title='bbox 1280 2817 1433 2856; x_wconf 63' lang='lat' dir='ltr'><strong>[iocategulo</strong></span> <span class='ocrx_word' id='word_1_837' title='bbox 1449 2818 1590 2846; x_wconf 78' lang='lat' dir='ltr'><strong>videantur</strong></span> <span class='ocrx_word' id='word_1_838' title='bbox 1609 2817 1691 2846; x_wconf 68' lang='lat' dir='ltr'><strong>ablati</strong></span> <span class='ocrx_word' id='word_1_839' title='bbox 1708 2823 1754 2846; x_wconf 73' lang='lat' dir='ltr'><strong>aut</strong></span> 
     </span>
    </p>
   </div>
   <div class='ocr_carea' id='block_1_122' title="bbox 961 2855 1534 2891">
    <p class='ocr_par' dir='ltr' id='par_1_122' title="bbox 961 2855 1534 2891">
     <span class='ocr_line' id='line_1_122' title="bbox 961 2855 1534 2891; baseline 0 -9"><span class='ocrx_word' id='word_1_840' title='bbox 961 2856 1127 2891; x_wconf 51' lang='lat' dir='ltr'><strong>baptismatis</strong></span> <span class='ocrx_word' id='word_1_841' title='bbox 1139 2860 1184 2882; x_wconf 82' lang='lat' dir='ltr'><strong>aut</strong></span> <span class='ocrx_word' id='word_1_842' title='bbox 1197 2855 1388 2882; x_wconf 77' lang='lat' dir='ltr'><strong>communionis</strong></span> <span class='ocrx_word' id='word_1_843' title='bbox 1405 2859 1534 2891; x_wconf 68' lang='lat' dir='ltr'><strong>expertes.</strong></span> 
     </span>
    </p>
   </div>
  </div>
