1964 3067
119 124 182 156 2629

578 117 772 148 IIISTORI/E
793 117 1090 149 ECCLESIASTICJE
1110 119 1225 149 LIBER
1248 120 1303 150 ΠΙ.

1683 125 1715 158 26
1719 126 1754 158 30

116 178 265 215 Καλχηδόνι
284 177 392 205 σύνοδον
408 174 559 210 ἀναφανδὸν
582 174 793 210 ἀναθεματίσαι.
812 174 899 208 Ὅπερ

956 175 1209 210 Hierosolymorum
1236 175 1275 202 ad
1307 175 1436 204 eumdem
1469 177 1581 205 Petrum
1608 175 1753 215 synodica:

118 227 144 258 ὲς
163 225 289 252 Ἀκάκιον
305 224 381 251 ἐλθὸν
395 223 441 250 τὸν
459 220 775 251 Κωνσταντινουπόλεως
789 220 903 246 συνετά-

120 271 187 307 ραξε.
204 270 315 305 meum
329 278 358 295 τε
371 267 505 302 πεποίηκέ
517 275 594 298 τινας
610 267 642 293 τὰ
655 265 834 302 περὶτούτων
849 265 905 291 εἰσ-

118 317 224 352 ομένους
234 318 243 327 '
259 315 305 347 οὒς
324 314 356 350 δὴ
371 315 476 349 Πέτρος
488 313 671 349 πληροφορείν
687 312 848 358 βορὶόμενος
866 312 904 343 ὡς

117 362 188 388 οὐδὲν
201 361 307 388 τοιοῦτο
319 359 470 395 πεπραχὼς
485 360 540 394 εἴη,
556 359 740 394 ὑπομνήματα
752 358 902 394 γέγραφεν,

117 410 143 436 ὲν
154 407 191 440 οἷς
206 416 278 440 τινες
296 406 527 443 εἰρήκασιμηδὲν
554 405 660 433 τοιοῦτο
687 405 838 433 συνειδέναι
856 412 903 438 γε·

117 454 228 489 γραφότι
245 453 283 488 τῷ
299 453 397 488 Πέτρῳ
413 452 462 487 (5).

957 228 1022 249 suas
1045 221 1129 248 misit.
1148 221 1246 248 Postea
1270 225 1359 249 tamen
1385 222 1497 256 quidam
1521 231 1537 250 ιι
1560 226 1753 253 communione

956 267 1030 295 Petri
1046 275 1107 295 sese
1123 267 1328 302 abjunxcrunt:
1343 273 1426 303 atque
1443 268 1543 296 exinde
1559 270 1658 298 Petrus
1672 271 1752 298 Chal-

955 313 1141 341 cedonenscm
1179 313 1313 349 synodum
1353 314 1463 348 publice
1498 315 1752 344 anathematizant.

955 359 1021 392 Qua:
1040 367 1084 386 res
1106 367 1168 386 eum
1189 359 1316 386 nuntiata
1340 364 1413 387 esset
1432 361 1532 388 Aeacio
1555 361 1752 390 Constantino-

955 406 1051 440 poleos
1067 405 1210 440 episeopo,
1229 413 1284 432 non
1299 406 1475 434 mediocriter
1488 415 1550 434 eum
1564 408 1750 436 conturbavit.

955 451 1030 478 Missi
1051 454 1115 478 sunt
1133 451 1217 486 igitur
1233 451 1268 478 ab
1289 450 1400 484 Acacio,
1425 452 1506 488 350
1525 453 1572 488 qui
1590 454 1629 481 rei
1647 455 1750 482 verita-

119 509 168 530 tem
193 501 376 536 inquirerent.
399 501 507 534 Quibus
531 509 594 529 cum
617 501 717 528 Petrus
739 501 906 536 persuadere
925 499 1019 532 vellet,
1053 499 1122 527 nihil
1155 499 1314 534 huiusmodi
1329 507 1387 526 asc
1399 499 1499 527 factum
1520 508 1592 534 esse,
1609 506 1670 530 acta
1684 509 1750 530 con-

118 549 158 576 tlci
192 549 310 580 curavit,
333 548 361 575 in
398 548 500 583 quibus
523 548 634 583 quidam
657 547 750 575 testati
773 552 846 581 sunt,
868 547 938 575 nihit
958 546 1116 582 hujusmodi
1142 546 1216 581 quod
1236 545 1348 580 quidem
1374 545 1489 579 scirent,
1511 554 1526 573 a
1547 547 1628 576 Petro
1647 549 1750 577 factum

117 593 208 621 fuisse.

464 652 591 678 ΚΕΦΑΛ.
602 651 652 678 lZ'.

116 698 181 733 Περὶ
195 696 238 725 ὧν
261 698 375 732 ἔγραψε
395 697 505 731 Πέτρος
530 698 656 728 Ἀκίικίῳ
674 697 826 732 δεξαμένῳ
844 697 902 731 τὴν

303 735 338 760 ἐν
360 732 531 768 Καλχηδόνι
563 733 705 759 σύνοδον.

148 786 231 821 Οὗτος
246 789 260 815 ὁ
272 788 386 824 Πέτρος,
406 789 444 821 ὼς
467 788 593 824 κόθορνος
610 788 648 823 (4)
666 789 714 815 καὶ
735 789 902 824 παλῖμὸολος
918 800 942 829 Β

114 837 158 863 καί
176 837 230 867 τοῖς
246 836 351 871 καιροῖς
364 834 612 870 συνδιατιθέμενος.
628 835 728 869 ἥκιστα
744 835 813 869 πρὸς
837 835 901 870 μίαν

84 875 87 876 ν
113 882 177 916 ἔστη
192 881 304 916 γνώμην
318 888 325 894 ·
347 880 394 907 νῦν
408 880 458 914 μὲν
472 880 678 915 ὰναΟεματίζων
690 880 738 915 τὴν
752 881 779 906 ὲν
792 880 903 915 Καλχη-

112 927 164 954 δόνι
180 926 287 952 σύνοδον
302 933 309 941 ·
325 925 372 952 νῦν
386 926 424 958 δὲ,
441 925 606 960 παλινῳδίαν
621 925 719 959 λέγων,
737 925 783 952 καὶ
799 926 901 960 ταύτην

112 973 209 1007 ψήφοις
219 973 337 1003 ἁπάσαις
352 972 505 1007 δεχόμενος.
519 971 645 1006 Γέγραφε
657 971 746 998 τοίνυν
756 971 901 1006 ἐπιστολὴν

112 1020 127 1047 ὁ
141 1019 220 1050 αὐτὸς
236 1019 337 1054 Πέτρος
357 1019 426 1054 πρδς
448 1018 576 1044 Ἀκέικιον
601 1018 647 1044 τὸν
662 1019 712 1053 τῆς
727 1018 900 1044 Κωνσταντι-

112 1064 262 1096 νουπόλεως
276 1064 417 1099 πρόεδρον,
432 1064 478 1090 ἐπὶ
493 1063 591 1097 λέξεως
608 1064 722 1098 ἔχουσαν
745 1063 831 1095 οὕτως
843 1071 849 1078 ·
872 1063 901 1090 Ὁ

113 1111 176 1142 Θεὸς
192 1112 205 1137 ό
229 1110 341 1145 ὕψιστος
368 1111 417 1145 τὴν
441 1111 492 1145 σὴν
505 1109 660 1144 ἁγιωσύνην
676 1109 834 1144 ἀμείψηται,
849 1110 901 1136 ὑπό

111 1166 140 1183 τε
154 1157 242 1183 πόνων
317 1156 364 1182 καὶ
389 1156 520 1191 καμάτων
541 1155 687 1186 τοσούτων,
705 1152 742 1182 ὧν
765 1155 900 1190 περιόδοις

111 1203 214 1239 χρόνων
236 1201 371 1237 ἐφύλαξας
397 1202 446 1237 τὴν
463 1201 516 1228 τῶν
540 1202 626 1235 ἁγίων
647 1202 777 1237 Πατέρων
796 1202 898 1234 πίστιν,

111 1250 143 1284 ἢν
157 1248 374 1280 ἀκαταπαύστως
397 1248 540 1284 κηρύττων
564 1247 742 1279 ἐϐεϐαίωσας.
764 1248 808 1274 Ἐν
853 1248 900 1274 κοιλ¹

112 1295 142 1320 τὸ
164 1294 298 1328 σύμϐολον
321 1294 447 1328 κείμενον
464 1293 518 1319 τῶν
534 1296 587 1328 τιη¹
603 1293 687 1326 ἁγίων
704 1293 835 1328 Πατέρων
851 1294 898 1319 εὐ-

113 1340 204 1375 ρόντες
219 1338 384 1372 ἀκολούθως,
397 1340 425 1364 ὲν
436 1336 458 1372 ᾧ
484 1338 678 1374 βαπτισοέντες
699 1339 899 1374 ἐπιστεύσαμεν

111 1386 158 1412 καὶ
184 1385 347 1420 πιστεύομεν
363 1393 369 1400 ·
402 1385 473 1420 ὅπερ
494 1385 541 1411 καὶ
566 1385 735 1411 ἐϐεϐαίωσαν
752 1385 776 1411 οἱ
801 1385 898 1411 συνελ-

110 1432 201 1463 θόντες
229 1432 258 1457 ὲν
283 1431 568 1458 Κωνσταντινουπόλει
597 1430 669 1465 ἅγιοι
698 1431 820 1466 ιΙατέρες
849 1434 897 1466 {-v’.

1264 650 1340 677 CAP.
1360 649 1442 677 XVII.

955 697 994 724 De
1010 697 1049 724 Itis
1062 704 1120 732 qua:
1137 696 1231 723 Petrus
1253 696 1407 732 scripsitad
1421 696 1556 728 Acacium,
1575 697 1621 732 qni
1642 696 1752 725 Clmlce‘

1122 733 1265 758 doncnsem
1283 731 1411 766 synodum
1424 736 1585 766 susceperat.

994 788 1044 815 llic
1064 788 1138 815 enim
1156 788 1265 819 Petrus,
1292 787 1377 814 veluti
1396 787 1552 815 cothurnus
1580 788 1692 823 quidam
1719 796 1751 816 ac

956 838 1108 866 veterator,
1125 837 1154 860 et
1182 833 1230 868 qui
1252 833 1425 867 temporibus
1441 840 1501 860 sese
1517 835 1748 866 accommodaret,

955 879 982 906 in
1000 879 1096 907 eadem
1113 879 1250 906 sententia
1271 879 1383 906 minimc
1396 880 1593 914 perseveravit.
1611 880 1663 908 Sed
1675 888 1751 909 nunc

954 925 1209 953 Chalcedonensem
1238 925 1372 960 synodum
1398 925 1450 952 sub
1483 926 1658 954 anathemate
1674 927 1751 955 dani-

955 972 1060 999 nabat:
1074 980 1149 999 nunc
1165 972 1333 1007 palinodiam
1350 979 1462 1004 canens,
1478 973 1603 1000 eamdem
1620 973 1750 1002 omnibus

955 1019 1095 1054 suifragiis
1107 1019 1336 1054 amplectebatur.
1349 1019 1443 1053 itaque
1466 1019 1611 1053 epistolam
1637 1020 1750 1055 scripsit

955 1064 988 1091 ad
1004 1063 1134 1091 Acacium
1148 1064 1486 1098 Constantinopolitanum
1504 1064 1666 1097 antistitem,
1687 1062 1749 1099 quae

954 1110 988 1137 ad
1003 1110 1117 1137 verbum
1132 1110 1172 1137 sic
1194 1110 1278 1137 habet
1299 1118 1305 1136 :
1331 1110 1404 1136 Deus
1430 1110 1580 1137 altissimus
1609 1110 1748 1138 sanctitati

955 1159 1009 1181 tua:
1028 1155 1183 1182 mercedem
1211 1154 1346 1189 rependet
1368 1161 1418 1188 pro
1439 1153 1523 1180 tantis
1553 1154 1695 1182 laboribus
1717 1162 1748 1182 ac

954 1200 1097 1233 molestiis,
1114 1208 1183 1235 quas
1198 1207 1247 1235 per
1265 1204 1302 1227 tot
1314 1207 1451 1227 annorum
1463 1199 1600 1227 curricula
1613 1201 1748 1227 sustinui-

954 1247 1000 1278 sti,
1017 1251 1175 1274 sanctorum
1203 1247 1314 1273 Patrum
1335 1245 1415 1272 ﬁdem
1433 1254 1602 1274 conservans
1629 1255 1635 1273 :
1664 1254 1748 1281 quant

954 1293 1066 1329 quidem
1083 1293 1192 1320 assidue
1208 1292 1360 1327 prtcdicans
1377 1292 1557 1319 conﬁrmasti.
1575 1292 1633 1325 Qua
1645 1291 1673 1320 in
1694 1293 1748 1321 lide

954 1339 1112 1376 symbolum
1127 1346 1238 1373 quoque
1265 1342 1451 1365 trecentortnn
1466 1343 1493 1364 et
1510 1338 1662 1365 octodecim
1683 1346 1740 1365 san-

954 1391 1060 1413 ctorum
1076 1384 1188 1411 Patrum
1202 1389 1276 1411 recte
1294 1388 1376 1418 atque
1392 1383 1488 1411 ordine
1503 1384 1624 1418 positum
1638 1384 1747 1411 inveni-

954 1440 1016 1459 mus
1033 1441 1039 1458 :
1060 1432 1086 1458 in
1105 1439 1160 1466 quo
1177 1432 1243 1458 olim
1260 1431 1391 1465 haplizati
1418 1431 1600 1463 credidimus,
1620 1437 1649 1459 et
1673 1439 1748 1459 nunc

117 1477 348 1509 Ἀκαταπαύστως
365 1476 454 1503 τοίνυν
469 1477 573 1519 πάντας
591 1477 707 1511 ὁδηγῶν,
719 1477 829 1512 ἦνωσας
851 1478 899 1512 τὴν

956 1477 1107 1505 credimus:
1124 1477 1196 1512 quod
1209 1476 1319 1512 quidem
1335 1480 1417 1503 etiam
1445 1477 1637 1505 confirmalnnt
1662 1482 1705 1505 est
1732 1486 1747 1505 ιι

109 1524 192 1558 ἁγίαν
208 1523 256 1550 τοῦ
272 1522 339 1550 Θεοῦ
364 1523 539 1557 Ἐκκλησίαν,
555 1523 652 1554 πείσας
669 1524 743 1558 ἡμᾶς
758 1523 803 1549 διὰ
820 1523 900 1558 μεγί-

109 1563 180 1597 στων
205 1570 411 1605 ὑποδειγμάτων
427 1570 464 1600 ὡς
486 1569 561 1595 οὐδέν
579 1570 636 1596 ἐστι
654 1570 731 1604 παρὰ
749 1570 835 1596 ταῦτα
850 1578 899 1596 πε-

108 1617 265 1651 πραγμένον
281 1617 309 1642 ὲν
325 1617 358 1651 τῇ
380 1615 521 1651 ἁγιωτάτῃ
538 1615 584 1641 καὶ
603 1616 779 1650 οἰκουμενικῇ
796 1616 899 1651 συνόδῳ

107 1663 139 1696 τῇ
147 1662 176 1688 ἐν
188 1660 339 1696 Καλχηδόνι
354 1660 499 1696 γενομένῃ,
510 1659 654 1694 συμφωνού
660 1668 707 1694 σης
718 1661 764 1686 καὶ
773 1659 898 1693 βεϐαιού-

108 1716 157 1743 σης
173 1707 221 1741 (m)
237 1707 273 1733 τὰ
285 1708 340 1738 τοῖς
356 1707 384 1733 ὲν
409 1706 512 1741 Νικαίᾳ
536 1705 625 1739 ἁγίοις
646 1706 795 1740 Πατράσιν.
814 1706 897 1732 Οὐδὲν

105 1754 160 1788 γὰρ
192 1753 318 1788 εὑρόντες
337 1751 432 1778 καινὸν
456 1751 609 1782 αὐτοτελῶς
631 1752 835 1787 συνεστήσαμεν
850 1752 898 1779 καὶ

105 1798 342 1832 πεπιστεύκαμεν.
358 1796 567 1832 Μεμαθήκαμεν
579 1795 666 1827 sub;
679 1797 751 1827 τινὲς
768 1796 898 1831 μονάζον-

103 1854 150 1876 τες
167 1843 327 1879 φθονοῦντες
341 1845 374 1878 τῇ
395 1842 475 1878 ἡμῶν
501 1842 671 1878 ἀδελφότητι,
691 1844 730 1874 εἰς
750 1843 798 1874 τὰς
822 1843 898 1878 ὑμῶν

101 1890 182 1920 ὁσίας
206 1889 290 1920 ἀκοὰς
305 1889 469 1923 εἰσήνεγκαν
484 1886 619 1922 λοιδορίας
636 1888 723 1920 τινὰς,
741 1888 790 1914 οὐκ
819 1889 897 1923 εὐχε-

103 1936 160 1972 ρῶς
178 1935 351 1971 μεταγούσας
366 1935 405 1965 εἰς
417 1933 507 1967 λύπην
533 1933 582 1969 τὴν
597 1933 676 1969 ἡμῶν
689 1934 824 1969 ὁσιότητα.
843 1934 897 1961 Καὶ

101 1982 214 2018 πρῶτον
231 1981 279 2017 μὲν
295 1980 333 2013 ὡς
348 1980 382 2007 τὰ
407 1979 524 2015 λείψανα
547 1978 594 2006 τοῦ
615 1980 644 2006 ἐν
661 1980 748 2014 ἁγίοις
765 1980 802 2016 (6)
815 1980 895 2016 ἡμῶν

953 1527 1064 1550 centum
1081 1528 1108 1550 et
1121 1522 1322 1558 quinquaginta
1335 1523 1438 1550 sanctis
1455 1523 1585 1550 Patribus
1609 1524 1656 1559 qui
1674 1524 1748 1552 Con-

953 1569 1133 1603 stantinopoli
1148 1573 1350 1596 convenerunt.
1364 1569 1405 1596 Tu
1432 1577 1498 1605 ergo
1519 1570 1578 1597 sine
1607 1570 1749 1599 intermis.

952 1615 1031 1642 sione
1046 1616 1118 1641 viam
1133 1615 1262 1642 omnibus
1274 1619 1441 1647 monstrans,
1458 1621 1578 1642 sanctam
1590 1616 1637 1643 Dei
1655 1617 1749 1644 Eccle-

952 1660 1021 1687 siam
1041 1660 1168 1687 adunasti
1183 1668 1189 1691 ;
1206 1659 1309 1694 quippe
1326 1659 1373 1694 qui
1390 1660 1554 1688 certissimis
1575 1662 1748 1696 argumentis

952 1705 1033 1733 nobis
1048 1706 1231 1740 persuaseris,
1247 1705 1319 1732 nihil
1336 1710 1432 1733 contra
1456 1705 1515 1733 haec
1533 1711 1625 1734 aetum
1643 1715 1704 1734 esse
1717 1707 1746 1735 in

951 1750 1123 1778 sanctissima
1140 1755 1167 1778 et
1177 1751 1327 1778 universali
1352 1751 1458 1786 synodo
1485 1759 1547 1785 qua:
1572 1751 1746 1780 Chalcedone

952 1801 1115 1832 congregata
1139 1798 1310 1831 estz'utpote
1327 1805 1388 1831 qua:
1405 1804 1467 1824 cum
1495 1798 1599 1825 sanctis
1618 1799 1753 1831 Patuibus‘

952 1844 1017 1871 olim
1029 1844 1126 1870 Nicaare
1143 1843 1267 1870 collectis
1282 1843 1454 1876 consentiat,
1471 1851 1622 1878 eorumque
1635 1845 1745 1873 decreta

952 1890 1107 1917 conﬁrmet.
1123 1889 1192 1917 Cum
1213 1889 1379 1924 igiturnihil
1394 1890 1420 1916 in
1441 1897 1472 1916 ea
1496 1895 1626 1918 novatum
1644 1891 1745 1927 dcpre~

952 1935 1144 1967 hcnderimus,
1166 1935 1241 1961 ultro
1255 1942 1288 1961 ac
1309 1939 1407 1969 sponte
1417 1943 1582 1962 consensum
1600 1944 1631 1963 ac
1663 1937 1744 1964 tidem

950 1982 976 2009 ei
988 1981 1268 2009 accommodarimus.
1280 1981 1466 2016 Cognovimus
1478 1986 1569 2009 autem
1596 1983 1745 2011 monachos

696 2050 833 2079 VALESH
859 2050 1141 2079 ANNOTATIONES.

99 2103 232 2131 Ammone
254 2103 280 2127 et
302 2100 406 2127 Joanne
427 2099 546 2134 episcopo
567 2097 705 2134 Magiteos,
722 2102 755 2134 et
765 2098 796 2124 ab
818 2098 898 2125 abba-

99 2138 172 2165 tibus
196 2136 384 2163 monac/torum
410 2132 543 2169 inferioris
574 2132 681 2169 {Egypti
703 2132 772 2160 bella
793 2141 896 2168 passus,

98 2177 126 2201 et
147 2172 278 2200 seditione
293 2171 316 2197 ei
334 2171 360 2197 in
377 2169 498 2197 Ctesarea
521 2168 629 2195 basilica
653 2172 680 2194 ut
701 2169 797 2195 dicitur
814 2169 896 2202 facta,

98 2206 342 2241 anathematizauit
358 2205 487 2241 synodum
502 2203 740 2241 Chalcedonenscm
755 2208 781 2241 et
799 2208 898 2241 tomum

99 2242 183 2279 papa?
198 2241 301 2279 lagonis:
317 2239 350 2279 _Et
363 2239 417 2279 tunc
434 2239 502 2273 fecit,
523 2247 581 2279 eum
593 2239 652 2273 jam
666 2239 813 2273 scripsisset
827 2239 896 2266 Aca-

98 2274 144 2305 cid
163 2281 188 2303 et
205 2275 351 2310 Simplicio.
371 2275 434 2310 quia
448 2274 655 2310 communicator
675 2282 765 2300 eorum
787 2278 852 2300 esset
873 2279 897 2300 et

97 2318 206 2341 sanctae
216 2309 319 2346 synodi.
337 2309 422 2338 Et'his
434 2310 472 2336 ita
489 2309 578 2346 gestis,
594 2309 773 2346 abscesserunt
788 2309 897 2343 quidam

97 2357 116 2374 α
137 2347 214 2374 Petri
232 2344 427 2377 cornmunione,
444 2349 468 2371 et
487 2344 599 2370 Romam
616 2344 803 2370 nuntiaverunt
822 2353 898 2378 papw

96 2382 237 2409 Romano.
257 2381 322 2413 Quae
344 2387 407 2407 cum
430 2380 486 2406 sint
508 2379 576 2406 satis
604 2378 733 2409 obscura,
755 2380 791 2405 ita
815 2387 900 2413 expo-

97 2417 195 2444 nenda
221 2424 282 2443 esse
308 2415 374 2441 mihi
401 2414 540 2441 videntur.
570 2413 669 2440 Petrus
695 2413 896 2448 Mongus,cum

96 2452 127 2478 in
157 2451 255 2478 sedem
281 2449 492 2476 Alexandrinam
522 2449 600 2483 pulso
622 2449 727 2476 Joanne
753 2449 896 2477 restitutus

95 2492 188 2515 esset.
218 2486 309 2520 prium
328 2485 440 2518 quidem
459 2483 674 2520 simulalewcrgit,
701 2489 729 2520 et
750 2484 895 2520 synodicas

93 2519 261 2548 litterasrad
277 2520 405 2547 Acacium
420 2525 447 2546 et
460 2519 493 2546 ad
508 2519 680 2553 Simplicium
693 2519 777 2548 misit.
795 2519 895 2553 quibus

93 2564 128 2584 se
148 2556 416 2584 colnmunieatorem
431 2562 491 2581 esse
509 2554 639 2581 Chalced.
660 2554 755 2589 synodi
778 2555 898 2581 allirma-

92 2591 159 2618 bat.
182 2591 238 2618 Eos
253 2598 362 2625 quoque
379 2589 425 2624 qui
444 2593 523 2625 erant
545 2597 578 2616 ex
598 2594 676 2624 parte
692 2589 828 2625 Timothei
850 2590 898 2616 Sa-

92 2625 238 2657 lofacioli,
263 2624 298 2651 'in
320 2624 554 2651 communionem
583 2632 660 2650 suam
686 2624 816 2656 admisit,
858 2625 896 2652 ιιιὶ

93 2666 225 2689 testatur
249 2660 404 2687 Liberatus.
432 2659 529 2687 Postea
550 2667 615 2685 vero
634 2667 697 2686 eum
715 2660 750 2686 ob
767 2660 838 2687 hanc
862 2660 893 2686 si-

91 2695 285 2724 mulationem
298 2696 451 2729 exagitatus
466 2698 539 2721 esset
555 2694 590 2721 ab
606 2694 783 2729 Eutycbianis
802 2703 897 2722 mona-

89 2731 173 2764 chis,
188 2730 299 2766 publice
312 2728 339 2756 in
353 2728 480 2757 Ecclesia
493 2729 628 2765 synodum
644 2730 897 2757 Chalcedonensem

953 2098 1207 2126 anathematizavit.

988 2133 1025 2169 (5)
1047 2135 1212 2167 Γεγριιςςότι
1227 2132 1267 2165 τῷ
1283 2132 1390 2169 Πέτρῳ.
1409 2132 1592 2169 scribendum
1617 2134 1682 2161 mihi
1704 2136 1744 2161 vi-

951 2168 1032 2196 detur
1059 2169 1222 2203 πεπραχότι.
1248 2169 1338 2203 Atque
1363 2168 1400 2195 ita
1426 2168 1493 2204 legit
1520 2168 1691 2204 Nicephorius
1714 2172 1742 2198 in

917 2203 937 2230 ι)
953 2212 1013 2239 cap.
1034 2205 1077 2236 15,
1098 2204 1146 2231 lib.
1167 2212 1223 2231 xw.

987 2240 1025 2272 (4)
1046 2240 1156 2272 Πέτρος
1171 2240 1187 2265 ό
1221 2239 1374 2273 κόθορνος.
1391 2238 1470 2265 llune
1484 2240 1689 2273 locum'parlim
1708 2249 1740 2268 ex

951 2273 1117 2309 Nieephoro,
1135 2274 1234 2309 partim
1249 2274 1420 2309 auctoritate
1434 2273 1582 2301 Florentini
1597 2275 1700 2303 codicis
1714 2282 1743 2304 et

952 2308 1100 2336 Telleriani
1116 2308 1272 2336 emendavi.
1297 2309 1383 2344 Porro
1407 2308 1441 2336 dc
1465 2309 1537 2337 Petri
1557 2310 1666 2344 ingenio
1682 2319 1742 2338 mo-

952 2344 999 2371 bili
1019 2352 1051 2371 ac
1074 2344 1260 2374 fraudulento.
1287 2343 1360 2371 idem
1385 2347 1501 2371 testatur
1527 2345 1672 2372 Liberatus
1700 2346 1743 2374 his

951 2379 1044 2406 verbis
1059 2387 1065 2406 :
1079 2378 1130 2406 Sed
1143 2380 1288 2414 permansit
1304 2378 1398 2406 Petrus
1410 2379 1437 2406 in
1454 2381 1613 2415 episcopatu,
1628 2381 1742 2408 scribens

952 2414 1048 2441 Aracio
1071 2415 1134 2449 quia
1156 2419 1220 2441 esset
1239 2414 1332 2449 synodi
1347 2417 1565 2447 communicator,
1594 2420 1619 2442 ct
1644 2415 1742 2449 fallens

949 2449 1144 2477 Alexandrinos
1161 2450 1224 2484 quia
1240 2458 1292 2476 non
1304 2451 1510 2485 communicaret
1519 2451 1618 2485 synodo
1634 2459 1642 2477 .'
1660 2451 1698 2477 ita
1713 2456 1741 2478 ut

949 2486 1056 2519 quidam
1065 2485 1318 2512 conununicatorun:
1330 2485 1386 2520 ejus
1395 2484 1492 2517 clerici,
1503 2484 1624 2512 monac/ii
1633 2491 1656 2512 et
1669 2485 1741 2518 laici,

948 2525 1130 2555 cognoscentes
1149 2521 1205 2556 ejus
1222 2519 1370 2556 fallaciam,
1396 2521 1579 2554 separaverint
1596 2529 1623 2547 se
1635 2520 1666 2547 ab
1684 2521 1740 2556 ejus

947 2556 1141 2582 t‘onnnunione.
1162 2555 1195 2581 Et
1216 2560 1291 2582 extra
1313 2555 1436 2582 collectas
1455 2556 1580 2590 facientes
1595 2563 1646 2582 non
1670 2555 1742 2590 pass!

946 2594 1006 2616 sunt
1025 2591 1125 2617 nomini
1142 2591 1198 2625 ejus
1215 2591 1420 2617 communicare.
1593 2603 1595 2605 -

984 2626 1020 2659 (5)
1040 2625 1114 2651 Ὑπύ
1125 2634 1157 2651 τε
1171 2626 1282 2652 πόνων.
1295 2625 1477 2652 Scrihendum
1491 2630 1533 2653 est
1544 2625 1641 2659 procul
1656 2625 1741 2653 dubio

949 2660 1018 2696 ὑπέρ
1031 2669 1060 2686 τε
1074 2661 1173 2696 πόνων.
1191 2660 1244 2687 Pro
1264 2660 1591 2696 ᾁμείρηταινΙθεθιιᾱιιιιιν
1603 2665 1646 2687 est
1662 2661 1742 2696 ἀμεί-

948 2695 1038 2730 ψεται,
1060 2699 1090 2722 ιιι
1115 2695 1197 2722 habet
1219 2695 1305 2722 codex
1329 2695 1501 2722 Telleriunus
1520 2700 1549 2722 et
1572 2695 1686 2730 Niceph.

984 2731 1021 2765 ((3)
1041 2730 1087 2763 Ὡς
1098 2731 1134 2757 τὰ
1148 2731 1282 2764 ,λείψανα
1296 2730 1347 2757 τοῦ
1360 2730 1394 2756 ἐν
1408 2730 1514 2764 ἁγίοις.
1526 2730 1670 2767 Objeetum
1681 2731 1742 2767 quiq

821 2790 1014 2818 \‘AlthﬂUM.

131 2837 188 2875 (m)
210 2838 439 2872 Συμφωνούσης
455 2837 502 2864 καὶ
516 2837 711 2871 βεὸιιιούσης.
733 2837 892 2873 Lugendum

913 2839 1096 2876 συμφωνούσῃ
1114 2839 1162 2866 καὶ
1176 2837 1336 2874 βεϐαιούσῃ.
1362 2838 1405 2866 W.
1426 2838 1537 2868 Lowru.
