1964 3067
81 132 149 165 2701

118 189 164 223 ς’.
185 190 252 225 Περὶ
273 189 435 226 Ἐφραιμίου
449 193 494 219 τοῦ
512 195 581 228 μετὰ
597 191 761 230 Εὐνςρᾶσιον.

116 236 152 262 Z’.
176 237 243 272 Περὶ
270 238 383 273 Ζωοιμςῖ
407 240 454 266 καὶ
485 240 606 267 Ἰωάννου
626 242 680 268 τῶν
696 241 870 278 θαυματουρ-

78 280 146 314 γῶν.

113 328 156 354 Η¹.
177 327 244 362 Περὶ
260 328 411 356 καθολικῶν
428 331 607 368 παθημάτων.

111 371 152 399 8⁷.
173 372 217 404 Ὠς
235 374 377 406 Ἰουστῖννις
392 375 432 402 ἔτι
442 376 496 408 ζῶν
507 377 720 412 συμϐασιλεύειν
733 378 808 414 αὐτῷ
821 379 867 407 τὸν

83 417 270 445 Ἰουστινιανὺν
286 420 383 447 εἵλετο.

111 464 139 490 l'.
158 464 219 490 Ὅτι
239 465 427 498 ’1ουστινιανὸς
453 468 513 503 μὲν,
535 469 599 501 τοὺς
619 469 669 504 τὴν
684 469 865 506 Χαλκηδόνιον

74 509 186 536 σύνοδον
216 511 432 546 ἀποδεχομένους
456 515 568 549 ἠγάπα·
597 515 723 551 Θεοδὼρα
750 516 779 543 δὲ
801 517 864 550 τοὺς

74 556 215 588 ἐναντίους
229 557 289 584 ἕστε
295 567 370 593 ργεν.

109 603 161 628 IA'.
197 603 241 634 Ὡς
273 604 407 639 Ἀνθιμον
432 605 479 632 τὸν
507 607 822 642 Κωνσταντινουπόλεως
848 611 862 637 ὁ

71 648 192 683 Σευῆρος
218 649 371 686 διέστρεψε,
397 652 444 678 καὶ
473 652 615 680 Θεοδόσιον
647 654 693 681 τὸν
732 656 860 688 Ἀλεξαν-

69 693 165 728 δρείας
189 694 237 727 οὓς
260 696 275 721 ὁ
311 696 438 731 βασιλεὺς
466 697 607 731 ἐξελάσας,
640 700 751 735 ἐτέρους
793 710 860 729 κατ-

67 739 195 774 ἐστησεν.

104 785 155 815 IB'.
175 787 222 814 Ἐκ
234 787 283 822 τῆς
298 788 419 823 ἱστορίας
435 790 588 826 Προκοπίου
606 791 770 826 Καισαρέως
793 793 857 828 περὶ

66 832 196 859 Καὸάδου
215 834 261 860 τοῦ
277 834 391 870 Περσῶν
415 835 557 870 βασιλέως,
578 838 624 864 καὶ
652 838 773 873 Χοσρόου
797 839 855 866 υἱοῦ

64 878 160 904 αὐτοῦ.

101 923 150 950 ll".
164 924 232 958 Περὶ
254 925 486 963 Ἀλαμουνδάρου,
499 928 547 955 καὶ
568 928 727 964 Ἀζαρέτουκ
742 932 789 957 καὶ
803 932 854 966 τῆς

62 970 94 995 ὲν
116 969 258 1006 Βυζαντίῳ
288 972 420 1006 στάσεως,
440 971 496 1009 τῆς
521 976 636 1011 ἐπίκλην
666 976 802 1013 λαϐούσης
822 979 853 1006 τὸ

61 1015 148 1043 Νίκα.

98 1061 149 1087 ΙΔ’.
166 1061 236 1096 Περὶ
258 1062 408 1098 Ὀνωρίχου
420 1064 468 1092 τοῦ
494 1066 631 1095 Βανδίλων
645 1068 786 1105 ἄρχοντος,
805 1071 852 1098 καὶ

59 1106 116 1132 τῶν
133 1106 413 1143 γλωσσοτομηθέντων
426 1111 597 1145 Χριστιανῶν
614 1114 678 1150 παρ’
704 1115 796 1142 αὑτοῦ.

95 1152 148 1179 1Ε¹.
163 1153 231 1188 Περὶ
251 1154 403 1182 Καὸαώνου
415 1156 462 1183 τοῦ
480 1158 666 1193 Μαυρουσίου.
810 1186 812 1188 .

96 1198 155 1232 ΚΤ.
167 1198 232 1234 Περὶ
241 1199 289 1234 τῆς
303 1199 482 1237 Βελισσαρίου
499 1204 569 1231 κατὰ
583 1206 719 1234 Βανδίλων
735 1209 850 1244 ἐκστρα-

56 1243 145 1276 τείας,
160 1244 208 1270 καὶ
223 1245 272 1280 τῆς
286 1246 389 1273 τούτων
408 1247 633 1284 ὲξολοθρεύσεως.

93 1288 145 1316 IZ'.
163 1290 232 1325 Περὶ
246 1290 300 1317 τῶν
325 1292 379 1319 άπὸ
402 1293 535 1330 Ἀφρικῆς
559 1296 691 1325 ἐλθόντων
709 1300 846 1337 λαφύρων.

92 1335 147 1362 IH’.
163 1336 232 1372 Περὶ
255 1338 310 1364 τῶν
337 1338 391 1365 ἀπὸ
417 1340 566 1375 προσώπου
591 1343 679 1379 Ἰησοῦ
695 1345 753 1372 υἱοῦ
769 1335 846 1384 Ναυῆ

54 1381 253 1416 ἀποφυγόντων
267 1383 408 1412 Φοινίκων.

91 1428 142 1454 Ιθι.
177 1428 245 1465 Περὶ
269 1429 431 1466 Θευδερίχου
463 1434 510 1462 τοῦ
535 1434 635 1462 Γότθου
657 1437 705 1464 καὶ
732 1438 786 1465 τῶν
814 1440 844 1466 ἐν

59 1471 155 1509 Ῥώμῃ
188 1475 349 1509 συμϐάντων
375 1477 421 1504 ὑπ’
450 1479 534 1505 αὑτοῦ
561 1481 625 1516 ἄχρι
658 1483 712 1510 τῶν
739 1485 844 1519 χρόειων

58 1515 259 1550 Ἰουστινιανοῦ,
275 1521 322 1546 καὶ
336 1520 374 1552 ὡς
391 1522 472 1549 πάλιν
486 1524 502 1558 ἡ
520 1515 614 1561 Ῥώμη
629 1527 681 1553 ὑπὸ
699 1527 844 1564 Ῥωμαίοις

51 1560 177 1594 γέγονεν,
193 1563 344 1598 Οὑϊτίγιδος
361 1568 493 1602 φυγόντος
504 1569 554 1596 ὑπὸ
570 1560 664 1599 αὐτοῦ.

88 1607 130 1635 κ’.
162 1609 206 1640 Ὠς
222 1610 247 1636 οἱ
275 1611 418 1648 λεγόμενοι
438 1616 573 1651 Ἕρουλοι,
602 1620 631 1646 ἐν
653 1622 709 1652 τοῖς
737 1623 842 1657 χρόνοις

54 1652 246 1682 Ἴουστινιανοῦ
264 1657 480 1692 ἐχριστιάνισαν.

86 1699 153 1727 KA'.
176 1700 219 1732 Ὠς
231 1703 312 1730 πάλιν
327 1704 380 1731 ὑπὸ
395 1706 506 1739 Γότθοις
530 1711 676 1743 γεγονυῖαν
701 1712 751 1747 τὴν
773 1713 841 1740 Ῥὼρ

48 1752 118 1780 μην,
132 1743 209 1778 αὖθις
223 1749 237 1774 ὁ
254 1747 412 1786 Βελισάριος
425 1753 592 1781 ἀνεσώσατο.

84 1792 151 1820 ΚΒ’.
176 1792 220 1826 Ὠς
234 1796 282 1822 καὶ
305 1795 434 1831 ’Λὸασγοὶ
447 1800 600 1834 τηνικαῦτα
625 1803 838 1838 ἐχριστιάνισαν,

83 1881 150 1909 ΚΓ.
172 1882 216 1915 Ὠς
233 1885 279 1911 καὶ
294 1886 319 1912 οἱ
335 1886 380 1913 τδν
400 1887 501 1915 Τάναϊν
518 1890 668 1924 οἰκοῦντες,
687 1894 838 1928 τηνικαῦτα

43 1927 268 1962 ἑχριστιάνισαν·
299 1934 346 1958 καὶ
371 1934 435 1968 περὶ
461 1935 582 1970 σεισμῶν
607 1938 636 1963 ὲν
657 1937 761 1966 Ἑλλάδι
789 1941 838 1968 καὶ

48 1975 149 2010 Ἀχαΐᾳ
164 1977 326 2011 γεγονότων.

81 2063 144 2091 KA'.
162 2065 230 2100 Περὶ
255 2066 367 2103 Napaei?
382 2069 429 2096 τοῦ
445 2072 601 2107 στρατηγοῦ
617 2073 663 2100 καὶ
681 2073 835 2109 θεοφιλείας

37 2109 138 2137 αὑτοῦ.

78 2162 144 2192 κε’.
169 2163 213 2196 Ὠς
227 2166 241 2192 ὁ
263 2166 387 2203 Χϋσρόης
407 2168 497 2205 φθόνῳ
519 2173 614 2205 τακεὶς
629 2175 676 2202 ἐπὶ
702 2178 763 2208 ταῖς
789 2177 834 2204 εὐ-

38 2208 173 2243 ημερίαις
197 2210 396 2246 Ἰουστινιανοῦ,
411 2216 483 2242 κατὰ
503 2216 647 2253 Ῥωμαίων
656 2221 830 2256 ἐστράτευσε,

38 2253 90 2279 καὶ
105 2253 235 2287 πλείστας
252 2255 341 2288 πόλεις
359 2259 469 2286 καθεῖλε
491 2261 657 2297 Ῥωμαϊκὰς,
674 2253 712 2292 ἐν,
726 2265 771 2298 αῖς
786 2253 834 2294 καί,

35 2299 90 2334 τὴν
106 2300 227 2335 μεγάλην
245 2301 423 2341 Ἀντιόχειαν.

75 2346 150 2379 KG’.
167 2347 236 2382 Περὶ
250 2348 298 2374 τοῦ
315 2351 458 2384 γεγονότος
475 2351 617 2388 θαύματος
639 2357 668 2383 ὲν
694 2357 832 2394 Ἀπαμείᾳ.

33 2390 86 2417 τοῦ
103 2392 195 2426 τιμίου
211 2394 258 2420 καὶ⁸
268 2393 403 2426 ζωοποιοῦ
423 2396 504 2429 ξύλου
517 2399 564 2426 τοῦ
581 2402 711 2438 σταυροῦ.

73 2436 139 2464 κζ’.
154 2438 220 2474 Περὶ
239 2440 287 2475 τῆς
300 2441 340 2472 είς
354 2441 485 2471 Ἔδεσσαν
501 2436 681 2482 ἐκστρατείας
694 2450 815 2487 Χοσρόου

70 2528 141 2556 κη’,
151 2529 218 2565 Περὶ
225 2530 271 2557 τοῦ
281 2532 423 2566 γεγονότος
434 2535 462 2560 ὲν
469 2535 582 2570 Σεργίου
592 2538 667 2566 πόλει
677 2539 726 2567 θαὺ
732 2550 826 2576 ματος.

70 2574 137 2602 κεν.
152 2575 219 2611 Περὶ
235 2577 282 2603 τοῦ
297 2578 422 2613 λοιμικοῦ
439 2581 552 2614 πάοους,

68 2619 110 2646 Λ’.
146 2621 214 2657 Περὶ
258 2623 304 2658 τῆς
336 2624 565 2662 φιλοχρηματίας,
591 2630 637 2658 καὶ
671 2632 824 2667 ἀπληστίας

33 2666 238 2697 Ἰοῦστινιανοῦ.

64 2713 131 2741 AA'.
161 2715 227 2752 Περὶ
251 2718 298 2744 τοῦ
315 2719 435 2753 μεγάλου
451 2721 516 2748 ναοῦ
532 2723 581 2759 τῆς
603 2724 695 2758 Ἀγίας
711 2725 821 2762 Σοφίας,

26 2759 148 2787 καὶτῶν
172 2761 271 2797 ’Λγίων
295 2765 476 2795 ’Λποστάλων.
680 2794 694 2809 ,

62 2806 129 2834 AB’.
156 2808 223 2843 Περὶ
248 2811 297 2844 τῆς
321 2813 350 2838 ἂν
367 2812 405 2848 τῷ
415 2814 512 2850 κυανῷ
535 2817 661 2853 χρώματι
681 2806 727 2846 τοῦ
744 2820 821 2856 βασι-

25 2851 97 2883 λέως
111 2854 212 2888 μανίας
228 2856 330 2890 μᾶλλον
343 2857 359 2893 ἧ
375 2859 477 2893 φιλίας.

530 137 721 169 HISTORIA}
741 140 1038 174 ECCLESIASTICd-I
1066 146 1180 177 LIBER
1202 148 1248 178 IV.

1633 157 1704 189 2702

959 200 1002 227 Vt.
1018 201 1055 228 De
1072 202 1229 236 Ephrmmio
1244 205 1270 232 Et
1285 205 1388 241 phrasii
1408 216 1578 239 successore.

957 245 1011 273 VII.
1037 246 1074 274 De
1089 247 1195 277 Zosima
1213 256 1240 278 et
1255 251 1360 281 Joanne
1383 254 1428 289 qui
1444 257 1585 284 miraculis
1602 257 1710 286 clarue<

920 296 993 318 runt.

954 337 1021 364 VIII.
1035 338 1072 366 De
1085 341 1168 368 totius
1178 343 1254 371 orbis
1273 345 1485 375 calamitatibus.

953 382 999 409 IX.
1023 383 1168 417 Quomodo
1190 388 1316 417 Justinus
1334 392 1424 420 adhuc
1445 389 1551 427 vivens,
1573 395 1706 431 collegam

917 427 1024 462 imperii
1037 430 1221 460 Iustinianum
1235 438 1390 472 assumpsit.

951 473 984 501 X.
1001 474 1126 507 Qualiter
1143 478 1317 508 Justinianus
1331 483 1443 518 quidem
1459 492 1507 512 eos
1531 486 1640 514 amabat
1657 488 1704 521 qui

914 518 1165 551 Chalcedonensem
1181 526 1316 561 synodum
1336 529 1571 563 amplecterentur
1586 540 1593 558 :
1613 532 1705 559 Theo-

914 565 981 594 dora
995 575 1060 595 vero
1078 577 1125 597 eos
1139 573 1186 605 qui
1201 573 1336 608 synodum
1350 574 1423 602 illam
1442 576 1640 611 improbarent.

947 613 993 641 XI.
1010 615 1153 648 Quomodo
1169 618 1288 647 Severus
1297 621 1456 648 Anthimum
1472 623 1704 660 Constantinopo-

911 658 945 688 lis
952 660 1110 696 episcopum
1121 668 1149 690 et
1160 664 1346 693 Theodosium
1357 667 1516 702 episcopum
1532 658 1703 698 Alexandria:

910 708 1084 742 perverterit,
1103 706 1204 744 quibus
1220 711 1286 739 sede
1306 720 1356 740 sua
1376 715 1515 749 expulsis,
1529 715 1703 744 Iustinianus

909 752 978 780 alios
989 754 1144 784 substituit.

944 797 1002 826 XII.
1016 800 1053 828 De
1077 801 1185 830 Cavade
1202 804 1346 832 Persarum
1363 813 1436 842 rege,
1461 812 1489 834 et
1513 808 1547 835 de
1570 809 1625 836 tilio
1639 810 1700 844 ejus

907 843 1047 880 Chosroe,
1076 855 1111 875 ex
1139 849 1218 877 libris
1250 850 1434 879 historiarum
1456 853 1583 889 Procopii
1608 843 1701 883 Cassa-

906 891 1017 919 riensis.

940 937 1009 965 Xlll.
1024 939 1062 966 De
1073 940 1261 970 Alamundaro
1275 948 1302 971 et
1319 944 1434 973 Azareto
1450 954 1459 973 ι
1475 951 1504 974 et
1515 947 1548 975 de
1560 949 1697 977 seditione

904 986 965 1017 qna:
976 988 1036 1012 orla
1046 990 1089 1013 est
1095 986 1344 1024 Constantinopoli,
1357 992 1401 1018 cui
1410 999 1564 1028 cognomen
1576 995 1694 1023 inditum

904 1028 956 1056 fuit
967 1030 1046 1058 Νίκα.
1255 1051 1266 1056 --

938 1075 1007 1105 XIV.
1021 1077 1058 1106 De
1071 1079 1210 1108 Ilunerico
1234 1082 1418 1111 Vandalorum
1431 1093 1504 1121 rege,
1520 1091 1548 1114 et
1565 1087 1599 1114 dc
1610 1087 1693 1115 Chri-

902 1122 998 1150 stianis
1012 1124 1113 1158 quibus
1129 1125 1249 1161 linguam
1261 1129 1470 1166 przecidijussit.

936 1168 993 1195 XV.
1009 1169 1047 1197 De
1061 1169 1188 1206 Cabaone
1201 1173 1305 1201 Mauro.

936 1212 1004 1242 XVI.
1017 1214 1055 1243 De
1069 1215 1194 1244 Belisarii
1210 1220 1385 1254 expeditione
1400 1222 1534 1250 adversus
1542 1223 1689 1257 Vnndalos.

899 1267 1052 1295 eorumque
1068 1262 1268 1292 internecione.

934 1305 1015 1333 XVII.
1033 1307 1070 1334 De
1084 1309 1179 1343 spoliis
1195 1318 1256 1344 quae
1271 1311 1356 1340 relata
1369 1317 1433 1340 sunt
1447 1322 1481 1342 ex
1494 1315 1598 1343 Atrica.

934 1351 1027 1380 XVIII.
1043 1353 1081 1381 De
1092 1355 1272 1385 Phoenicibus
1283 1358 1331 1393 qui
1343 1358 1430 1394 fugati
1446 1366 1511 1388 sunt
1525 1370 1540 1388 a
1552 1362 1616 1390 Iesu
1632 1363 1688 1391 ﬁlio

899 1396 983 1424 Nave.

934 1442 1005 1472 XIX.
1023 1445 1061 1473 De
1078 1446 1252 1477 Theodorico
1268 1450 1422 1480 Gothorum
1446 1461 1521 1489 rege,
1541 1460 1570 1482 et
1592 1455 1625 1483 de
1645 1457 1689 1484 his

897 1497 958 1524 quae
974 1491 1020 1519 illo
1034 1499 1165 1528 regnante
1180 1503 1266 1531 usque
1282 1497 1315 1524 ad
1330 1498 1478 1527 Iustiniani
1492 1505 1617 1536 tempora
1634 1502 1689 1530 Ro-

898 1544 948 1564 ma:
958 1538 1118 1569 aeciderunt
1130 1551 1137 1568 :
1155 1546 1239 1577 utque
1249 1543 1335 1572 Roma
1347 1545 1448 1573 iterum
1462 1547 1490 1574 in
1500 1548 1688 1577 Romanorum

897 1587 1060 1617 potestatem
1076 1588 1184 1615 venerit
1197 1596 1259 1616 eum
1275 1590 1377 1626 Vitiges
1395 1592 1470 1620 illinc
1483 1594 1643 1629 aufugisset.

931 1629 989 1658 XX.
1007 1632 1149 1665 Quomodo
1164 1635 1311 1664 Iustiniani
1328 1640 1497 1673 temporibus
1513 1641 1589 1669 Eruli
1605 1642 1686 1670 Chri-

895 1676 1010 1703 stianam
1025 1678 1106 1707 fidem
1117 1682 1234 1716 amplexi
1247 1683 1312 1711 sint.

932 1721 1156 1757 XXI.Quomodo
1176 1727 1325 1757 Belisarius
1343 1731 1440 1758 urbem
1464 1732 1580 1761 Romam
1602 1742 1685 1769 quam

893 1765 975 1794 Gothi
992 1768 1092 1796 iterum
1106 1777 1238 1806 ceperant
1254 1776 1437 1810 recuperavit.

928 1812 1010 1841 XXII.
1026 1814 1169 1847 Quomodo
1182 1818 1280 1847 iisdem
1291 1822 1460 1856 temporibus
1468 1824 1684 1862 Abasgiquoque

892 1855 1077 1886 Christianam
1099 1861 1180 1889 tidem
1197 1864 1315 1899 amplexi
1328 1855 1401 1894 sunt.

927 1903 1023 1932 XXIII.
1042 1905 1185 1939 Quomodo
1204 1911 1287 1937 etiam
1305 1911 1420 1940 Barbari
1442 1914 1489 1948 qui
1507 1915 1622 1943 Tanaim
1638 1924 1683 1944 ac-

890 1950 996 1982 colunt.
1019 1951 1203 1981 Christianam
1222 1956 1381 1992 religionem
1397 1961 1512 1995 amplexi
1528 1962 1593 1989 sint.
1613 1963 1681 1990 Item

892 1996 924 2023 de
944 1999 1157 2040 terrae-motibus
1174 2002 1221 2036 qui
1235 2002 1263 2029 in
1276 2003 1380 2032 Crtecia
1398 2010 1426 2033 et
1440 2006 1540 2034 Achaia
1560 2009 1682 2044 conlige-

890 2048 964 2071 runt.
1032 2037 1037 2040 ’

925 2088 1006 2126 383
1024 2090 1119 2120 XXIV.
1137 2092 1175 2121 De
1194 2092 1279 2122 Narse
1298 2096 1430 2132 magistro
1451 2098 1580 2133 militum,
1596 2105 1624 2128 et
1645 2101 1679 2128 de

889 2136 1012 2171 ejusdem
1024 2138 1136 2173 pietate.

923 2181 1004 2211 XXV.
1021 2183 1163 2217 Quomodo
1182 2185 1331 2216 Chrosroes
1344 2190 1379 2217 ob
1399 2198 1444 2218 res
1459 2199 1588 2227 prospere
1603 2201 1617 2220 a
1630 2195 1680 2222 Ju-

886 2227 1005 2256 stiniano
1017 2235 1109 2265 gestas
1124 2231 1226 2260 invidia
1237 2234 1394 2263 stimulatus
1405 2236 1504 2264 bellum
1520 2232 1612 2267 intulit
1625 2241 1679 2268 Ro-

886 2273 985 2306 manis,
1003 2275 1158 2312 multasque
1173 2279 1256 2306 urbes
1271 2275 1378 2316 imperii
1400 2283 1530 2317 Romani,
1551 2290 1633 2321 atque
1648 2287 1676 2314 in

886 2318 929 2346 his
941 2327 1066 2355 magnam
1081 2323 1255 2352 Antiochiam
1272 2327 1416 2356 destruxit.

918 2366 1013 2396 XXVI.
1033 2370 1069 2397 De
1083 2372 1194 2406 preti‘osi
1211 2381 1243 2400 ac
1255 2374 1356 2402 vivifici
1372 2375 1438 2411 ligni
1462 2383 1563 2406 sancta:
1584 2380 1675 2408 crucis

883 2412 1018 2441 miraculo
1032 2416 1105 2449 quod
1115 2416 1237 2451 Apamia:
1251 2418 1352 2447 factum
1368 2427 1419 2449 est.

918 2458 1024 2488 XXVII.
1045 2462 1081 2488 De
1095 2461 1227 2492 Chosrois
1248 2467 1423 2501 expeditione
1440 2470 1572 2499 adversus
1586 2472 1671 2500 Edes-

882 2511 951 2531 sam.

914 2550 1032 2579 XXVIII.
1049 2553 1086 2581 De
1102 2554 1236 2584 miracqu
1249 2559 1321 2592 quod
1334 2559 1435 2587 factum
1450 2567 1492 2588 est
1505 2562 1668 2598 Sergiopoli.

914 2595 1009 2625 XXIX.
1027 2598 1064 2627 De
1079 2601 1218 2634 pestilenti
1233 2604 1340 2632 morbo.

912 2639 995 2669 XXX.
1013 2643 1050 2670 De
1064 2643 1224 2680 inexplebili
1241 2649 1355 2676 avaritia
1370 2651 1530 2679 Iustiniani.

910 2730 1004 2759 XXXI.
1020 2733 1057 2761 De
1071 2742 1168 2770 magna
1181 2738 1297 2766 ecclesia
1313 2740 1419 2770 Sanctae
1435 2743 1543 2779 Sophim
1559 2750 1585 2772 et
1596 2746 1666 2774 Sanc

873 2781 982 2805 ctorum
995 2779 1201 2814 Apostolorum.

907 2822 1013 2852 XXXII.
1032 2826 1068 2853 De
1083 2828 1228 2857 Iustiniani
1238 2830 1330 2859 furore
1345 2835 1437 2868 potius
1452 2844 1533 2872 qnam
1547 2839 1664 2868 benevo-

872 2868 953 2897 lentia
973 2879 1036 2908 erga
1057 2872 1204 2903 factionem
1219 2877 1397 2910 Venetorum.
