1964 3067
193 2205 197 2207 λ
237 2205 354 2231 eamque
368 2198 531 2232 scripturam
559 2196 675 2223 retinuit

213 144 282 180 2715

823 146 983 178 EVAGRII
1002 146 1248 179 SCHOLASTICI

1303 99 1307 114 ί

1776 148 1847 183 2716

213 204 305 231 derint
331 211 386 230 rem
414 203 449 230 ita
476 202 608 230 accidisse
628 206 656 229 ut
684 201 807 229 Zosimas
832 203 1006 237 pradixerat.

1077 205 1148 231 ίπεῖν
1174 204 1292 240 ἀριθμοῦ
1308 206 1489 240 τυγχάνουσιν
1514 203 1602 239 οὖσαι,
1619 207 1678 233 ἔνια
1692 206 1770 239 λέξω.
1784 208 1850 234 Συν-

212 249 272 277 Alia
283 257 393 284 quoque
405 248 540 283 permulta
555 248 629 282 signa
642 247 676 274 ab
688 247 785 274 eodem
799 247 932 275 divinitus
945 255 1008 282 per-

213 299 318 330 petrata
332 300 406 322 sunt.
418 294 541 328 Quorum
558 293 765 321 multitudinem
782 293 1007 328 praetermittens,

213 341 323 376 quando
339 340 452 375 quidem
476 348 610 367 numerus
627 347 724 367 eorum
743 339 808 366 iniri
828 347 883 366 non
906 344 1007 374 potest,

213 394 300 422 pauca
312 395 346 413 ex
358 387 390 413 iis
403 387 639 414 commemorabo.
653 386 752 414 Iisdem
767 386 939 421 temporibus
949 386 1010 420 qui-

214 433 267 459 bus
283 432 415 461 Zosimas.
432 431 526 459 ﬂoruit
545 433 589 459 vir
605 433 728 467 quidam,
745 432 865 460 Joannes
885 433 1008 464 nomine,

214 478 405 513 paribus.cum
419 478 526 505 Zosima
542 478 675 505 virtutum
689 479 859 506 ornamentis
872 479 987 514 insignis
1001 486 1008 504 τ

215 523 262 557 qui
288 524 315 550 in
336 523 459 551 Chuziba
477 524 563 555 laura,
579 532 641 558 qua:
659 524 710 551 sita
727 528 770 551 est
790 524 817 551 in
835 524 1009 551 extremitate

215 569 297 604 390
311 569 389 596 vallis
403 569 436 596 ad
451 569 693 603 septentrionalem
711 573 813 603 partem
830 570 880 597 viae
894 569 1011 604 publica:

216 622 277 650 qua
299 614 334 642 ab
359 614 556 650 Hierosolymis
580 614 657 641 ducit
682 615 903 646 Hieriehuntem,
926 615 1010 642 vitam

215 660 395 688 monasticam
415 664 443 687 et
459 660 493 686 ab
511 660 585 686 omni
603 661 715 687 materia
729 665 864 687 secretam
877 668 1012 688 exercue-

217 710 268 739 rat,
286 710 314 733 et
330 707 376 741 qui
392 714 475 741 supra
494 710 651 733 memorata
664 706 887 734 urbis-Ciesarea‘.
900 707 1010 742 episeo—

217 758 310 788 patum
328 753 459 780 obtinuit.
476 753 526 779 Hic
543 753 626 787 igitur
641 751 761 779 Joannes
774 752 930 785 Chuzibita,
947 760 1014 780 eum

218 799 369 834 supradicti
384 798 515 826 Arcesilai
534 806 647 825 uxorem
662 798 739 825 radio
762 799 881 826 'cxtorio
895 799 1012 826 alterum

219 845 270 874 sibi
288 846 398 873 oculum
418 845 548 872 el‘fodisse
563 844 718 877 didicisset,
733 852 817 872 cursu
833 845 866 873 ad
888 846 948 881 ejus
961 846 1012 873 do-
1029 851 1050 881 _‘

219 900 294 919 mum
319 891 477 923 contendit.
500 891 623 918 vulneris
649 890 813 926 inspiciendi
842 899 934 919 causa.
961 889 1011 929 Ubi

219 944 285 964 vero
301 937 494 964 animadvertit
519 936 650 971 pupillam
677 936 828 969 excidisse,
850 940 877 963 et
902 937 1012 964 oculum

220 983 331 1018 penitus
344 982 504 1014 diilluxisse,
519 982 630 1012 medico
652 982 761 1009 cuidam
780 983 827 1017 qui
851 982 916 1010 illuc
929 983 1013 1010 adve-

222 1033 310 1061 nerat,
332 1029 462 1064 praecepit
491 1033 520 1056 ut
543 1028 685 1064 spongiam
708 1028 831 1061 afferret,
854 1033 882 1056 et
902 1029 1012 1056 oculum

221 1075 368 1110 dilapsum,
385 1074 476 1110 quoad
494 1075 553 1101 ﬁeri
567 1079 669 1109 posset,
685 1074 712 1101 in
730 1075 823 1102 sedem
838 1082 915 1102 suam
931 1083 1013 1110 repo-

222 1127 302 1149 neret
324 1130 331 1148 :
356 1122 498 1157 spongiam
522 1121 643 1155 denique
670 1121 892 1155 circumpositam
922 1121 1014 1149 fasciis

222 1168 357 1202 alligaret.
375 1167 478 1194 Aberat
493 1171 559 1194 tunc
580 1166 650 1194 forte
666 1167 831 1194 Arcesilaus.
848 1167 1015 1195 Versabatur

223 1213 297 1240 enim
314 1220 347 1240 eo
365 1217 488 1247 tempore
503 1220 564 1240 cum
581 1212 698 1244 Zosima,
715 1212 742 1239 in
759 1213 819 1248 ejus
836 1213 1014 1245 monasterio,

224 1259 297 1293 quod
315 1259 396 1286 situm
411 1264 470 1286 erat
488 1259 516 1286 iu
531 1259 591 1286 vico
613 1258 810 1292 Sindenorum,
831 1259 879 1294 qui
900 1259 933 1286 ab
948 1259 1016 1286 urbe

224 1305 347 1333 Cazsarea
373 1306 530 1340 quingentis
555 1305 669 1333 circiter
694 1305 790 1333 stadiis
808 1305 901 1333 distat.
918 1306 1016 1334 Statim

227 1352 310 1386 igitur
329 1351 538 1379 eontentissimo
554 1358 636 1378 cursu
653 1356 805 1386 properant
821 1352 867 1386 qui
891 1351 949 1379 haec
964 1351 1017 1378 Ars

226 1397 329 1425 cesilao
349 1398 519 1425 nuntiarent.
534 1397 653 1426 Sedebat
669 1398 691 1425 is
704 1399 781 1433 juxta
798 1398 946 1429 Zosimam,
959 1406 1018 1425 ser-

227 1449 337 1471 monem
359 1452 421 1471 cum
446 1452 480 1471 eo
505 1443 660 1471 conferens.
688 1443 740 1477 Qui
766 1444 847 1471 simul
870 1452 903 1471 ac
924 1451 1017 1471 casum

228 1489 322 1516 uxoris
332 1497 388 1516 suae
399 1489 506 1520 didicit,
518 1489 638 1524 graviter
647 1489 750 1525 ejulare
760 1489 855 1524 coepit,
867 1494 894 1517 et
904 1490 1019 1524 capillos

228 1535 333 1562 vellens
354 1542 385 1562 ac
408 1535 580 1570 discerpens,
596 1535 624 1562 in
646 1542 736 1562 aerem
756 1535 880 1570 projecit.
897 1536 1018 1563 lnterro-
1035 1556 1056 1584 Ο

229 1582 303 1616 gauli
318 1587 409 1609 autem
427 1581 542 1608 Zosimae
562 1589 673 1609 causam
695 1582 763 1609 tanti
786 1583 888 1613 luctus,
910 1582 1021 1610 Arcesi-

231 1629 291 1655 laus
304 1627 330 1655 id
345 1628 418 1663 quod
441 1628 733 1663 acciderat.exposuit,
750 1628 878 1656 lamentis
898 1636 930 1656 ac
952 1628 1023 1656 ﬂeti-

230 1674 283 1701 bus
308 1681 463 1701 sermonem
489 1673 589 1701 crebro
616 1674 832 1709 interrumpens.
857 1674 918 1701 Mox
941 1674 1025 1709 igitur

230 1719 363 1752 Zosimas,
376 1720 472 1747 relicto
488 1720 543 1747 illic
555 1720 706 1753 Arcesilae,
718 1720 753 1747 ad
765 1720 925 1748 cubiculum
937 1720 1025 1755 quod-

231 1766 291 1792 dam
308 1766 462 1797 contendit,
477 1765 506 1792 in
522 1773 576 1800 quo
590 1766 676 1798 solus,
692 1766 731 1793 uti
743 1774 803 1793 mos
812 1771 855 1793 est
864 1765 1024 1801 hujusmodi

232 1812 311 1842 viris,
335 1812 420 1839 Deum
447 1813 550 1847 alloqui
575 1816 766 1840 consueverat.
792 1812 940 1848 Aliquanto
963 1816 1025 1847 post

232 1858 381 1892 digressus,
399 1857 479 1885 hilari
494 1859 571 1886 vultu
593 1866 625 1886 ac
646 1858 768 1885 modeste
792 1858 950 1889 subridens,
965 1865 1024 1884 ma-

233 1907 357 1938 numque
376 1903 508 1932 Arcesilai
524 1905 637 1939 palpans
651 1914 657 1931 :
672 1905 734 1937 Abi,
747 1904 848 1939 inquit,
871 1904 915 1932 abi
936 1904 1025 1931 laetus.

234 1949 327 1977 Gratia
351 1950 414 1977 data
435 1954 476 1978 est
499 1950 663 1978 Chuzibitte.
685 1951 785 1977 Sanata
809 1955 852 1977 est
877 1958 947 1977 uxor
969 1954 1026 1977 tua.

235 1995 388 2031 l‘trumque
412 1997 523 2024 oculum
546 1997 630 2024 habet
652 1996 836 2029 incolumem,
862 1996 968 2023 nullum
993 2003 1028 2023 ex

235 2050 298 2070 casu
321 2043 368 2070 illo
391 2043 587 2071 detrimentum
611 2052 705 2079 passa,
730 2043 840 2079 quando
866 2043 903 2070 ita
924 2042 1029 2078 placuit

1059 251 1168 286 ήκμαζε
1180 250 1219 286 τῷ
1231 252 1345 286 Ζωσιμᾷ
1356 251 1567 287 ἀνὴρ,¹1ωάννης
1579 251 1709 288 τοῦνομα,
1717 253 1778 285 ταῖς
1788 253 1852 288 ἀρα-

1058 298 1120 328 ταῖς
1135 296 1325 332 παραπλήσιος
1338 297 1366 323 ἐν
1377 297 1498 333 Χουζιὸᾷ
1513 298 1570 334 (50)
1587 299 1620 333 τῇ
1636 298 1745 334 Λαύρᾳ.
1756 299 1851 326 Κείται

1059 343 1087 369 δὲ
1105 342 1174 377 πρὸς
1188 343 1222 378 τῇ
1238 343 1353 378 ἐσχατιᾷ
1366 343 1414 378 τῆς
1435 343 1586 378 χαράδρας,
1611 343 1663 370 ἀνὰ
1686 344 1717 370 τὸ
1728 344 1852 380 ἀρκτῷον

1061 389 1145 424 μέρος
1158 389 1207 424 τῆς
1221 389 1372 425 λεωφόρου,
1390 390 1440 424 τῆς
1458 391 1598 426 φερούσης
1613 391 1678 422 τοὺς
1692 390 1852 426 διαπορευο-

1061 435 1159 469 μένους
1175 435 1204 468 ἐξ
1230 435 1426 470 Ἰεροσολύμων
1439 435 1485 462 ἐπὶ
1505 435 1553 470 τὴν
1572 435 1749 470 Ἰεριχονοίων
1765 436 1852 469 πόλιν,

1060 479 1106 506 τὸν
1123 481 1227 516 μονήρη
1244 488 1274 506 τε
1297 480 1345 506 καὶ
1369 480 1450 507 ἇῦλον
1468 480 1650 511 διαπαλαίσας
1665 479 1732 515 βίον,
1743 480 1854 507 ἐπισκο-

1061 526 1152 560 πήσας
1169 525 1198 551 δὲ
1221 524 1270 560 τὴν
1295 525 1444 561 εἰρημένην
1469 534 1514 560 μοι
1533 526 1674 561 Καίσαρος
1692 525 1769 552 πόλιν
1785 525 1853 560 (51).

1083 567 1146 602 bro;
1161 571 1175 597 ὁ
1186 571 1337 606 Ἰωάννηςό
1351 570 1525 606 Χουζιὸίτης,
1541 571 1602 597 ἐπεὶ
1614 571 1662 606 τὴν
1678 571 1855 606 ’Δρκεσιλάου

1061 617 1109 644 τοῦ
1131 617 1296 652 λελεγμένου
1322 625 1367 652 μοι
1388 618 1506 651 γυναῖκα
1525 618 1641 651 ἠκηκόει
1665 617 1780 652 θάτερον
1800 619 1855 644 τοῖν

1062 663 1212 699 ὀφθαλμοῖν
1227 663 1279 689 ὑπδ
1290 663 1416 699 κερκίδος
1424 663 1586 695 ἐκκοπέντα,
1597 663 1723 698 δρομαῖος
1731 664 1774 698 ᾔει
1787 664 1856 699 πρὸς

1063 709 1148 745 αὐτὴν
1159 709 1189 736 τδ
1203 709 1289 741 πάθος
1301 709 1528 744 ἐπισκεψόμενος.
1551 710 1594 741 Ὡς
1615 709 1640 736 δ’
1661 707 1709 736 οὖν
1725 710 1856 737 ἐθεάσατο

1063 753 1113 788 τήν
1129 762 1159 780 τε
1177 754 1262 790 κόρην
1277 754 1460 786 ἐκπεσοῦσαν,
1483 753 1574 780 τέλεόν
1590 763 1619 780 τε
1647 754 1692 780 τὸν
1717 755 1856 790 ὀφθαλμὸν

1063 799 1238 836 διαρῤυέντα,
1253 800 1373 834 σπόγγον
1391 800 1531 826 ἐπιτάττει
1543 801 1589 826 τὸν
1606 801 1659 827 τινὶ
1674 809 1855 836 παρεφομαρ-

1064 845 1183 872 τούντων
1206 845 1241 881 (υ)
1261 845 1361 880 ἰατρῶν
1375 847 1506 880 ἐνεγκεῖν,
1520 847 1667 880 ὲσαγαγεῖν
1678 855 1707 873 τε
1730 846 1760 872 τὸ
1782 847 1858 881 διαῤ-

1067 890 1131 926 ῥυὲν
1158 890 1197 922 ὠς
1225 891 1258 918 ἂν
1283 891 1402 923 δύναιτο,
1423 892 1471 918 καὶ
1490 891 1535 918 τὸν
1562 893 1682 926 σπόγγον
1710 892 1857 927 περιθέντα

1066 937 1221 972 τελαμῶσιν
1254 938 1398 971 ἀναδῆσαι,
1424 937 1482 964 οὔτι
1508 938 1640 972 παρόντος
1668 937 1857 972 Ἀρκεσιλάον,

1068 984 1168 1019 Ἔτυχε
1193 983 1249 1019 γὰρ
1279 984 1318 1019 τῷ
1346 985 1458 1019 Ζωσιμᾷ
1489 983 1583 1019 παρὼν
1608 985 1637 1009 ἐν
1650 983 1688 1019 τῷ
1701 984 1761 1009 κατ’
1776 984 1855 1010 αὑτὸν

1067 1032 1280 1067 φροντιστηρίῳ,
1296 1032 1363 1066 ὅπερ
1378 1032 1424 1058 ἐπὶ
1432 1032 1482 1067 τῆς
1496 1031 1632 1066 Σινδηνῶν
1647 1031 1736 1058 ἔκειτο
1750 1031 1857 1067 κώμης,

1067 1078 1215 1113 διεστώσης
1231 1079 1279 1114 τῆς
1298 1077 1437 1113 Καίσαρος
1453 1078 1577 1108 σταδίους
1597 1077 1715 1113 μάλιστα
1726 1085 1858 1104 πεντακο-

1069 1123 1155 1155 σίους,
1175 1123 1300 1158 δρομαῖοι
1310 1123 1400 1150 τοίνυν
1415 1123 1491 1155 παρὰ
1513 1123 1559 1149 τδν
1572 1123 1748 1158 Ἀρκεσίλαον
1761 1122 1858 1156 ἐκτρέ-

1070 1177 1163 1204 χουσιν
1190 1169 1215 1195 οἱ
1238 1169 1326 1196 ταῦτα
1349 1168 1565 1203 διαγγέλλοντες.
1585 1168 1714 1203 Καθῆστο
1738 1167 1766 1194 δὲ
1789 1167 1860 1202 πρὸς

1068 1216 1197 1249 Ζωσιμᾶν
1222 1216 1236 1241 ὁ
1258 1214 1432 1250 Ἀρκεσίλαος
1458 1214 1507 1246 τὰς
1531 1214 1662 1246 διαλέξεις
1687 1214 1860 1249 ποιούμενος·

1068 1261 1137 1296 ὅπερ
1160 1260 1254 1296 ἐπειδὴ
1275 1261 1383 1295 διέγνω.
1396 1260 1537 1294 διωλύγιον
1558 1259 1726 1292 ἀνεκώκυσε,
1747 1260 1861 1292 καὶτὰς

1069 1306 1167 1341 τρίχας
1182 1305 1313 1332 ἐκτίλλων
1327 1306 1374 1332 καὶ
1386 1305 1518 1336 διασπῶν,
1535 1305 1564 1337 ἐς
1578 1305 1692 1340 οὐρανὸν
1705 1305 1860 1339 ἀνέπεμπε.

1071 1352 1124 1379 Τοῦ
1139 1351 1167 1378 δὲ
1181 1352 1295 1386 Ζωσιμᾶ
1311 1351 1515 1386 πυνθανομένου
1534 1351 1583 1385 τὴν
1594 1351 1694 1382 αἰτίαν,
1706 1350 1736 1377 τὸ
1754 1350 1862 1384 συμϐὰν

1071 1399 1085 1425 ὁ
1100 1397 1273 1431 Ἀρκεσίλαος
1293 1396 1380 1430 ἔλεγε,
1399 1397 1458 1427 ταῖς
1474 1397 1607 1430 οἰμωγαῖς
1622 1396 1732 1427 καὶτοῖς
1746 1395 1864 1430 δάκρυσι

1073 1444 1158 1478 συχνὰ
1173 1442 1397 1477 διακοπτόμενος.
1416 1442 1509 1476 Ἀφεὶς
1522 1440 1567 1469 οὖν
1583 1441 1677 1468 τοῦτον
1690 1442 1704 1467 ὁ
1720 1441 1860 1475 Ζωσιμᾶς,

1072 1489 1154 1520 αὐτὸς
1170 1489 1230 1515 καθ’
1245 1489 1341 1515 ἑαυτὸν
1355 1488 1383 1520 ἐς
1404 1496 1430 1515 τι
1447 1487 1584 1522 δωμάτιον
1600 1486 1722 1521 ἐστρὲχει
1744 1485 1809 1511 ἔνθα
1823 1484 1864 1519 τῷ

1072 1536 1141 1571 Θεῷ,
1157 1536 1193 1566 ὡς
1211 1535 1320 1570 θεμιτὸν
1335 1536 1391 1566 τοῖς
1405 1533 1546 1566 τοιούτοις,
1566 1533 1736 1568 ἐνετύγχανε.
1752 1531 1832 1559 Μετὰ
1842 1531 1866 1558 δ’

1073 1580 1107 1609 αὖ
1123 1590 1184 1608 τινα
1201 1581 1296 1616 καιρὸν
1307 1579 1477 1614 προσελθὼν,
1491 1579 1586 1615 ἔχαιρέ
1600 1588 1629 1606 τε
1641 1579 1689 1606 καὶ
1702 1579 1789 1613 σεμνὰ
1804 1586 1867 1612 μει-

1072 1627 1148 1660 διῶν,
1166 1627 1235 1662 πρὸς
1248 1626 1425 1661 Ἀρκεσίλαον
1439 1625 1516 1659 ἔλεγε
1531 1625 1581 1660 τὴν
1594 1626 1672 1660 χεῖρα
1688 1623 1866 1658 καταψύχων,

1073 1675 1152 1702 ἄπιθι
1167 1674 1272 1710 χαίρων
1284 1672 1373 1700 ἄπιθι.
1393 1672 1424 1699 'H
1435 1673 1515 1707 χάρις
1532 1671 1570 1706 τῷ
1586 1671 1734 1706 Χουζιϐίτῃ
1749 1670 1867 1697 δέδοται.

1073 1720 1148 1754 Ἰάθη
1166 1728 1213 1746 σου
1225 1719 1255 1746 τὺ
1270 1718 1391 1753 γύναιον,
1404 1718 1489 1753 ἄμφω
1501 1717 1541 1744 τὼ
1555 1717 1688 1751 ὀφθαλμὼ
1705 1717 1772 1752 ἔχει.
1789 1716 1869 1743 οὐδὲν

1078 1766 1227 1800 ἰσχυσάσης
1241 1765 1290 1798 τῆς
1300 1764 1443 1799 συμφορᾶς
1457 1762 1616 1798 ἀφελέσθαι,
1628 1762 1700 1789 οὕτω
1712 1761 1759 1788 τοῦ
1769 1762 1870 1793 Χουζι-

1077 1809 1153 1836 6ίτου
1179 1808 1367 1844 βουληθέντος.
1385 1808 1474 1843 Ὅπερ
1489 1808 1536 1834 καὶ
1550 1807 1662 1841 γέγονεν
1679 1807 1782 1842 ἀμφοῖν
1811 1808 1871 1833 τοῖν

1077 1856 1192 1883 δικαίοιν
1215 1855 1276 1882 κατ’
1298 1854 1364 1882 αὐτὸ
1381 1853 1698 1889 θαυματουργησάντοιν.
1714 1853 1810 1888 Τούτῳ
1829 1853 1871 1889 τῷ

1074 1902 1199 1937 Ζωσιμᾷ.
1216 1901 1262 1927 καί
1287 1909 1352 1927 ποτε
1369 1900 1417 1926 ἐπὶ
1433 1901 1483 1934 τὴν
1504 1900 1643 1935 Καίσαρος
1662 1900 1739 1930 ἰόντι,
1760 1899 1871 1935 ὀνάριόν

1074 1956 1104 1974 τε
1122 1947 1340 1983 παρασυρομένῳ
1359 1947 1388 1972 ὲν
1399 1943 1421 1980 ᾧ
1439 1947 1492 1972 τῶν
1514 1946 1577 1973 τινά
1592 1947 1617 1973 οἱ
1637 1946 1800 1981 ἐπιτηδείων
1819 1947 1871 1972 ἐπα

1076 1994 1217 2029 εόἐϐλητο,
1233 1994 1302 2020 λέων
1316 1993 1416 2024 ἔπεισι,
1432 1992 1478 2019 καὶ
1490 1993 1536 2019 τὸν
1552 1992 1613 2019 ὄνον
1625 1993 1764 2028 ἁρπάσας,
1772 1992 1870 2027 ἀπῄει.

1083 2042 1112 2068 Ὀ
1123 2041 1151 2068 δὲ
1170 2041 1299 2076 Ζωτιμᾶς
1315 2040 1368 2067 ἀνὰ
1381 2040 1429 2075 τὴν
1446 2038 1512 2074 ὕλην
1527 2039 1619 2066 εἵπετο
1632 2047 1639 2054 ·
1657 2040 1754 2075 μέχρις
1764 2035 1796 2066 οὗ
1813 2038 1872 2065 δια.-

837 2112 973 2141 VALESII
993 2110 1277 2140 ANNOTATIONES.

274 2161 328 2197 (30)
349 2160 483 2196 Χουᾷκᾷ.
501 2161 546 2189 Sic
567 2161 648 2188 etiam
677 2161 778 2222 legitur
809 2159 836 2186 in
856 2159 1024 2194 Nicephoro.
1042 2160 1064 2187 D
1079 2157 1295 2195 quunturinl‘ra.
1312 2157 1487 2192 Nieephorus
1505 2160 1596 2183 tamen
1613 2156 1751 2192 vulgatam
1772 2156 1874 2184 distin-

274 2205 354 2222 moue
368 2198 531 2222 scrinturam
559 2196 675 2222 retinuit
723 2195 818 2222 rtelius
845 2195 872 2222 in
893 2195 1025 2221 Thesauro
1079 2195 1200 2222 ctionem
1217 2197 1321 2220 tuetur.

723 2195 818 2222 rtelius
845 2195 872 2222 in
893 2195 1025 2221 Thesauro

238 2230 432 2267 geographica;
453 2232 505 2259 Sed
518 2232 545 2258 in
563 2232 669 2266 optimo
691 2230 788 2267 codice
805 2230 967 2267 Florentino
983 2230 1026 2256 le-

195 2295 198 2297 ,
237 2265 312 2300 igitur
327 2267 458 2302 Χουζιϐᾷ,
472 2268 577 2294 rectius
593 2266 687 2302 procul
704 2265 807 2302 dubio;
823 2266 863 2292 sic
874 2266 949 2302 enim
966 2273 1026 2302 eam

238 2304 345 2330 laurum
358 2300 441 2329 vocat
455 2303 575 2330 Joannes
596 2301 723 2328 Moschus
734 2321 741 2330 .
766 2301 794 2328 iu
811 2308 871 2334 cap.
887 2300 931 2328 2t.
961 2300 1028 2327 Cum

241 2342 328 2364 autent
344 2339 454 2364 venisset
484 2339 512 2364 in
542 2345 669 2367 arentum,
686 2341 709 2363 et
728 2340 879 2363 moraretur
905 2336 933 2362 in
955 2334 1029 2362 cellis

240 2373 346 2404 Cusiba,
358 2374 448 2400 eadem
459 2373 635 2400 miserationis
648 2372 759 2406 faciebat
779 2380 870 2404 opera.
884 2370 942 2398 Ibat
959 2371 1030 2397 enim

242 2417 287 2442 per
296 2409 366 2435 riam
380 2416 439 2444 qua:
451 2409 522 2434 ducit
534 2417 549 2434 ιι
563 2407 682 2444 Jardaue
698 2407 867 2444 aris-mtuam
885 2407 1026 2444 civitatem.

242 2443 292 2471 Ubi
306 2441 457 2471 notandum
475 2448 517 2470 cst
529 2443 612 2469 cellas
622 2451 637 2469 a
656 2442 767 2469 Moscho
778 2441 845 2473 diei,
859 2449 941 2475 quant
967 2441 1028 2467 lau-

223 2485 300 2505 fram
319 2483 398 2506 vocat
416 2479 560 2512 Evagrius.
581 2478 662 2505 Certe
685 2478 762 2504 laura
783 2477 851 2503 nillil
869 2477 943 2503 aliud
968 2480 1030 2503 erat

242 2522 324 2548 quam
350 2515 426 2541 cella).
442 2513 641 2541 monachorum
658 2513 723 2539 hinc
753 2512 817 2539 inde
835 2512 978 2548 dispersw,
1001 2515 1032 2538 ut

243 2547 327 2584 Supra
351 2549 454 2576 notavi.
478 2549 606 2576 Moschus
632 2549 773 2584 lautcufu
797 2555 858 2581 cap.
885 2547 1033 2584 24,7vocat

244 2581 399 2612 rtenobium
418 2584 558 2611 Chusiba:
592 2583 620 2609 '0
637 2583 724 2617 ἁεϐᾇς
755 2583 904 2617 Γρηγὸριος
930 2583 944 2608 ό
979 2581 1033 2617 dmi)

244 2620 399 2654 Σχολαρίων
424 2620 518 2653 ἔλεγεν
538 2620 614 2654 ἡμῖν,
642 2619 682 2644 ὅτι
698 2615 745 2654 ἧνν
757 2615 808 2648 τὶςν
821 2615 935 2654 ἁδελφὸς
951 2616 1033 2654 ἐντῴ

244 2652 369 2690 κοινεϐίῳ
385 2655 430 2682 τοῦ
446 2652 576 2689 Χουζιϐᾇ.
590 2654 726 2690 Caeterum
739 2652 797 2680 haec
809 2653 904 2690 verba,
922 2654 950 2678 ἐν
965 2653 1034 2678 Χου-

244 2690 306 2726 ςιϐᾷ
322 2688 470 2726 τῆλαύρᾳ,
499 2688 640 2725 jungcuda
672 2693 737 2715 stitit
769 2696 831 2715 eum
846 2688 880 2715 iis
908 2695 972 2723 qua:
988 2695 1033 2714 se-

1079 2195 1200 2223 ctionem
1217 2197 1321 2220 tuetur.

1117 2229 1172 2263 (5|)
1202 2227 1428 2261 Ἐπισκοπήσας
1453 2226 1488 2254 δὲ
1513 2225 1572 2263 τὴν
1603 2226 1754 2263 Καίσαρος
1768 2227 1871 2254 πόλιν.

1081 2261 1132 2294 llic
1145 2264 1265 2292 Joannes
1286 2263 1372 2290 abbas
1396 2263 1517 2297 primum
1532 2262 1584 2288 fuit
1600 2269 1632 2288 ac
1655 2261 1799 2296 presbyter
1811 2269 1871 2289 mo—

1081 2299 1196 2328 nasterii
1213 2298 1346 2335 Chusiﬁha,
1368 2296 1404 2325 ei
1417 2306 1473 2332 quo
1486 2297 1569 2335 etiam
1595 2296 1873 2335 Qhuzibitescogno-

1083 2336 1204 2363 minatus
1230 2337 1283 2360 est.
1296 2334 1393 2360 Postea
1419 2340 1485 2359 vero
1513 2332 1695 2359 Caesariensis
1725 2332 1876 2367 episcopus

1084 2371 1173 2398 factus
1193 2374 1246 2398 est.
1278 2373 1308 2395 ut
1332 2372 1433 2402 prretcr
1463 2367 1611 2402 Evagrium
1641 2367 1723 2394 docet
1751 2367 1877 2394 Joannes

1082 2405 1213 2433 Moschus
1229 2404 1257 2430 itt
1274 2401 1364 2437 capite
1379 2403 1431 2430 2t:
1447 2403 1502 2429 Καὶ
1517 2401 1545 2428 ἔν
1557 2402 1597 2436 τῷ
1610 2402 1809 2437 προσκομίζειν
1825 2401 1876 2428 τὸν

1083 2441 1170 2467 ἁεῦᾱν
1194 2440 1239 2465 τὸν
1258 2439 1385 2470 Ἰωάννην
1399 2439 1444 2464 τὸν
1460 2438 1521 2464 τότε
1535 2438 1724 2472 πρεσὸύτερον
1745 2438 1810 2464 ὄντα
1825 2437 1876 2463 τδν

1084 2475 1198 2508 ἐπίκλην
1205 2473 1397 2510 Χηζεϐίτηνρς
1407 2475 1453 2510 καί
1463 2472 1526 2510 ὕστε
1531 2481 1576 2508 ρον
1583 2473 1696 2510 γέγονεν
1705 2472 1878 2510 Καισαρείας

1081 2511 1131 2544 τῆς
1153 2507 1224 2536 κατὰ
1249 2507 1432 2543 Παλαιστίνην
1446 2508 1610 2544 ἐπίσκοπος,
1627 2508 1672 2544 τῂν
1691 2508 1798 2544 μονήρη
1816 2507 1879 2544 δια-

1082 2541 1220 2576 παλαίσας
1250 2545 1317 2580 βὲον.
1329 2541 1465 2580 Ejusdem
1480 2543 1596 2580 Joannis
1621 2541 1881 2580 _(»lhuzril)it:e,l_Ca:_-

1081 2581 1214 2608 saricnsis
1228 2577 1362 2614 episcopi,
1382 2579 1487 2605 mentio
1505 2577 1534 2604 ﬁt
1559 2578 1587 2605 iu
1617 2578 1777 2612 Menologio.
1791 2577 1837 2614 die
1862 2578 1880 2603 3

1081 2621 1110 2643 et
1124 2616 1159 2643 28
1169 2613 1309 2646 Octobris,
1324 2613 1373 2641 ubi
1386 2615 1470 2641 etiam
1499 2614 1618 2640 Chllziba
1654 2617 1772 2639 vocatur
1795 2613 1881 2639 locus

1082 2652 1182 2680 eremi.
1197 2652 1223 2678 iu
1235 2659 1291 2685 quo
1307 2650 1507 2678 mmtasterium
1522 2651 1581 2684 ejus
1599 2648 1684 2675 situm
1704 2648 1767 2674 l'uit.

957 2754 1148 2783 VARlOltUM.

281 2804 316 2834 (ιν)
353 2803 406 2830 Τόν
433 2813 490 2830 τινι
523 2803 842 2837 παρεφομαρτούντων.
871 2801 1030 2836 Legendum

246 2837 398 2872 τῷντινὶ...
423 2839 558 2866 Usitalius
585 2839 727 2865 diceretur
754 2839 807 2865 τινὶ
833 2839 887 2864 τῶν
905 2846 1031 2872 παρεφ...

248 2871 338 2898 Altera
354 2878 444 2899 autem
461 2874 568 2907 phrasis
582 2874 652 2908 apud
664 2873 810 2909 Evagrium
837 2881 911 2908 sa‘pc
937 2881 1033 2900 oecur-

1089 2802 1134 2828 rit.
1146 2801 1206 2828 Vid.
1218 2801 1288 2828 infra
1304 2801 1330 2828 in
1347 2801 1401 2828 hoc
1412 2801 1517 2836 capite:
1527 2801 1587 2827 Τῶν
1598 2801 1659 2827 τινά
1674 2800 1700 2836 οι
1716 2800 1883 2836 ἐπιτηδείων

1089 2837 1272 2871 ἐπεϐέϐλητο·
1291 2841 1318 2863 et
1335 2845 1394 2871 cap.
1412 2835 1470 2864 22':
1490 2836 1550 2864 Τῶν
1575 2844 1635 2863 τινα
1654 2835 1704 2870 τῆς
1735 2835 1820 2870 αὐλῆς
1835 2835 1884 2861 εὐ-

1089 2872 1203 2906 νούχων.
1224 2872 1286 2908 (ιν.
1300 2872 1419 2908 Lowru.)
