1964 3067
151 147 223 178 2717

627 150 820 181 HISTORLE
839 151 1138 183 ECCIESlASTlCAS
1153 154 1269 184 LIBER
1290 156 1338 186 lV.

1719 157 1792 188 2718

151 204 237 238 χορὴς
261 203 276 230 6
297 203 366 230 λέων
383 203 415 230 ἐκ
433 204 483 239 τῆς
498 203 589 240 θοίνης
603 205 650 232 τοῦ
667 206 738 237 ζὼου
751 207 862 239 γέγονε·
878 206 945 241 πρὸς

998 206 1161 234 Chuzibitm.
1182 207 1266 242 quue
1291 208 1328 236 ita
1353 209 1456 240 evenit.
1481 209 1616 236 ambobus
1641 209 1696 236 illis
1710 210 1790 245 justis

150 250 180 276 ὅν
191 249 355 283 ἐπιγελάσας
368 251 382 276 6
398 251 527 284 Ζωσιμᾱς
540 259 633 286 φησιν,
646 251 714 278 ἀλλὰ
724 252 788 286 γὰρ,
805 248 827 277 ὦ
840 252 943 286 ἑταῖρε,

150 295 185 320 τὰ
201 295 251 329 τῆς
260 294 374 330 πορείας
384 295 447 329 ἐμοὶ
455 294 644 327 διακέκοπται,
652 295 756 330 πὰχητί
769 304 798 322 τε
812 295 868 322 ὖντι
876 296 943 330 (52),

150 341 248 377 πόρρω
263 349 294 368 τε
311 341 361 376 τῆς
375 341 486 376 ἡλικίας
504 342 659 377 ἀφιγμένῳ,
685 343 731 368 καὶ
748 341 785 377 μὴ
802 342 945 378 δυναμένῳ

151 389 318 423 νωτοφορεῖν
334 389 368 414 τὰ
383 388 429 414 ἐπὶ
444 387 492 414 τοῦ
506 388 566 415 ὄνου
587 388 754 422 σεσαγμένα.
769 388 945 424 Ἀχοοφορεῖν

152 432 200 460 οὖν
214 434 321 467 ἀνάγκη
339 442 368 460 σε
381 434 456 468 παρὰ
474 434 519 460 τὸν
540 434 640 468 θεσμὸν
659 435 709 469 τῆς
724 434 843 469 φύσεως,
865 434 945 470 εἴπερ

151 478 255 510 ἐθέλεις
267 478 322 504 τῶν
339 479 477 511 ἐντεῦθεν,
498 479 543 504 τὸν
563 480 692 513 Ζωσιμᾱν
713 480 943 511 ἀπαλλάττεσθαι,

152 525 202 551 καὶ
216 524 312 559 θηρίον
329 522 410 556 αὖθις
429 522 511 551 εἶναι.
533 524 561 551 '0
576 525 616 557 δὲ,
636 525 684 551 τοῦ
707 525 793 560 θυμοῦ
815 525 946 558 καθάπαξ

150 569 375 605 ἐπιλελησμένος,
398 570 541 603 ὖπέσαινε,
563 571 611 597 καὶ
632 570 671 605 τῷ
687 571 801 606 Ζωσιμᾷ
815 571 853 603 ὡς
868 571 945 606 ἐτρε-

150 625 181 650 χε
197 616 255 649 (55)
267 617 363 652 πράως
388 616 480 649 εὐθὺς,
498 617 546 643 καὶ
560 616 604 643 διὰ
617 617 664 643 τοῦ
682 617 822 652 σχήματος
837 618 901 646 ἐϐόα
914 619 945 645 τὸ

148 659 337 696 πειθήνιονῖῼ
348 663 470 698 περιθεὶς
482 664 495 690 6
507 664 634 697 Ζωσιμᾶς
647 663 694 689 τοῦ
705 663 765 690 ὄνου
779 663 810 690 τὸ
823 664 943 700 φορτίον,

151 708 234 744 μέχρι
247 708 303 735 τῶν
323 709 414 735 πυλῶν
434 708 484 743 τῆς
497 708 635 744 Καίσαρος
656 709 756 744 ἦγαγε,
776 709 883 741 δεικνὺς
895 709 943 736 τοῦ

997 251 1078 278 simul
1105 253 1266 280 miraculum
1296 254 1530 288 perpetrantibus.
1564 255 1639 282 ldem
1668 255 1792 282 Zosimas

995 304 1057 323 cum
1080 297 1229 332 aliquando
1246 300 1472 334 prolicisceretur
1493 300 1659 332 Caesaream,
1675 302 1791 328 asellum

998 343 1110 370 trahens
1137 344 1179 371 cui
1206 352 1251 372 res
1277 345 1410 380 quasdam
1435 346 1488 373 sibi
1514 347 1683 373 necessarias
1702 347 1790 381 impo—

995 394 1098 422 suerat,
1115 391 1222 418 leonem
1241 391 1353 418 obvium
1377 392 1567 426 oltendit,‘qui
1592 392 1619 418 in
1645 392 1734 426 ipsum
1751 393 1790 418 ir—
1830 424 1834 428 .

995 443 1090 468 ruens,
1107 441 1186 472 rapto
1201 438 1295 469 asello,
1313 438 1439 472 protinus
1454 438 1598 466 abscessit.
1612 438 1698 471 Quem
1713 439 1791 465 Zosi-

995 490 1053 509 mas
1076 491 1125 518 per
1149 483 1246 510 silvam
1271 483 1413 511 insecutus
1438 489 1496 516 est,
1520 485 1610 518 quoad
1638 492 1724 519 usque
1747 484 1792 511 leo

994 527 1071 554 aselli
1083 527 1213 555 carnibus
1226 532 1365 555 saturatus
1378 528 1484 556 luisset.
1499 529 1568 555 Tum
1581 529 1705 555 Zosimas
1717 528 1790 555 leoni

995 573 1141 600 arridens:
1155 574 1199 605 At,
1215 581 1231 600 ο
1248 574 1346 606 amice,
1362 574 1462 608 inquit,
1480 574 1536 608 jam
1559 575 1610 602 iter
1626 575 1692 600 mihi
1714 574 1791 608 peni-

995 622 1040 644 tus
1057 618 1237 645 interclusum
1262 624 1314 658 est,
1336 619 1438 653 quippe
1455 619 1503 653 qui
1520 624 1547 645 et
1569 627 1643 653 aegro
1657 620 1709 645 sim
1730 626 1789 646 cor-

995 670 1072 697 pore,
1088 667 1116 690 et
1132 669 1261 698 provecta
1279 665 1335 700 jam
1356 658 1451 698 aetate;
1469 673 1521 692 nec
1535 673 1606 691 onus
1618 665 1691 698 quod
1706 665 1791 691 asello

994 713 1054 736 erat
1074 709 1250 744 impositum,
1274 710 1333 745 ipse
1347 710 1426 744 391
1445 710 1570 736 humeris
1594 712 1704 744 portare
1728 715 1792 742 pos-

148 754 217 781 Θεοῦ
233 755 282 789 τὴν
305 754 433 789 δύναμιν,
459 755 508 781 καὶ
529 755 567 786 ὡς
581 755 689 782 ἅπαντα
710 756 767 787 τοῖς
790 755 944 791 ἀνθρώποις

147 800 230 826 δοῦλά
245 808 275 825 τε
291 799 338 826 καὶ
359 799 499 834 πειθήνια,
513 799 552 825 ὅτ’
565 799 598 826 ἂν
613 799 688 834 αὐτῷ
705 799 807 833 ζῶμεν,
830 799 877 825 καὶ
894 799 943 834 τὴν

998 799 1129 826 sarcinam
1152 803 1247 826 contra
1273 804 1378 827 natura:
1396 805 1449 827 ture
1466 799 1697 827 consuetudinem
1720 798 1792 825 feras

148 844 295 878 δεδομένην
304 844 370 879 ἡμῖν
379 844 459 879 χάριν
469 844 500 871 οὐ
511 844 761 879 παραχαράττομεν
771 852 776 858 ·
786 843 893 871 ἀλλίῖνα
905 844 943 879 μὴ

998 852 1107 872 necesse
1124 849 1176 878 est,
1192 845 1226 872 ad
1240 846 1379 880 propriam
1395 845 1534 873 feritatem
1554 850 1647 880 postea
1662 851 1791 872 reversu-

149 889 205 919 τοῖς
220 888 327 914 πλείοσι
338 887 386 923 τὴν
405 888 528 923 ἱστορίαν
540 886 786 924 παραμηκύνωμεν
796 907 802 917 ,
815 887 943 919 ἐπάνειμι

998 897 1053 917 rus.
1072 890 1119 918 His
1137 890 1230 924 dictis,
1244 891 1299 923 leo,
1315 895 1444 926 tanquam
1460 890 1562 918 furoris
1584 890 1696 925 penitus
1717 889 1791 916 obli-

148 935 210 961 ξέοεν
221 935 270 970 τὴν
282 934 396 970 ὲκὸολὴν
406 934 587 970 ἐποιησάμην.

998 939 1052 966 tus,
1068 934 1184 963 Zosimze
1199 935 1319 962 blandiri
1334 936 1428 970 ctepit,
1442 940 1471 963 et
1489 935 1523 962 ad
1540 943 1603 963 eum
1617 934 1708 962 statim
1723 933 1792 960 leni-

150 986 192 1008 ter
209 989 367 1013 accurrens,
398 981 470 1017 ipso,
489 985 567 1016 gestu
601 981 765 1015 obsequium
784 988 864 1009 suum
888 980 1070 1015 signiﬁcabat.
1097 981 1220 1009 Zosimas
1246 982 1340 1017 igitur,
1368 991 1430 1010 cum
1456 983 1532 1010 aselli
1557 982 1694 1009 sarcinam
1716 980 1790 1011 leoni

149 1027 336 1062 imposuisset,
353 1027 388 1054 ad
404 1016 498 1062 port‘as
518 1035 606 1062 usque
631 1027 710 1055 urbis
723 1027 855 1057 Caesarea:
878 1035 940 1054 eum
961 1027 1054 1059 duxit:
1065 1029 1215 1056 ostendens
1230 1016 1283 1056 hoc
1295 1029 1377 1061 facto,
1392 1033 1494 1063 quanta
1507 1029 1543 1056 sit
1574 1028 1622 1055 Dei
1656 1027 1788 1063 potentia,

147 1077 176 1107 et
192 1073 312 1108 qualiter
326 1072 419 1100 omnia
445 1072 613 1100 famulantur
628 1077 710 1107 atque
736 1071 870 1099 obediunt
892 1071 1052 1099 hominibus
1065 1073 1113 1107 qui
1146 1073 1203 1100 Deo
1222 1073 1330 1105 vivunt,
1354 1081 1406 1100 nec
1435 1073 1565 1100 donatam
1599 1071 1651 1099 sibi
1671 1073 1787 1107 gratiam

147 1127 343 1157 corruperunt.
361 1122 462 1149 Verum
482 1129 527 1153 ne,
546 1121 569 1148 si
583 1121 662 1156 plura
694 1128 959 1155 commemoravero,
977 1121 1094 1150 historia
1127 1122 1259 1157 prolixior
1281 1123 1426 1155 eﬂiciatur,
1451 1130 1485 1150 eo
1504 1127 1628 1150 revertar
1651 1123 1722 1149 unde
1747 1122 1789 1149 tli-

995 754 1057 781 sim.
1087 755 1205 782 Proinde
1240 755 1263 782 si
1285 755 1422 782 Zositnam
1452 756 1518 782 hinc
1550 754 1701 783 abscedere
1730 754 1790 786 vis,

147 1175 259 1204 gressus
274 1175 346 1195 sum.

455 1226 582 1253 ΚΕΦᾹΛ.
604 1226 645 1252 H’.

318 1271 387 1307 Περὶ
403 1271 572 1299 καθολικῶν
586 1272 777 1307 παθημάτων.

185 1329 232 1359 Ἐς
246 1328 287 1355 ἔτι
297 1328 442 1355 ’ῐουστίνου
458 1328 508 1363 τὴν
517 1328 707 1363 αὐτοκράτορα
721 1328 886 1360 διιθύνοντος
898 1329 946 1363 ἁρ-

147 1375 211 1410 χὴν,
226 1383 255 1402 το
282 1374 330 1401 νῦν
354 1374 403 1410 μὲ)
426 1374 589 1410 Δυρράχιον,
604 1374 768 1409 Ἐπίδαμνος
795 1375 823 1401 δὲ
850 1374 945 1407 πάλαι,

151 1421 286 1448 πέπονθεν
299 1421 352 1447 ὑπὸ
367 1421 461 1446 κλόνου
473 1416 600 1455 τῆςγῆς.
622 1420 760 1452 Ὡσαύτως
777 1421 804 1447 δὲ
825 1422 872 1447 καὶ
887 1421 943 1448 Κό-

151 1468 241 1502 ρινθος
251 1467 296 1494 ἐπὶ
309 1467 357 1502 τῆς
372 1466 498 1498 Ἑλλάδος
508 1467 634 1501 κειμένη,
646 1464 705 1493 εἶτα
716 1467 762 1493 καὶ
775 1467 944 1502 Ἀνάξαρὸος

147 1513 179 1540 τὸ
194 1513 324 1548 τέταρτον
338 1512 434 1545 πάθος,
448 1512 465 1548 ἢ
477 1512 524 1538 τοῦ
535 1513 662 1548 δευτέρου
675 1513 729 1540 τῶν
742 1513 863 1539 Κιλίκων
872 1514 945 1547 ἡγεῖ-

147 1569 194 1586 ται
214 1559 308 1590 ἔθνους
318 1568 324 1574 ·
342 1559 375 1591 ἃς
388 1560 402 1585 6
413 1559 556 1589 ’1ουστῖνος
575 1559 682 1590 πολλοῖς
695 1559 865 1594 ἀνεκτήσατο
876 1559 945 1594 χρή-

1306 1224 1383 1251 CAP.
1405 1224 1474 1250 Vlll.

1171 1269 1210 1296 De
1225 1270 1304 1296 latius
1319 1270 1388 1296 orbis
1403 1270 1611 1297 calamitatibus.

1030 1325 1133 1353 Eodem
1154 1326 1263 1354 Iustino
1280 1326 1427 1361 imperium
1447 1326 1601 1354 Romanum
1623 1327 1713 1355 adhuc
1737 1328 1787 1356 ad-

995 1372 1183 1404 ministrante,
1200 1373 1266 1399 urbs
1278 1372 1458 1408 Dyrrachium
1471 1380 1532 1408 qum
1542 1373 1607 1400 olim
1620 1373 1788 1407 Epidamnus

995 1415 1153 1448 dicebatur,
1180 1422 1259 1444 teme
1288 1422 1362 1444 motu
1387 1417 1520 1444 subversa
1542 1422 1593 1445 est.
1607 1417 1740 1445 Similiter
1761 1425 1790 1447 et

995 1462 1156 1495 Corinthus,
1173 1471 1234 1497 qua:
1249 1463 1301 1490 sita
1314 1467 1356 1491 est
1371 1463 1398 1490 in
1416 1463 1530 1491 Achaia.
1548 1464 1709 1492 Anazarbus
1722 1474 1791 1500 quo.

996 1516 1060 1542 que,
1085 1508 1244 1543 metropolis
1260 1509 1388 1537 secunda:
1405 1509 1522 1542 Ciciliaz;
1539 1515 1636 1543 quarto
1657 1510 1682 1537 id
1704 1518 1791 1545 genus
1834 1539 1836 1541 ,

996 1553 1160 1581 calamitatis
1187 1557 1310 1588 experta.
1340 1554 1394 1581 Eas
1422 1555 1507 1582 urbes
1535 1555 1661 1582 Justinus
1692 1564 1790 1590 magna

151 1615 229 1640 μασι.
242 1606 321 1632 Κατὰ
333 1607 396 1637 τοὺς
416 1605 515 1636 αὐτοὺς
531 1605 646 1641 χρόνους
664 1606 711 1632 καὶ
726 1605 741 1640 ὴ
762 1605 878 1631 Ἔδεσσα
896 1605 944 1632 πό-

998 1600 1177 1634 pecuniarum
1193 1601 1218 1628 vi
1242 1605 1352 1636 erogata
1373 1602 1545 1629 instauravit.
1563 1602 1661 1629 Iisdem
1680 1607 1789 1638 tempo-

149 1653 190 1684 λις
206 1652 255 1687 τῆς
267 1653 288 1668 ’¹
305 1651 461 1687 Ὀσροηνῶν
478 1652 593 1686 μεγίστη
611 1661 641 1678 τε
658 1651 704 1678 καὶ
728 1651 876 1686 εὐδαίμων,
894 1646 945 1686 τῆς

149 1698 197 1724 sui}
210 1697 413 1733 παραρρέοντος
431 1698 544 1733 Σκιρτου
557 1697 708 1732 χειμάρρου
721 1697 799 1724 ὕδασι
811 1706 946 1724 κατεπον-

149 1743 242 1778 τώθη.
257 1744 328 1770 ὥστε
351 1743 399 1770 καὶ
423 1743 459 1770 τὰ
483 1743 567 1770 πολλὰ
590 1743 644 1769 τῶν
670 1743 829 1777 οἰκοδομιῶν
851 1751 944 1777 παρα-

152 1787 279 1822 συρῆναι.
298 1786 346 1813 καὶ
365 1787 467 1822 πλῆθος
484 1786 672 1822 ἀναρίθμητον
686 1787 835 1814 ἀπολέσθαι
852 1787 885 1820 ’⁸,
898 1786 945 1819 οὓς

150 1834 182 1859 τδ
199 1832 271 1868 ὕδωρ
287 1833 368 1860 λαϐὸν
385 1834 423 1867 (:c)
436 1832 532 1868 ᾣχετο.
550 1833 768 1868 Μετεκλήθησαν
786 1833 876 1859 τοίνυν
894 1832 948 1859 ὑπὸ

151 1879 200 1905 τοῦ
216 1879 299 1906 αὑτοῦ
323 1879 470 1906 Ἰουστίνου
485 1880 502 1914 ἡ
516 1879 636 1906 Ἔδεσσα
647 1879 694 1905 καὶ
709 1878 887 1914 Ἀνὰζαρῧος,
899 1879 947 1905 καὶ

151 1927 256 1953 τούτων
277 1927 396 1962 ἑκατέρα
411 1928 443 1962 τῇ
468 1925 552 1953 αὑτοῦ
577 1925 749 1962 προσηγορίᾳ
771 1926 948 1961 κατεκοσμή-

153 1973 252 2006 θησαν.

458 2028 585 2054 ΚΕΦΑΛ.
603 2027 642 2055 Θ’.

159 2071 208 2104 Ὠς
233 2072 400 2105 ἰουστῖνος
434 2073 478 2099 ἑτι
505 2073 570 2104 ζῶν,
595 2072 834 2105 συμϐασιλεύειν
868 2071 948 2104 αὐτῷ

379 2108 598 2136 Ἰουστινιανὸν
614 2108 723 2135 εἵλετο.
930 2111 933 2114 ’

191 2166 286 2201 Τούτῳ
307 2165 347 2201 τῷ
374 2164 512 2200 Ἰουστινῳ
527 2164 620 2198 ὃγδοον
647 2164 708 2196 ἔτος
735 2164 785 2200 τῆς
809 2163 950 2199 βασιλείας

155 2213 249 2247 ἄγοντι
261 2212 340 2239 ἐννέα
358 2220 388 2238 τε
407 2212 496 2255 μῆνας
510 2211 580 2245 πρὸς
594 2211 685 2246 τρισὶν
697 2211 814 2246 ἡμέραις
830 2210 884 2245 (54)
899 2210 949 2246 (y),

998 1645 1075 1673 ribus
1090 1646 1202 1678 Edessa,
1215 1646 1313 1674 civitas
1327 1646 1475 1675 Osdroenae
1490 1648 1608 1674 maxima
1628 1653 1655 1676 et
1673 1650 1791 1684 opulen-

998 1692 1115 1723 tissima,
1135 1691 1217 1718 Scirti
1234 1692 1364 1719 torrentis
1379 1692 1426 1727 qui
1440 1701 1499 1720 eam
1520 1693 1693 1728 praeterﬂuit,
1710 1694 1791 1721 inun-

998 1735 1109 1763 datione
1135 1736 1278 1764 submersa
1300 1741 1361 1764 est:
1386 1737 1454 1765 adeo
1473 1742 1503 1765 ut
1524 1738 1641 1773 plurima
1663 1739 1789 1774 aedilicia,

997 1788 1026 1811 ct
1041 1784 1251 1812 innumerabilis
1272 1785 1414 1813 hominum
1436 1786 1595 1819 multitudo,
1612 1796 1745 1822 aquarum
1764 1789 1789 1816 vi

996 1831 1120 1865 abrepta,
1135 1831 1260 1859 funditus
1276 1832 1445 1860 interierint.
1460 1832 1570 1860 Edessa).
1583 1834 1695 1868 quidem
1708 1839 1790 1869 atque

996 1876 1140 1904 Anazarbo
1178 1876 1305 1906 Justinus
1343 1878 1492 1913 pristinum
1523 1887 1623 1907 nomen
1660 1881 1788 1908 mutavit.

995 1923 1148 1958 Utramque
1166 1924 1240 1951 enim
1257 1933 1290 1952 ex
1307 1934 1357 1952 suo
1373 1926 1484 1953 nomine
1500 1926 1696 1962 Justinopolim
1711 1927 1791 1954 dein-

997 1977 1061 2004 ceps
1073 1970 1204 2004 appellari
1220 1971 1312 2006 jussit.

1319 2029 1395 2066 CAP.
1415 2029 1460 2056 tx.

999 2072 1135 2105 Quomodo
1156 2074 1279 2110 Justinus
1300 2075 1385 2102 adhuc
1407 2076 1510 2107 vivens,
1534 2075 1664 2110 collegam
1688 2075 1792 2109 imperii

1216 2109 1400 2137 Iustinianum
1417 2111 1570 2145 assumpsit.

1033 2167 1120 2194 Porro
1148 2174 1210 2194 cum
1240 2166 1365 2194 Justinus
1391 2175 1494 2194 annum
1527 2167 1634 2202 imperii
1662 2172 1790 2195 octavum

1000 2211 1188 2247 transegisset,
1210 2219 1242 2239 ac
1265 2216 1398 2246 praeterea
1423 2220 1532 2240 menses
1557 2220 1655 2240 novem
1681 2217 1710 2239 et
1731 2211 1792 2239 dies

798 2281 915 2310 νΑιιιΑε
925 2281 1131 2310 LECTIONES.

189 2328 288 2357 ³⁸τῶν.
324 2329 386 2357 "C.
399 2329 430 2357 C.
449 2329 592 2358 ἀπολέσαι.

761 2374 897 2403 VALESII
914 2374 1197 2402 ANNOTATIONES.

192 2423 248 2458 (3‘2)
269 2423 386 2457 Πάχητί
395 2432 427 2450 τε
441 2422 516 2452 ὄντι.
530 2423 594 2451 Hmc
605 2424 691 2452 verba
703 2423 846 2452 Masculus
858 2423 886 2449 in
903 2422 946 2449 in-
962 2424 983 2451 Ι)
998 2422 1106 2458 scribit,
1123 2421 1252 2458 Διαφέρει
1268 2421 1359 2456 πάχης
1376 2421 1546 2458 χαὶηπαχύς.
1565 2421 1660 2458 nam;
1674 2420 1791 2458 psum/ip

156 2460 358 2493 terpretatione
378 2466 427 2486 sua
456 2459 644 2492 prtetermisit,
669 2458 944 2493 Christophorsonus

155 2501 224 2521 vero
238 2494 274 2520 ita
287 2494 390 2521 vertit:
406 2493 509 2529 Quippe
518 2502 577 2520 cum
592 2495 669 2521 armis
694 2494 815 2529 plurimis
835 2498 944 2519 onustus

155 2530 216 2556 sim.
232 2528 300 2562 Quae
314 2529 508 2563 interpretatio
524 2529 589 2556 ferri
603 2537 659 2556 non
682 2528 791 2563 potest;
814 2529 956 2563 sequitur,

155 2565 230 2591 enim
246 2569 270 2591 et
281 2568 358 2592 (elate
370 2564 511 2591 admodum
524 2568 670 2599 provectus.
682 2564 756 2591 Idem
773 2564 859 2599 igitur
870 2569 946 2599 utro-

156 2599 241 2633 bique
266 2599 373 2627 diceret
395 2599 540 2634 Evagrius.
568 2600 697 2634 Πάχητας
723 2602 822 2626 vocant
844 2598 944 2634 Graeci,

158 2634 284 2661 homines
295 2643 405 2662 crassos
421 2633 565 2661 et’obesos
591 2633 627 2661 ac
644 2635 770 2669 pingues.
791 2633 871 2669 Quod
898 2641 945 2668 ge-

157 2677 211 2696 nus
229 2670 371 2697 hominum
384 2670 465 2697 molle
483 2677 515 2697 ac
530 2669 679 2697 delicatum
690 2668 743 2699 est.
760 2677 812 2696 nec
825 2668 858 2695 ad
875 2676 945 2695 onus

157 2705 323 2738 portandum
349 2705 492 2732 idoneum.
519 2704 617 2732 Suidas
639 2705 668 2732 in
698 2713 766 2732 voce
791 2704 887 2737 παχεῖς
908 2703 945 2730 ila

997 2457 1106 2490 λέγεται
1122 2458 1136 2483 ὁ
1150 2456 1282 2491 λιπαρός·
1310 2455 1406 2492 παχὺς
1425 2457 1454 2483 δὲ
1478 2455 1681 2492 όγὰναίσθητος.
1707 2455 1791 2492 Nice-

998 2493 1107 2528 phorus
1121 2490 1232 2527 quoque
1249 2493 1302 2528 hoc
1319 2490 1440 2528 verbum
1456 2527 1459 2528 ν
1474 2500 1528 2528 non
1549 2490 1699 2528 intellexit.
1725 2490 1792 2524 Ejus

997 2526 1073 2588 eniém
1090 2528 1153 2555 loco
1167 2528 1220 2555 ista
1236 2527 1393 2560 substituit,
1419 2527 1467 2554 καὶ
1493 2527 1529 2553 δι’
1541 2526 1648 2553 ἔνδειαν
1676 2526 1791 2559 ἐκτετη-

999 2571 1040 2588 γυ.
1057 2571 1104 2588 νω.

999 2571 1104 2597 γμενῳ.

1172 2597 1285 2631 ἔτρεχε.
1307 2597 1406 2625 Procul
1432 2597 1517 2624 dubio
1544 2594 1724 2632 scribendum
1750 2598 1794 2622 est

999 2630 1178 2668 προσέτρεχε.
1204 2630 1285 2667 Δριιιὶ
1313 2633 1500 2668 Nicephorum
1520 2632 1621 2666 legitur
1645 2630 1792 2665 ὑπέτρεχε.

1000 2668 1052 2695 Sed
1067 2673 1161 2695 nostra
1174 2667 1332 2695 emendatio
1343 2668 1442 2694 melior
1456 2667 1577 2694 videtur.

1036 2703 1091 2738 (51)
1110 2702 1217 2730 Ἐννέα
1229 2711 1260 2729 τε
1271 2702 1371 2738 μῆνας
1383 2702 1457 2737 πρὸς
1474 2701 1574 2736 τρισὶν
1593 2700 1726 2736 ἡμέραις.
1742 2700 1795 2728 Au-

882 2765 1075 2793 VARIORUM.

193 2809 233 2843 (λ)
245 2809 342 2847 ’ξΥδωρ
350 2811 454 2847 λαϐᾴν.
474 2811 546 2847 Lege
561 2811 671 2846 λάὸρον.
684 2812 738 2844 (W.
754 2812 874 2843 Lowrtt.)

196 2846 234 2879 (ει)
252 2845 355 2872 Ἐννέα
376 2846 478 2880 μῆνας
502 2845 577 2881 πρὸς
597 2845 699 2880 ιρισὶιν
717 2849 851 2881 ἡμέραις.
866 2848 947 2875 .luxta

157 2880 393 2915 computationem
405 2883 516 2910 Antonii
523 2880 604 2918 Tagi,
621 2880 746 2910 Justinus
762 2883 886 2919 regnavit
898 2892 948 2911 an-

1003 2821 1053 2839 nos
1069 2813 1084 2838 8
1099 2820 1209 2839 menses
1222 2812 1247 2840 8.
1266 2811 1326 2838 dies
1338 2811 1382 2837 ‘25.
1402 2810 1465 2836 Vid.
1485 2809 1613 2836 Critimm
1639 2808 1667 2836 in
1693 2807 1792 2836 Baron.

1003 2847 1039 2874 ad
1051 2856 1114 2875 ann.
1135 2848 1197 2880 5'28,
1213 2855 1239 2874 n.
1254 2847 1280 2874 5.
1300 2846 1354 2882 (W.
1369 2845 1490 2880 Lowru.)
