1964 3067
87 122 154 157 9757
541 122 735 153 HISTORL’E
755 120 875 152 ECCLE.

930 121 1054 150 .S'l‘leS
1074 120 1186 149 LIBER
1211 119 1259 149 lV.
1648 118 1718 149 2758

87 186 134 212 per
148 178 218 205 duos
238 181 265 204 et
283 176 482 212 quinquaginta
505 184 602 208 annos,
626 181 656 202 ut
677 176 732 210 jam
754 175 822 206 dixi,
839 175 872 202 ad
892 174 945 201 hoc
981 181 1066 208 usque
1090 178 1197 208 tempus
1213 177 1334 208 grassata
1352 176 1403 204 est,
1436 177 1549 201 cunctas
1565 181 1626 208 qua.
1643 174 1721 208 prius

87 229 214 260 grassata:
236 228 298 252 sunt
326 224 386 251 lues
410 231 598 259 supergressa.
624 224 691 251 Nam
715 223 899 251 Philostratus
918 222 1029 257 quidem
1046 223 1172 253 miratur.
1192 222 1264 256 quod
1285 229 1334 249 sua
1356 225 1434 248 mtate
1455 222 1541 256 pestis
1560 222 1718 261 quindecim

88 272 166 299 annis
183 274 305 307 grassata
329 271 373 298 sit.
391 270 521 303 Quaenam
546 275 640 297 autem
664 270 787 305 posthmc
803 274 936 297 eventura
951 269 1015 299 sint,
1034 268 1169 296 incertum
1184 273 1237 299 est,
1266 276 1328 296 cum
1359 277 1392 295 eo
1408 268 1532 295 ferantur
1561 277 1615 303 quo
1630 269 1718 296 visum

87 319 171 346 fuerit
186 319 252 350 Deo,
269 318 315 352 qui
331 322 359 345 et
376 325 472 345 causas
493 326 585 344 rerum
602 323 629 345 et
650 321 766 345 eventus
798 316 935 351 cognovit.
969 316 1025 350 Ego
1042 323 1108 342 vero
1125 315 1190 342 illnc
1224 315 1296 343 unde
1312 315 1452 350 digressus
1467 323 1527 342 sum
1544 320 1677 342 revertar.
1691 318 1719 341 et

88 366 207 400 reliquas
220 372 265 391 res
280 368 369 399 gestas
386 364 533 392 Iustiniani
551 365 783 392 commemorabo.

388 423 514 449 ΚΕΦΑΛ.
539 423 578 449 Λ’.

87 469 155 504 Περὶ
187 466 241 503 τῆς
263 468 510 503 φιλοχρηματίας,
535 468 589 508 3m)
617 468 789 502 ἀπληστίας
807 469 878 495 Ἰου-

393 512 559 530 στινιαιόυ.

128 559 157 587 Ὀ
186 559 375 591 ’Ῐουστινιανὸς
396 557 429 595 ἦν
446 559 495 594 μὲν
508 559 657 595 χρημάτων
669 559 817 594 ἄπληστος,
831 560 878 586 καὶ

87 606 140 633 τῶν
156 606 304 641 ἀλλοτρίων
319 605 405 637 οὕτως
418 605 541 637 ἐκτόπως
557 605 683 641 ἐραστὴς,
712 605 749 637 ὡς
762 605 809 631 καὶ
826 606 878 631 ὑπ-

86 653 167 688 ήκοον
186 652 258 679 ἅπαν
278 651 391 687 χρυσίου
414 652 580 686 πιπράσκειν
597 651 652 681 τοῖς
668 659 699 676 τε
723 649 772 681 τὰς
791 649 878 685 ἀρχὰς

86 698 307 734 ἐπιτροπεύουσι,
323 698 379 729 τοῖς
399 706 429 724 τε
452 698 516 728 τοὺς
536 697 635 732 φόρους
656 696 807 730 ἐκλέγουσι,
831 696 877 722 καὶ

86 745 142 775 τοῖς
157 744 214 770 ὅσοι
231 743 278 769 ἀπ’
292 743 419 777 οὐδεμιᾶς
434 743 523 774 αἰτίας
538 742 650 777 ῥάπτειν
665 741 811 772 ἐπιϐουλὰς
820 742 877 772 τοῖς

87 789 242 825 ἀνθρώποις
256 789 389 815 ἐθέλουσι.
407 788 525 819 Πολλοὺς
537 787 567 814 δὲ
583 788 630 814 κα)¹
642 788 812 823 ἀναρίθμους
822 787 877 814 τῶν

87 834 123 860 τὰ
153 833 238 859 πολλὰ
263 833 451 868 κεκτημένων,
478 833 629 867 προφάσεις
656 833 877 867 ἀπροφασίστους

87 879 262 914 ὲπ;χρὼσας,
280 879 330 910 τὰς
348 879 443 909 οὐσίας
460 878 568 910 ἁπάσας
589 877 752 913 ἐζημίωσεν.
777 879 827 905 Ἦν
849 879 877 905 δὲ

87 926 135 951 καὶ
159 925 227 960 γυνὴ
253 923 445 959 ὲταιριζομένη
461 924 691 959 ὲποφθαλμιῶσάν
706 933 755 960 τῳ,
770 925 877 959 ὁμιλίαν

85 970 146 997 τινὰ
172 970 189 1005 ἦ
219 970 292 1006 μίξιν
321 970 482 998 ἀνέπλασεν.
502 969 582 1001 εὐθὺς
600 970 708 996 ἅπαντα
722 970 825 1004 φροῦδα
843 971 877 997 τὰ

84 1016 139 1041 τῶν
156 1016 247 1050 νόμων
267 1015 427 1046 καθίστατο,
450 1014 498 1041 καὶ.
520 1015 566 1040 τὸν
588 1014 775 1040 Ὶουστινιανὸν
792 1023 876 1049 προσ-

85 1061 282 1096 εταιρισαμένη
305 1060 352 1087 τοῦ
367 1060 469 1087 ἀτόπου
485 1060 610 1095 κέρδους,
631 1060 690 1086 ὅλον
703 1060 748 1086 τὸν
763 1060 876 1086 πλοῦτον

84 1106 134 1133 τοῦ
166 1106 416 1141 συκοφαντηθέντος
433 1126 441 1138 ,
470 1106 538 1132 οἴκοι
567 1105 796 1141 μετεσκευάσατο.
821 1106 875 1131 Καὶ

85 1153 198 1189 ἀφειδὴς
225 1154 253 1180 δὲ
275 1154 424 1189 χρημάτων
446 1153 580 1188 ὑπῆρχεν·
597 1152 667 1179 ὥστε
691 1153 738 1178 καὶ
762 1151 876 1182 πολλοὺς

85 1200 205 1234 ἁγίους,
230 1199 278 1225 καὶ
302 1198 455 1233 ἑκασταχοῦ
472 1198 552 1229 ναοὺς
577 1196 796 1232 μεγαλοπρεπεῖς
820 1195 875 1231 (74)

85 1244 251 1279 ἀναστῆσαι,
267 1243 365 1275 ἄλλους
387 1252 417 1269 τε
437 1244 547 1278 εὐαγεῖς
561 1243 656 1274 οἴκους
675 1242 704 1273 ὲς
719 1242 877 1277 ἐπιμέλειαν

85 1290 193 1326 ἀνδρῶν
207 1299 237 1316 τε
252 1290 300 1317 καὶ
310 1289 435 1324 ’γυναίων
452 1289 549 1324 ἀώρων
575 1297 604 1315 τε
630 1289 678 1315 καὶ
695 1288 815 1324 ἐξώρων,
831 1288 877 1314 καὶ

85 1338 142 1364 τῶν
160 1337 212 1363 ὑπὸ
228 1338 390 1371 νοσημάτων
406 1335 536 1362 ποικίλων
551 1334 764 1369 ἐνοχλουμένων·
779 1333 878 1360 συντά-

87 1385 144 1416 ξεις
158 1391 188 1409 τε
204 1382 324 1417 μεγάλας
340 1381 548 1416 ἀποκληρῶσαι,
571 1380 633 1407 ὅθεν
653 1380 706 1407 δέοι
732 1379 818 1406 ταῦτα
834 1379 877 1414 γί-

87 1429 193 1455 νεσθαι·
211 1429 315 1464 πρᾶξαί
329 1436 358 1455 τε
378 1428 425 1454 καὶ
439 1427 505 1454 ἄλλα
528 1427 612 1462 μυρία
627 1426 726 1461 εὐσεϐῆ
744 1427 790 1452 καὶ
810 1425 870 1460 Θεῴ

86 1475 250 1510 ἀρέσκοντα,
267 1473 345 1509 εἴπερ
359 1473 389 1506 ἐξ
404 1473 511 1499 οἰκείων
527 1472 612 1507 δρῷεν
633 1473 657 1498 οί
677 1472 779 1498 τούτων
794 1472 876 1507 ἐργά-

85 1529 144 1553 ται,
160 1521 207 1546 καὶ
220 1519 343 1554 καθαρὰς
356 1518 405 1550 τὰς
419 1517 494 1552 σφῶν
507 1517 621 1551 πράξεις
634 1518 840 1552 καρποφοροῖεν.

384 1658 510 1685 ΚΕΦΑΛ.
531 1658 594 1684 ΛΑ’.

84 1705 157 1740 Περὶ
173 1705 226 1732 τοῦ
242 1705 375 1740 μεγάλου
387 1704 463 1730 ναοῦ
478 1702 532 1740 τῆς
555 1703 653 1740 Ἀγίας
672 1703 798 1737 Saga/ac,
829 1703 878 1730 καί

282 1739 340 1766 τῶν
360 1739 460 1774 Ἁγίων
478 1739 675 1765 Ἀποστόλων.

129 1786 273 1830 Ἀνέστησὲ
297 1795 324 1822 δὲ
349 1792 396 1821 καὶ
421 1794 492 1821 κατὰ
514 1794 564 1830 τὴν
582 1795 796 1828 Κωνσταντίνυυ,
813 1796 876 1822 πολ-

83 1840 150 1871 λοὺς
165 1840 213 1875 μὲν
229 1841 258 1871 ἐς
270 1839 367 1871 κάλλος
380 1839 585 1874 ἐξησκημένους
603 1839 643 1874 τῷ
657 1839 728 1874 Θείῳ
750 1840 798 1867 καὶ
819 1843 876 1872 τοῖς

83 1886 176 1919 ἁγίοις
200 1885 309 1920 σηκούς.
333 1885 501 1920 Ἐδομήσατο
517 1884 545 1910 δὲ
563 1884 636 1919 μέγα
652 1893 679 1911 τι
695 1886 742 1912 καὶ
767 1886 873 1921 ἀπαρά-

83 1932 188 1965 ϐλητον
202 1931 305 1965 χρῆμα,
323 1930 372 1965 οὐχ
393 1929 534 1965 ἱστορηθὲν
549 1929 668 1962 πώποτε,
684 1931 730 1956 τὴν
750 1931 878 1965 μέγιστον

82 1976 136 2010 τῆς
155 1974 302 2010 ἐκκλησίας
321 1975 386 2010 νηὸν
399 1974 449 2009 (a),
468 1974 592 2010 εὐπρεπῆ
606 1982 635 2000 τε
650 1975 696 2001 καὶ
715 1975 817 2010 ἔξοχον,
830 1976 877 2002 καὶ

81 2021 167 2054 λόγου
184 2019 299 2054 δύναμιν
314 2019 487 2046 ὲκὸαίνοντα.
502 2020 556 2045 Καὶ
570 2019 738 2055 πειράσομαι
753 2021 781 2046 δὲ
791 2020 829 2052 ὼς
845 2021 877 2048 ἂν

81 2063 142 2096 οἶός
160 2074 189 2091 τε
213 2061 246 2097 ὦ,
269 2066 483 2100 χωρογραφῆσαι
498 2065 528 2091 τὸ
540 2065 663 2100 τέμενος.
680 2066 761 2097 Θόλος
774 2068 847 2094 ἐστὶν
865 2069 878 2094 ὁ

81 2112 142 2139 τῶν
158 2111 316 2146 ἀνακτόρων
339 2111 415 2147 νηὸς,
431 2111 557 2146 τέτταρσι
581 2112 801 2148 μετεωριζομένη
825 2113 879 2148 ψα-

80 2157 168 2189 λίσιν,
185 2156 213 2188 ὲς
230 2156 356 2183 τοσοῦτον
372 2156 439 2191 ὕψος
465 2156 646 2192 ὲπαιρομένη,
664 2158 702 2189 ὡς
718 2158 810 2193 ἔνερθε
829 2159 878 2194 μὲν

79 2203 143 2234 τοῖς
163 2202 316 2234 ἀτενίζουσι
339 2202 502 2237 δυσέφικτον
535 2200 606 2229 εἶναι
628 2204 675 2230 τοῦ
696 2204 877 2240 ἡμισφαιρίου

79 2249 136 2284 τὴν
156 2248 368 2284 ἀποπεράτωσιν
379 2256 385 2263 ·
401 2248 503 2284 ὕπερθε
522 2249 550 2276 δὲ
572 2250 636 2281 τοὺς
648 2251 807 2286 γινομένους
824 2260 876 2287 μη-

1235 419 1312 446 CAP.
1333 419 1418 446 XXX.

1073 465 1110 492 De
1126 465 1278 499 inexplebili
1291 467 1405 492 avaritia
1420 465 1576 493 Iustiniani.

965 552 1028 580 Fuit
1055 553 1166 588 quidem
1186 553 1358 581 Justinianus
1386 554 1560 590 inexplebilis
1585 557 1717 589 avaritiae,

929 605 956 628 et
977 601 1059 628 alieni
1078 609 1165 637 usque
1182 602 1251 629 adeo
1274 606 1416 636 appetens.
1436 608 1467 630 ut
1484 603 1626 631 universas
1654 612 1718 639 pro-

928 647 1035 674 vincias
1057 647 1165 682 imperii
1188 648 1303 674 Romani
1320 652 1431 683 accepta
1453 650 1570 683 pecunia
1587 649 1721 677 venderet

929 694 1144 728 magistratibus,
1172 697 1201 720 et
1224 694 1392 721 tributorum
1420 695 1608 728 exactoribus,
1637 700 1665 722 et
1686 695 1720 723 iis

929 739 975 774 qui
990 739 1095 774 absque
1119 740 1173 766 ulla
1191 748 1273 768 causa
1298 740 1413 767 insidias
1434 740 1595 768 hominibus
1612 745 1721 769 struere

929 785 1027 813 solent.
1059 786 1157 813 Multos
1187 791 1329 821 praeterea,
1353 794 1386 813 ac
1409 794 1486 821 paene
1503 787 1720 815 innumerabiles

929 831 976 866 qui
997 832 1097 866 opibus
1112 832 1270 864 attinebant,
1292 832 1463 859 concinnatis
1479 833 1625 860 calumniis
1645 834 1720 860 omni

928 876 1094 910 patrimonio
1112 877 1249 911 spoliavit.
1269 877 1346 910 Quod
1361 879 1382 905 si
1410 885 1471 912 qua:
1489 878 1589 906 mulier
1604 887 1719 914 corpore

928 925 1062 955 quaestum
1080 921 1193 953 lacicns,
1211 924 1439 951 consuetudinem
1456 928 1503 951 aut
1518 929 1643 959 stuprum
1665 926 1718 952 ali-

929 967 972 994 cui
999 967 1068 995 falso
1095 969 1252 1004 objecisset.
1283 970 1363 997 bonis
1384 971 1444 1006 ejus
1472 971 1591 1004 inhians,
1627 973 1719 1000 statim

928 1013 1002 1047 leges
1017 1021 1111 1041 omnes
1126 1023 1158 1041 ac
1173 1015 1233 1049 jura
1248 1016 1432 1048 violabantur,
1448 1022 1475 1043 et
1489 1016 1570 1043 modo
1588 1017 1721 1045 Justinia-

930 1065 995 1084 num
1017 1060 1105 1093 turpis
1124 1059 1192 1086 lucri
1222 1061 1383 1095 participem
1400 1062 1554 1094 ascivisset,
1576 1063 1719 1091 universas

927 1110 994 1138 opes
1009 1105 1068 1138 ejus
1083 1105 1130 1139 qui
1144 1106 1279 1132 calumnia
1295 1107 1433 1140 appetitus
1450 1107 1549 1140 fuerat,
1565 1108 1591 1135 in
1606 1109 1718 1136 domutn

928 1156 1003 1176 suam
1021 1151 1212 1178 transferebat.
1229 1152 1302 1179 idem
1327 1157 1416 1179 tamen
1433 1153 1459 1180 in
1472 1154 1651 1188 expendenda
1671 1163 1721 1190 pe-

928 1195 1009 1221 cunia
1025 1196 1171 1223 admodum
1188 1198 1278 1232 largus
1297 1197 1347 1224 fuit
1365 1207 1370 1224 :
1389 1199 1458 1226 adeo
1475 1203 1504 1225 ut
1517 1199 1616 1227 multas
1628 1208 1720 1229 sacras

927 1240 1000 1268 aedes
1023 1246 1051 1268 et
1081 1243 1237 1277 magniﬁcas
1269 1245 1368 1278 passim
1398 1245 1528 1274 ecclesias
1560 1247 1719 1276 aedificaret.

927 1287 1026 1315 Multas
1039 1294 1169 1323 praetcrea
1192 1290 1332 1325 religiosas
1347 1292 1442 1318 domos
1455 1292 1487 1318 ad
1498 1293 1636 1320 curandos
1646 1294 1721 1322 viros

928 1341 960 1360 ac
976 1335 1114 1366 mulieres,
1136 1340 1190 1362 tam
1210 1344 1298 1367 senes,
1313 1345 1393 1370 quam
1409 1338 1548 1372 parvulos,
1566 1342 1649 1365 eteos
1671 1338 1718 1372 qui

927 1380 1010 1406 variis
1033 1380 1136 1406 morbis
1148 1380 1378 1408 conﬂictabantur
1391 1403 1398 1414 ,
1415 1383 1570 1410 exstruxit:
1588 1391 1639 1412 nec
1661 1392 1720 1412 me-

929 1424 1037 1452 dioeres
1060 1426 1164 1453 reditus
1176 1427 1209 1453 ad
1227 1435 1287 1453 cam
1307 1435 1364 1454 rem
1390 1428 1544 1462 deputavit.
1573 1429 1720 1458 lnnumera

929 1479 1038 1506 quoque
1056 1473 1108 1499 alia
1130 1473 1214 1507 gessit
1231 1473 1379 1500 admodum
1398 1474 1452 1508 pia,
1470 1475 1581 1509 Dcoqne
1594 1481 1719 1511 accepta,

929 1517 1078 1544 dummodo
1092 1518 1109 1544 ii
1124 1519 1170 1552 qui
1185 1518 1242 1545 haec
1253 1524 1348 1553 agunt,
1363 1527 1395 1546 ex
1405 1520 1526 1554 propriis
1545 1521 1722 1550 facultatibus

929 1571 960 1590 ea
974 1571 1060 1597 opera
1079 1564 1230 1598 perﬁciant.
1249 1570 1275 1591 et
1294 1571 1370 1592 actus
1386 1574 1451 1593 suos
1470 1574 1564 1601 puros,
1590 1571 1720 1602 tanquam

931 1608 1106 1640 sacriﬁcium,
1120 1609 1238 1636 olli-rant
1253 1610 1318 1637 Dco.

1178 1665 1256 1700 411
1279 1665 1355 1693 car.
1376 1666 1472 1693 xxxx.

933 1709 970 1735 De
988 1718 1085 1744 magna
1110 1710 1217 1737 ecclesia
1242 1711 1347 1737 Sanum
1375 1711 1489 1746 Sep/tim,
1513 1717 1537 1738 et
1562 1712 1720 1741 Sanctorum

1220 1745 1418 1780 Apostolorum.

966 1801 1039 1828 Idem
1063 1801 1311 1836 Constantinopoli,
1343 1811 1406 1830 cum
1438 1803 1504 1831 alias
1528 1812 1622 1832 sacras
1648 1806 1722 1834 aedes

930 1847 1007 1873 mine
1020 1847 1238 1881 pulchritudinis
1255 1848 1282 1875 in
1304 1848 1438 1876 honorem
1449 1849 1495 1877 Dei
1515 1858 1547 1877 ac
1562 1855 1720 1882 sanctorum

929 1893 1083 1919 construxit
1101 1901 1106 1919 :
1123 1897 1179 1920 tum
1208 1902 1337 1929 magnum
1358 1895 1423 1922 illud
1451 1899 1479 1922 et
1504 1896 1719 1931 incomparabile

928 1946 1008 1973 opus,
1023 1939 1175 1974 cujusmodi
1187 1940 1292 1967 nullum
1304 1949 1424 1975 linquam
1435 1941 1519 1968 fuisse
1530 1947 1716 1970 memoratur:

928 1982 1074 2009 maximam
1097 1983 1203 2010 scilicet
1224 1984 1369 2011 ecclesiam
1387 1985 1492 2012 Sanctaa
1505 1985 1623 2021 Sophim,
1637 1987 1719 2015 deco-

929 2035 986 2054 ram
1005 2036 1036 2055 ac
1052 2029 1264 2062 praecellentem,
1283 2034 1311 2056 et
1335 2037 1395 2067 qnge
1415 2030 1469 2056 vim
1489 2030 1598 2058 dicendi
1608 2040 1717 2060 omnem

928 2073 1008 2108 longe
1022 2079 1143 2108 superat.
1157 2075 1225 2110 Ejus
1254 2079 1343 2102 tamen
1362 2075 1484 2110 singulas
1508 2079 1718 2114 partequuoad

929 2121 1219 2154 possum,describere
1237 2121 1367 2148 conabor.
1395 2121 1477 2150 Edes
1494 2124 1656 2156 sanctuarii,
1679 2128 1717 2151 te-

930 2165 1012 2192 studo
1031 2170 1073 2193 est
1085 2172 1204 2201 quatuor
1217 2167 1369 2195 fornicibus
1384 2168 1410 2195 in
1422 2169 1540 2196 sublime
1558 2175 1649 2197 erecta
1665 2179 1671 2197 :
1691 2171 1718 2198 in

932 2215 1033 2238 tantam
1046 2211 1218 2240 altitudinem
1231 2213 1337 2241 sublata
1350 2235 1357 2246 ,
1373 2219 1444 2241 utex
1461 2214 1591 2242 inferiore
1606 2216 1719 2250 quidem

930 2254 991 2282 loco
1003 2257 1180 2291 aspicientes,
1192 2258 1376 2293 hemisphaerii
1386 2259 1523 2295 fastigium
1536 2260 1645 2289 didicile
1656 2270 1720 2297 pos-

672 2319 808 2347 VALESH
827 2321 1105 2353 ANhOTATlONES.

123 2378 179 2409 (74)
213 2377 267 2405 Καὶ
294 2377 465 2411 ἑκασταχοῦ
498 2378 592 2410 ναοὺς
621 2380 871 2413 μεγαλοπρεπεῖς.

82 2413 227 2440 Henricus
253 2413 376 2440 Savilius
390 2413 554 2447 particulam
577 2414 624 2439 καί
648 2413 676 2440 in
703 2422 753 2441 suo
774 2416 872 2444 codice

79 2447 232 2482 expunxit.
250 2448 318 2475 Eam
332 2452 423 2475 tamen
433 2448 479 2475 hic
496 2448 670 2475 retinendam
683 2457 743 2477 esse
758 2458 869 2483 censeo,

927 2384 1106 2417 transpositis
1138 2388 1244 2412 tantum
1261 2386 1405 2414 vocabulis
1430 2386 1484 2414 hoc
1513 2387 1611 2415 modo:
1634 2388 1716 2415 Ὥστε

926 2418 1223 2458 καιπολλοὺςμάγίους
1244 2421 1291 2448 καὶ
1318 2422 1539 2457 μεγαλοπρεπεῖς
1565 2423 1718 2458 ἑκασταχοῦ

925 2453 1007 2485 ναοὺς
1022 2453 1184 2490 ἀναστῆσαι.

807 2507 999 2539 VARlORUM.

122 2551 243 2595 (ιθ-Τῆς
256 2551 422 2595 ἐξικλρσίᾳς
436 2551 669 2595 νηίξνλιειοτρινεε
692 2553 791 2595 legisse
802 2554 875 2595 vide-

933 2557 1006 2595 i_ntc_r
1019 2558 1121 2595 prioris
1141 2559 1265 2587 ecclesia:
1292 2560 1536 2595 conflagrationem
1552 2580 1558 2590 .
1583 2565 1612 2588 et
1637 2568 1718 2590 novae

77 2593 134 2614 tur
148 2587 199 2621 τῆς
218 2587 313 2620 Ἀγίας
329 2587 429 2622 Σοφίας
443 2587 515 2613 ναόν.
535 2587 622 2622 Hujus
647 2587 772 2616 ecclesiae
788 2589 876 2616 indili-

75 2622 163 2650 catio
178 2622 212 2648 ad
228 2629 294 2648 ann.
309 2621 361 2649 552
374 2622 519 2649 referenda
535 2626 588 2649 est.
602 2622 740 2649 Nimirum
758 2624 785 2650 in
799 2625 875 2651 scdi-

78 2659 166 2697 tione
179 2657 214 2683 ab
227 2657 355 2697 Hyeptio,
370 2657 506 2697 Pompeio
523 2661 551 2684 et
564 2657 656 2697 Probo
674 2658 808 2697 adversus
828 2661 877 2687 Ju-

73 2692 307 2729 stinianutnisto
321 2699 403 2729 anno
418 2692 556 2729 concitata
577 2693 624 2729 _(de
635 2701 688 2727 qua
701 2693 758 2720 vid.
786 2702 869 2729 supra

76 2736 114 2756 c.
150 2727 196 2761 15)
218 2726 349 2763 Ecclesia
380 2727 467 2762 Major
485 2727 615 2754 incendio
635 2726 782 2763 absumpta
817 2726 868 2757 cst.

75 2763 193 2791 Novam
216 2762 309 2796 itaque
333 2766 362 2789 et
389 2763 469 2797 longe
485 2763 647 2797 ampliorem
661 2762 807 2792 aediﬁcavit
829 2766 876 2792 Ju-

74 2798 238 2829 stinianus,
251 2801 280 2824 et
294 2801 397 2825 sanctae
419 2798 529 2831 Sophia:
551 2798 702 2831 dedicavit,
723 2808 796 2827 anno
812 2801 875 2833 557,

75 2840 184 2862 mense
199 2833 354 2865 Deccmbri,
364 2840 426 2860 cum
439 2840 486 2860 sex
502 2833 564 2860 lcrc'
572 2834 636 2861 anni
654 2833 876 2863 intercessissent

931 2592 1206 2629 dedicationem.Vid
1231 2595 1294 2622 Ant.
1312 2592 1421 2629 Pagiad
1438 2603 1503 2622 anu.
1523 2595 1584 2627 552,
1604 2604 1631 2623 n.
1646 2596 1671 2627 '7,
1688 2602 1717 2624 et

930 2627 963 2654 ad
977 2635 1042 2665 ann.
1059 2629 1121 2661 557,
1139 2637 1168 2656 ιι.
1191 2630 1214 2657 5.
1248 2630 1302 2665 (W.
1326 2627 1448 2664 Lowrn.)
1478 2630 1565 2664 Hujus
1592 2632 1718 2660 ecclesia;

930 2663 1053 2690 nominis
1081 2665 1215 2692 rationem
1250 2663 1341 2692 reddit
1375 2665 1476 2692 Paulus
1505 2663 1642 2693 Diaconus
1666 2667 1716 2694 lib.

923 2706 999 2737 xvnt,
1018 2699 1108 2737 initio,
1122 2700 1165 2737 his
1175 2700 1282 2737 verbis:
1312 2709 1321 2726 α
1335 2700 1483 2737 Εκδιτιινκὶι,
1507 2701 1578 2727 idem
1593 2702 1719 2737 princeps

931 2733 1286 2772 intraconstantinopolini
1311 2735 1410 2762 urbem
1432 2735 1484 2770 ipsi
1514 2733 1642 2768 Domino,
1670 2733 1718 2772 qui

929 2774 972 2795 est
989 2768 1126 2806 Sapientia
1140 2768 1314 2802 Dei-Patris,
1341 2768 1494 2806 templum,
1525 2772 1597 2806 quod
1621 2768 1719 2799 ϐτοέςο

930 2804 1181 2842 vocabulofAyiav
1193 2806 1305 2841 Σοφίαν,
1321 2805 1348 2832 id
1366 2804 1419 2838 est,
1447 2804 1574 2834 Sauriam
1601 2807 1717 2842 Sapien-

930 2840 995 2865 tium
1006 2840 1169 2868 nominavit.
