1966 3068
232 162 301 195 2811

845 162 1002 192 EVAGRII
1020 162 1263 193 SCHOLASTICI

1796 165 1862 197 2812

235 220 368 256 dignitate
384 219 472 249 exuit,
483 226 546 246 cum
559 218 626 245 nihil
637 226 668 245 ea
681 217 715 244 de
732 225 759 245 re
775 218 909 245 militibus
924 227 1023 246 renun-

1084 219 1275 253 ιαταγὲλαστον
1285 220 1443 255 πολιορκίαν
1455 221 1596 252 λύσαντες.
1605 222 1633 247 '0
1645 221 1693 256 μὲν
1701 219 1747 249 οὖν
1755 221 1864 257 Ἀδααρ-

235 266 340 294 tiasset.
359 264 545 292 Centuriones
575 271 640 291 vero
670 269 698 291 et
726 264 854 291 ordinum
884 264 1024 296 ductores,

234 315 380 346 postquam
395 309 515 344 peractis
528 309 632 344 vigiliis
652 309 750 336 ducem
767 317 847 336 suum
863 314 1026 337 exauctora-

234 359 293 382 tum
308 362 371 381 esse
389 354 556 386 didicerunt,
572 362 626 382 non
647 354 766 389 amplius
785 359 980 389 processerunt
997 355 1025 382 in

234 401 375 436 publicum
391 409 398 427 :
413 400 461 427 sed
475 400 573 436 dilapsi
585 401 637 428 hac
662 401 725 428 illac
753 400 847 436 fugere
870 405 1024 435 cmperunt.

235 446 381 473 ridiculam
399 446 472 473 illam
495 446 669 473 obsidionem
693 446 891 481 relinquentes.
912 446 1025 474 Interim

235 492 432 524 Adaarmanes,
449 493 496 527 qui
512 492 660 519 Persarum
672 496 700 519 et
716 491 890 519 Scenitarum
905 491 1025 519 Arabum

236 539 375 574 ingentem
403 539 522 566 habebat
547 539 712 569 exercitum.
728 538 881 566 Circesium
911 543 1027 572 prteter-

235 593 357 621 gressus,
389 587 574 613 Romanorum
602 586 735 612 ditionem
753 585 881 612 incendio
903 593 934 613 ac
954 585 1028 613 ferro

236 636 265 659 et
280 632 354 659 omni
369 632 530 659 vastationis
546 639 646 667 genere
660 632 809 666 populatus
822 635 875 664 est,
891 631 959 658 nihil
971 639 1029 659 me-

237 678 332 705 diocre
343 678 437 705 animo
451 678 600 714 designans
616 682 664 705 aut
687 685 797 713 gerens.
811 677 930 705 Castella
945 678 1027 705 etiam

237 722 311 757 cepit
330 727 357 750 et
375 723 449 750 vicos
466 730 549 757 quam
566 723 713 757 plurimos,
727 722 839 749 nemine
858 722 1004 750 resistente
1021 731 1027 738 ·

236 769 356 803 primum
367 769 489 804 quidem,
499 769 664 804 quianullus
676 774 742 796 tunc
754 774 814 796 erat
824 769 879 796 dux
891 769 1030 796 Romano-

238 823 311 842 rum.
324 814 426 842 Deinde
445 823 478 842 eo
489 814 561 850 quod
579 815 711 841 militibus
730 814 863 841 Romanis
877 822 891 840 a
905 813 1029 842 Chosroe

238 861 310 889 intra
338 861 470 896 oppidum
501 861 586 888 Daras
605 860 753 890 conclusis.
784 860 977 894 pabulationes
1002 865 1030 888 et

1078 265 1165 299 μάνης
1192 266 1261 300 ἔχων
1287 266 1425 301 ἀξιόλογον
1452 267 1566 303 στρατὸν
1579 268 1692 302 Περσῶν
1711 276 1740 294 τε
1756 268 1865 295 καὶτῶν

1077 311 1224 347 Σκηνητῶν
1236 312 1397 347 Βαρϐάρων,
1411 313 1471 339 ἐπεὶ
1487 314 1517 340 τὸ
1531 314 1682 349 Κιρκήσιον
1697 315 1770 349 παρή
1775 315 1863 350 μειψε,

1077 357 1211 389 παντοίως
1225 359 1281 390 τοῖς
1299 358 1442 394 Ῥωμαίων
1459 359 1615 395 ἐλυμήνατο
1631 360 1802 395 πράγμασιν,
1818 361 1866 397 lip-

1078 403 1201 438 πιπρὰς,
1220 404 1401 437 ἀποκτιννὺς,
1420 405 1495 432 οὐδὲν
1511 405 1623 441 μέτριον
1637 406 1734 433 ἐννοῶν
1749 407 1765 442 ἢ
1781 407 1866 443 πράτ-

1077 457 1150 478 των·
1176 450 1252 486 αἱρεῖ
1268 459 1297 477 τε
1318 451 1436 486 φρούρια
1453 451 1501 478 καὶ
1516 451 1613 487 κώμας
1628 451 1745 485 πολλὰς,
1763 453 1868 485 οὐδενὸς

1078 497 1314 528 ἀντιστατοῦντος.
1347 497 1447 532 Πρῶτα
1471 497 1520 532 μὲν
1545 498 1588 524 ὅτι
1610 505 1642 532 γε
1664 495 1750 534 ἦρχεν
1768 499 1865 531 οὐδεὶς,

1078 541 1128 569 εἷθ’
1145 542 1187 569 ὃτι
1203 543 1250 570 καὶ
1263 542 1319 569 τῶν
1335 543 1509 579 στρατιωτῶν
1525 543 1593 580 πρὸς
1604 543 1652 571 τοῦ
1665 544 1788 580 Χοσρόου
1800 545 1868 572 κατὰ

1078 588 1108 614 τὸ
1127 589 1218 624 Δάρας
1236 589 1276 623 (tt)
1297 588 1562 616 ἑναποκλεισθέντων
1574 609 1581 621 ,
1610 589 1653 616 ἐπ’
1677 589 1770 622 ἀδείας
1792 591 1822 617 αἴ
1839 599 1868 618 τε

1079 633 1215 667 προνομαὶ
1241 633 1290 660 καὶ
1314 633 1342 659 αἱ
1369 633 1458 667 ἔφοδοι
1484 633 1635 668 ἐγίγνοντο.
1652 633 1763 661 Ἐπεισι
1777 635 1805 662 δὲ
1820 635 1867 661 καὶ

1079 678 1111 712 τῇ
1126 678 1312 705 Θεουπολιτῶν
1327 677 1372 705 διὰ
1386 678 1439 706 τῶν
1452 679 1520 713 ἀμφ’
1534 679 1629 706 αὐτόν·
1647 679 1707 706 οὐδὲ
1721 680 1775 715 γὰρ
1790 681 1868 713 αὐτὸς

1079 721 1206 756 ἀφίκετο·
1225 723 1249 749 οἳ
1266 724 1313 750 καὶ
1331 723 1407 759 παρὰ
1420 724 1510 750 πᾶσαν
1524 723 1620 751 ἐλπίδα
1631 724 1868 761 ἅπεκρούσθησαν,

1081 767 1196 802 μηδενὸς
1222 768 1450 804 ὲναπομείναντος
1475 771 1509 805 τῇ
1532 769 1630 802 πόλει,
1657 770 1670 804 η
1689 770 1749 797 λίαν
1768 771 1867 807 κομιδῇ

1080 813 1236 848 εὐαρίομων
1247 835 1254 847 ,
1280 815 1327 841 καὶ
1344 814 1390 841 τοῦ
1406 815 1502 850 ἱερέως
1518 816 1687 850 πεφευγότος
1702 817 1749 843 καὶ
1761 817 1795 843 τὰ
1810 817 1870 852 ἱερὰ

1081 858 1300 893 ὑπεξαγαγόντος
1316 860 1457 895 κειμήλια,
1472 860 1540 887 διότι
1555 862 1602 888 καὶ
1615 862 1649 888 τὰ
1663 862 1747 892 πολλὰ
1759 862 1806 889 τοῦ
1817 863 1871 890 τείν

239 908 410 936 ineursiones
435 908 539 943 absque
569 907 768 942 impedimento
796 907 909 939 ﬁebant.
940 907 1029 934 Ador-

1084 914 1145 940 χους
1172 906 1305 942 διερρύη,
1334 907 1382 934 καὶ
1406 908 1420 933 ὁ
1443 907 1527 942 δῆμος
1549 908 1704 944 ἐπανέστη,
1730 908 1870 944 νεωτέρων

189 973 193 976 -
239 958 285 981 tus
296 954 430 981 estetiam
453 954 548 981 urbem
570 953 744 980 Antiochiam
763 961 811 987 per
836 953 937 980 milites
954 960 1028 980 suos.

237 999 332 1035 Neque
347 1001 420 1028 enim
439 1000 496 1035 ipse
513 1000 579 1027 illuc
597 1000 736 1035 perrexit:
753 999 802 1034 qui
821 1003 913 1027 tamen
929 1003 1029 1034 praeter

238 1047 362 1073 omnium
389 1054 464 1080 spem
481 1051 564 1081 atque
589 1045 824 1080 exspectationem
840 1044 905 1071 inde
924 1045 1027 1080 repulsi

238 1097 314 1124 sunt,
330 1100 392 1119 cum
407 1100 488 1120 nemo
502 1097 601 1127 praeter
623 1091 769 1126 admodum
787 1099 890 1126 paucos
907 1091 936 1118 in
960 1091 1028 1118 urbe

238 1137 425 1169 remansisset,
441 1141 468 1164 et
480 1137 626 1172 episcopus
644 1136 701 1178 ipse
712 1135 876 1171 aufugisset,
890 1139 918 1163 et
934 1143 1027 1163 sacros

1081 953 1254 987 πραγμάτων
1268 952 1350 988 ἄρξαι
1363 953 1459 985 θέλων,
1471 951 1515 980 οἷα
1528 954 1602 988 φιλεῖ
1614 955 1749 989 γίνεσθαι,
1761 956 1808 982 καὶ
1821 957 1871 991 μά-

1080 998 1160 1025 λιστα
1187 998 1263 1034 παρὰ
1285 1000 1349 1030 τοὺς
1370 1000 1509 1032 τοιούτους
1531 1001 1654 1036 καιρούς.
1680 1001 1711 1028 Οἳ
1729 1002 1776 1028 καὶ
1793 1002 1870 1028 αὐτοὶ

1080 1044 1260 1080 πεφευγότες.
1280 1045 1386 1080 ἐρήμην
1407 1046 1456 1081 τὴν
1472 1046 1547 1073 πόλιν
1564 1046 1804 1080 καταλελοίπασιν,
1823 1048 1870 1074 οὺ-

1080 1091 1153 1122 δενδς
1181 1090 1250 1122 ὅλως
1273 1091 1460 1126 ἐπινοηθέντος
1486 1093 1525 1124 εἰς
1549 1092 1740 1128 ἐπιτέχνησιν,
1768 1093 1785 1128 ἢ
1809 1094 1872 1120 ἀντ-

1081 1136 1267 1171 επιχείρησιν.

238 1184 384 1212 thesauros
412 1193 505 1213 secum
525 1188 708 1220 asportasset,
728 1188 875 1219 propterea
905 1183 979 1219 quod
1004 1188 1032 1211 et
1052 1183 1124 1211 muri
1158 1184 1276 1212 maxima
1305 1192 1370 1219 pars
1394 1185 1586 1219 interciderat,
1599 1189 1627 1212 et
1643 1186 1763 1221 populus
1779 1194 1872 1213 rerum

237 1240 371 1260 novarum
394 1232 544 1267 cupiditate
572 1231 702 1267 ﬂagrans,
720 1231 887 1259 seditionem
920 1231 1100 1262 excitaverat,
1126 1231 1362 1265 quemadmodum
1393 1231 1531 1267 ejusmodi
1559 1232 1711 1266 praesertim
1739 1228 1873 1266 tempori-

238 1279 289 1306 bus
309 1278 366 1306 lieri
382 1279 461 1306 solet.
473 1279 525 1306 Sed
550 1283 578 1306 et
594 1279 645 1313 ipsi
673 1278 808 1310 seditiosi,
827 1283 935 1312 arrepta
954 1277 1028 1312 fuga,
1050 1277 1148 1304 urbem
1161 1285 1276 1305 vacuam
1289 1278 1467 1313 reliquerant,
1495 1284 1557 1305 cum
1585 1277 1654 1304 nihil
1670 1279 1783 1306 omnino
1793 1285 1874 1306 exco-

238 1328 354 1362 gitatum
368 1331 450 1360 esset,
474 1332 521 1354 aut
549 1327 582 1354 ad
607 1327 760 1354 feriendum
787 1327 911 1357 hostem,
928 1329 976 1352 aut
994 1325 1026 1352 ad
1045 1325 1273 1360 propulsandum.

365 1430 402 1457 De
424 1385 757 1466 επριιῃηαιὶῗέερΑιῖιιπεω
772 1433 796 1455 et
812 1429 909 1456 Durus.

277 1487 333 1514 Hoc
360 1487 443 1522 igitur
457 1491 558 1514 conatu
584 1485 735 1512 frustratus
754 1484 955 1515 Adaarmanes,
972 1487 1035 1518 post

242 1535 381 1562 incensam
412 1533 507 1561 urbem
521 1541 581 1567 quae
592 1532 657 1560 olim
683 1531 796 1566 quidem
821 1530 963 1562 Heraclea,
983 1537 1033 1563 po-

241 1585 299 1607 stea
310 1586 377 1606 vero
390 1578 517 1614 Gagalice
534 1581 693 1612 nuncupata
710 1580 766 1607 est.
785 1577 932 1611 Apameam
949 1582 1032 1603 occu-

242 1625 327 1661 pavit,
343 1625 408 1652 olim
428 1632 441 1651 a
457 1623 575 1651 Seleuco
586 1623 714 1650 Nicatore
731 1623 870 1650 conditam
888 1631 894 1648 :
909 1629 970 1656 quae
985 1629 1033 1649 an-

243 1677 286 1699 tea
306 1671 417 1706 quidem
435 1671 536 1705 opibus
547 1674 575 1697 ct
590 1669 744 1697 incolarum
757 1669 934 1696 multitudine
945 1669 1033 1695 abun-

242 1716 339 1742 darat:
353 1722 501 1750 progressu
515 1720 606 1742 autem
623 1715 754 1749 temporis
773 1722 938 1750 magnopere
951 1713 1032 1750 437

244 1761 388 1788 imminuta
412 1764 481 1788 erat.
491 1760 568 1787 Hane
581 1761 665 1795 igitur
690 1761 778 1795 pactis
791 1760 956 1794 quibusdam
972 1767 1037 1787 con-

244 1806 398 1833 ditionibus
422 1814 485 1834 cum
502 1807 631 1841 cepisset,
650 1807 735 1841 (cives
754 1807 827 1834 enim
852 1807 930 1833 nullo
955 1806 1036 1834 modo

245 1851 373 1878 resistere
403 1856 542 1886 poterant,
560 1859 639 1879 muro
655 1859 710 1886 pra:
735 1856 870 1879 vetustate
893 1851 1036 1886 collaps0,)

244 1901 329 1923 totam
340 1897 535 1929 concremavit,
549 1897 683 1932 bonisque
699 1897 827 1924 omnibus
842 1901 938 1925 contra
951 1897 1031 1924 (idem

244 1942 334 1968 datam
352 1941 469 1976 direptis
484 1941 627 1974 abscessit,
647 1943 793 1970 universos
811 1942 886 1970 cives
898 1950 930 1969 ac
947 1941 1034 1969 ﬁniti-

245 1995 315 2021 mos,
329 1987 453 2023 captivos
476 1988 625 2015 abducens.
644 1988 717 2015 inter
732 1996 801 2023 quos
814 1989 903 2023 ipsum
923 1996 1034 2023 quoque

245 2035 322 2062 urbis
331 2035 504 2069 episcopum,
521 2039 549 2061 et
566 2043 629 2062 eum
642 2035 686 2062 cui
700 2035 903 2062 administratio
923 2034 1035 2070 provin-

244 2085 294 2112 ciae
321 2085 467 2112 commissa
496 2089 565 2116 erat,
583 2092 675 2111 secum
699 2084 862 2119 asportarit.
883 2083 936 2111 Sed
956 2087 985 2111 et
1006 2083 1033 2110 in

243 2131 386 2159 redeundo
399 2131 485 2158 multa
501 2130 632 2158 atrociter
653 2130 748 2165 gessit,
764 2138 826 2158 cum
851 2130 944 2157 nullus
959 2134 1033 2157 esset

245 2177 291 2212 qui
306 2177 461 2208 cohiberet,
486 2181 533 2203 aut
548 2176 661 2203 omnino
676 2175 835 2207 obsisteret,
851 2180 951 2210 praeter
966 2181 1033 2209 pau-

245 2222 372 2250 cissimos
395 2222 497 2249 milites
512 2229 527 2248 a
547 2221 655 2248 Justino
672 2221 769 2248 missos
780 2241 786 2253 ,
801 2220 902 2255 quibus
917 2225 1035 2255 praeerat

1388 1384 1515 1412 ΚΕΦΑΛ.
1533 1385 1561 1413 I'.

1117 1430 1187 1464 Περὶ
1205 1430 1259 1463 τῆς
1275 1430 1416 1464 ἁλώσεως
1430 1432 1586 1466 Ἀπαμείας
1615 1432 1662 1458 καὶ
1680 1431 1732 1458 τοῦ
1745 1431 1854 1466 Δὰρας.

1127 1488 1170 1519 Ὠς
1194 1487 1216 1513 δ’
1238 1486 1285 1514 οὖν
1296 1489 1345 1523 τῆς
1356 1488 1453 1523 πείρας
1471 1488 1574 1522 ταύτης
1590 1488 1740 1524 διήμαρτεν
1757 1487 1878 1523 Ἀδααρ-

1087 1535 1254 1570 μάνης(52>,
1273 1535 1417 1569 ἐμπρήσας
1442 1534 1491 1569 τὴν
1517 1534 1601 1560 πάλαι
1622 1534 1671 1568 μὲν
1696 1533 1875 1568 Ἡράκλειαν,

1087 1579 1200 1615 ’ὕστερον
1215 1580 1242 1606 δὲ
1257 1579 1413 1613 Γαγαλικὴν
1425 1578 1633 1613 ὀνομασθεῖσαν,
1643 1578 1800 1612 Ἀπάμειαν
1813 1586 1878 1604 κατ-

1085 1625 1180 1660 είληφε
1193 1644 1200 1656 ,
1229 1624 1296 1661 πρὸς
1319 1624 1453 1651 Σελεύκου
1470 1624 1515 1650 τοῦ
1533 1624 1683 1658 Νικάνορος
1701 1623 1767 1658 (55)
1786 1631 1876 1650 συνοι-

1086 1671 1227 1698 κισθεῖσαν
1238 1690 1245 1702 ,
1265 1671 1350 1697 πάλαι
1365 1670 1416 1705 μὲν
1431 1670 1578 1705 εὐδαίμονα
1593 1669 1639 1696 καὶ
1652 1669 1877 1705 πολυάνθρωπον,

1085 1716 1124 1752 τῷ
1139 1716 1226 1751 χρόνῳ
1242 1716 1269 1742 δὲ
1284 1716 1318 1742 τὰ
1331 1716 1417 1742 πολλὰ
1430 1716 1616 1752 διαῤῥυεῖσανο
1634 1715 1663 1747 ὃς
1679 1716 1726 1741 ἐπε
1739 1723 1794 1741 τισι
1809 1724 1878 1750 συμ-

1086 1761 1182 1788 ϐάσεσι
1198 1762 1247 1796 τὴν
1261 1761 1338 1787 πόλιν
1354 1761 1542 1795 παρειληφὼς,
1559 1761 1620 1787 ἐπεὶ
1636 1760 1703 1795 μηδὲ
1716 1760 1878 1795 ἀντιστῆναι

1085 1804 1138 1834 οἶοί
1152 1815 1183 1833 τε
1199 1807 1449 1841 καθειστήκεισαν,
1467 1806 1514 1832 τοῦ
1531 1806 1638 1841 τείχους
1655 1806 1707 1832 ὑπὸ
1721 1806 1817 1840 γήρως
1834 1805 1879 1831 ἐπὶ

1086 1853 1137 1888 γῆς
1154 1853 1282 1887 κειμένου
1295 1873 1302 1885 ,
1329 1853 1422 1879 πᾶσαν
1447 1852 1592 1887 ἐμπρήσας
1612 1851 1658 1878 καὶ
1676 1851 1765 1878 πάντα
1781 1850 1879 1885 ληϊσά-

1088 1905 1168 1933 μενος
1180 1897 1259 1934 ⁸παρὰ
1271 1897 1305 1924 τὰ
1319 1897 1487 1932 συγκείμενα
1497 1917 1504 1929 ,
1522 1895 1612 1922 ἀπιὼν
1626 1895 1714 1931 ᾤχετο
1725 1917 1732 1928 ,
1748 1895 1882 1930 ἐξανδρα-

1086 1942 1197 1974 ποδίσας
1213 1942 1262 1978 τὴν
1276 1942 1363 1975 πόλιν,
1382 1942 1430 1968 καὶ
1444 1940 1478 1967 τὰ
1492 1941 1681 1977 προστυχόντα
1694 1940 1795 1976 χωρία.
1811 1939 1881 1967 Μεθ’

1083 1987 1120 2016 ὦν
1147 1989 1194 2015 καὶ
1219 1988 1263 2014 τὸν
1288 1988 1364 2023 ἱερέα
1387 1987 1438 2022 τῆς
1458 1987 1578 2018 πόλεως,
1603 1986 1710 2013 καὶτὸν
1726 1987 1776 2020 τὴν
1791 1986 1881 2021 ἀρχὴν

1084 2033 1302 2070 ἐπιτροπεύοντα
1325 2033 1447 2069 ζωγρίας
1455 2033 1478 2048 ¹²
1494 2033 1632 2068 ἀπήγαγε.
1651 2033 1691 2058 Τὰ
1708 2032 1842 2058 πάνδεινα
1854 2031 1882 2057 δὲ

1088 2081 1158 2109 κατὰ
1183 2081 1234 2116 τὴν
1256 2080 1444 2116 ἀποπόρευσιν
1469 2080 1633 2115 εἰργάσατο,
1659 2078 1767 2110 οὐδενὸς
1781 2079 1880 2114 ἀπείρ-

1090 2136 1184 2162 γοντος
1216 2127 1232 2163 ἢ
1265 2127 1333 2159 ὅλως
1362 2126 1570 2156 ἀντιπίπτοντος
1587 2146 1594 2158 ,
1641 2125 1710 2160 πλὴν
1730 2125 1779 2152 καὶ
1790 2125 1884 2160 ἐλαχί-

1092 2183 1154 2202 στου
1183 2174 1280 2209 κομιδῇ
1305 2172 1423 2209 στρατοῦ
1449 2172 1517 2208 πρὸς
1534 2172 1678 2199 Ὶουστίνου
1696 2171 1885 2206 πεμφθέντος,

1089 2222 1142 2248 ὑπὸ
1155 2221 1258 2255 Μάγνῳ
1271 2219 1452 2254 ταττομένου,
1466 2219 1564 2254 πρώην
1579 2219 1629 2254 μὲν
1642 2217 1766 2253 ἀργυροῦ
1779 2218 1886 2254 τραπέ·

891 2292 1008 2319 YARl/E
1026 2292 1231 2320 LECTIONES.

289 2338 311 2354 "
328 2338 357 2366 C.
369 2338 400 2366 C.
417 2338 573 2374 ζωγρήσας.

851 2396 985 2424 νΑιλΕςιι
1004 2396 1284 2425 ANNOTATIONES.

247 2444 350 2470 nolunt.
375 2443 644 2478 Christophormnus
675 2451 740 2469 vero
761 2443 797 2469 ita
814 2444 912 2470 vertit:
938 2443 1034 2477 Copias

248 2487 300 2506 non
315 2478 425 2506 ulterius
439 2479 547 2505 ducum.
562 2479 615 2506 Sed
632 2478 724 2506 Graeca
740 2486 804 2505 eum
823 2486 935 2505 sensum
962 2479 1034 2506 t‘erre

249 2522 303 2542 non
317 2519 442 2547 possunt.

284 2549 339 2581 (52)
358 2549 574 2583 Ἀδαηρμάνης.
591 2548 671 2577 Varie
701 2548 753 2575 hoc
772 2557 872 2576 nomen
902 2549 1035 2582 scriptum

248 2585 387 2618 reperitur
398 2585 470 2619 apud
489 2587 597 2611 veteres
618 2587 755 2619 auctores.
780 2584 870 2619 Apud
886 2583 1035 2618 Theopha-

248 2627 311 2646 nem
324 2619 350 2646 in
364 2618 491 2647 Chronico
508 2619 676 2651 ’Asutitivng
691 2618 810 2651 dicitur,
820 2624 847 2646 et
864 2618 1034 2654 ‘Aptiauaivn,

252 2655 279 2682 in
290 2662 342 2681 ms.
358 2655 453 2682 codice
477 2655 609 2682 Palatino.
630 2655 791 2681 Anastasius
812 2657 905 2682 autem
930 2654 1035 2681 Biblio-

250 2690 391 2717 thecarius
404 2691 590 2719 Adermanum
604 2690 702 2717 ducem
719 2694 807 2717 vocat.
833 2689 862 2716 In
880 2689 1035 2723 Nicephoro

250 2725 383 2752 scribitur
399 2725 624 2761 υὺαδααρμάνης.
648 2724 727 2759 Apud
754 2725 953 2760 Theophanem
984 2724 1036 2760 By-

1087 2444 1208 2470 zantium
1244 2441 1442 2476 Βαρααμάνης.
1473 2441 1502 2468 In
1529 2449 1589 2475 cap.
1620 2440 1665 2476 715,
1691 2439 1888 2476 infradicitur

1093 2475 1295 2513 ‘Apaappctvng;
1312 2477 1535 2512 Theophylactus
1547 2476 1574 2502 in
1598 2475 1646 2502 lib.
1664 2482 1703 2507 tu,
1727 2475 1887 2503 Adormaa-

1087 2522 1150 2541 nem
1168 2519 1258 2540 νοοοι.

1124 2550 1179 2580 (ὗὸ)
1202 2549 1354 2575 Σελεύκου
1367 2547 1420 2573 τοῦ
1436 2545 1611 2578 Νικάνορος.
1637 2545 1828 2573 Scribendum
1848 2551 1889 2574 est

1090 2584 1187 2619 procul
1199 2584 1286 2610 dubio
1303 2583 1464 2619 Νικάτορος.
1483 2580 1703 2619 seleucusenim
1715 2581 1889 2619 primusSy-

1091 2615 1138 2647 riae
1153 2627 1212 2650 rex,
1228 2619 1264 2646 ob
1281 2615 1548 2645 illustres'victorias
1561 2615 1690 2648 Νικάτωρ
1703 2615 1889 2650 cognomina-

1092 2660 1135 2682 tus
1145 2659 1238 2686 est,ut
1254 2662 1286 2681 ex
1300 2653 1422 2680 nummis
1446 2651 1590 2678 veteribus
1610 2650 1756 2683 discimus,
1783 2652 1834 2686 qui
1864 2651 1889 2678 id

1090 2694 1304 2724 cognomentum
1313 2689 1339 2716 ei
1358 2687 1512 2715 ascribunt.

981 2792 1174 2820 VARIORUM.

291 2841 330 2872 lu)
364 2842 466 2874 Δάρης.
489 2842 559 2869 Urbs
581 2841 744 2874 episcopalis
775 2840 987 2873 Mesopotamiae,
1007 2839 1034 2866 in

256 2874 341 2901 limite
357 2876 466 2908 Persian,
481 2876 515 2902 ab
535 2876 676 2902 Anastasio
701 2876 766 2909 imp.
783 2883 815 2902 ex
835 2876 895 2901 vico
912 2875 977 2901 urbs
996 2875 1035 2901 l‘a-

1091 2844 1145 2871 cta,
1163 2844 1190 2866 et
1215 2836 1531 2874 Anastasiopolisretiam
1548 2835 1646 2874 dicta;
1667 2834 1754 2874 Nisibi
1785 2835 1891 2874 vicina.

1093 2874 1267 2910 (Haemum)
1280 2870 1418 2909 Capta'est
1439 2873 1496 2900 haec
1514 2871 1581 2899 urbs
1598 2879 1612 2898 α
1629 2870 1720 2898 Persis
1736 2877 1812 2897 anno
1828 2870 1892 2896 574.
