  <div class='ocr_page' id='page_1' title='image "/cluster/home/n/w/nwhite01/storage/ocr_20150623/86,pt.2/njp.32101077772810/530.png"; bbox 0 0 1966 3068; ppageno 0'>
   <div class='ocr_carea' id='block_1_1' title="bbox 88 175 161 208">
    <p class='ocr_par' dir='ltr' id='par_1_1' title="bbox 88 175 161 208">
     <span class='ocr_line' id='line_1_1' title="bbox 88 175 161 208; baseline 0.014 -1"><span class='ocrx_word' id='word_1_1' title='bbox 88 175 161 208; x_wconf 76' lang='grc'><strong>2813</strong></span> 
     </span>
    </p>
   </div>
   <div class='ocr_carea' id='block_1_2' title="bbox 555 176 1247 208">
    <p class='ocr_par' dir='ltr' id='par_1_2' title="bbox 555 176 1247 208">
     <span class='ocr_line' id='line_1_2' title="bbox 555 176 1247 208; baseline 0 -2"><span class='ocrx_word' id='word_1_2' title='bbox 555 176 746 206; x_wconf 69' lang='grc' dir='ltr'><strong>ΗΙΞΤΟΒΙᾹΞ</strong></span> <span class='ocrx_word' id='word_1_3' title='bbox 767 177 1060 207; x_wconf 64' lang='grc' dir='ltr'><strong>ΕεειΕδιΑδΤιεΕ</strong></span> <span class='ocrx_word' id='word_1_4' title='bbox 1081 177 1195 208; x_wconf 75' lang='lat' dir='ltr'><strong>LIBER</strong></span> <span class='ocrx_word' id='word_1_5' title='bbox 1215 177 1247 207; x_wconf 89' lang='lat' dir='ltr'><strong>V.</strong></span> 
     </span>
    </p>
   </div>
   <div class='ocr_carea' id='block_1_3' title="bbox 1658 177 1728 211">
    <p class='ocr_par' dir='ltr' id='par_1_3' title="bbox 1658 177 1728 211">
     <span class='ocr_line' id='line_1_3' title="bbox 1658 177 1728 211; baseline -0.014 -2"><span class='ocrx_word' id='word_1_6' title='bbox 1658 177 1728 211; x_wconf 68' lang='lat' dir='ltr'><strong>28M</strong></span> 
     </span>
    </p>
   </div>
   <div class='ocr_carea' id='block_1_4' title="bbox 90 229 882 267">
    <p class='ocr_par' dir='ltr' id='par_1_4' title="bbox 90 229 875 267">
     <span class='ocr_line' id='line_1_4' title="bbox 90 229 875 267; baseline 0.004 -12"><span class='ocrx_word' id='word_1_7' title='bbox 90 229 140 265; x_wconf 79' lang='grc' dir='ltr'><strong>ζης</strong></span> <span class='ocrx_word' id='word_1_8' title='bbox 154 229 345 266; x_wconf 82' lang='grc' dir='ltr'><strong>προϊσταμένῳ</strong></span> <span class='ocrx_word' id='word_1_9' title='bbox 359 230 429 257; x_wconf 84' lang='grc' dir='ltr'>κατὰ</span> <span class='ocrx_word' id='word_1_10' title='bbox 442 230 491 266; x_wconf 82' lang='grc' dir='ltr'>τὴν</span> <span class='ocrx_word' id='word_1_11' title='bbox 506 230 647 266; x_wconf 71' lang='grc' dir='ltr'>βασιλέως·</span> <span class='ocrx_word' id='word_1_12' title='bbox 665 232 777 267; x_wconf 77' lang='grc' dir='ltr'>ὕστερον</span> <span class='ocrx_word' id='word_1_13' title='bbox 789 232 816 258; x_wconf 83' lang='grc' dir='ltr'><strong>δὲ</strong></span> <span class='ocrx_word' id='word_1_14' title='bbox 828 233 875 258; x_wconf 73' lang='grc' dir='ltr'>καὶ</span> 
     </span>
    </p>
   </div>
   <div class='ocr_carea' id='block_1_5' title="bbox 933 229 1726 267">
    <p class='ocr_par' dir='ltr' id='par_1_5' title="bbox 933 231 1726 266">
     <span class='ocr_line' id='line_1_5' title="bbox 933 231 1726 266; baseline 0.001 -8"><span class='ocrx_word' id='word_1_15' title='bbox 933 231 1042 266; x_wconf 78' lang='lat' dir='ltr'><strong>Hagnus</strong></span> <span class='ocrx_word' id='word_1_16' title='bbox 1053 231 1164 266; x_wconf 82' lang='lat' dir='ltr'><strong>quidam</strong></span> <span class='ocrx_word' id='word_1_17' title='bbox 1179 239 1186 264; x_wconf 84' lang='lat'><strong>;</strong></span> <span class='ocrx_word' id='word_1_18' title='bbox 1210 231 1256 265; x_wconf 90' lang='lat' dir='ltr'><strong>qui</strong></span> <span class='ocrx_word' id='word_1_19' title='bbox 1273 239 1349 265; x_wconf 78' lang='lat' dir='ltr'><strong>prius</strong></span> <span class='ocrx_word' id='word_1_20' title='bbox 1370 231 1482 265; x_wconf 78' lang='lat' dir='ltr'><strong>quidem</strong></span> <span class='ocrx_word' id='word_1_21' title='bbox 1508 232 1726 266; x_wconf 74' lang='lat' dir='ltr'><strong>argentariorum</strong></span> 
     </span>
    </p>
   </div>
   <div class='ocr_carea' id='block_1_6' title="bbox 91 274 880 312">
    <p class='ocr_par' dir='ltr' id='par_1_6' title="bbox 91 274 880 312">
     <span class='ocr_line' id='line_1_6' title="bbox 91 274 880 312; baseline 0.003 -11"><span class='ocrx_word' id='word_1_22' title='bbox 91 274 158 311; x_wconf 73' lang='grc' dir='ltr'>μίαν</span> <span class='ocrx_word' id='word_1_23' title='bbox 191 275 247 302; x_wconf 78' lang='grc' dir='ltr'><strong>τῶν</strong></span> <span class='ocrx_word' id='word_1_24' title='bbox 276 275 424 310; x_wconf 75' lang='grc' dir='ltr'><strong>βασιλικῶν</strong></span> <span class='ocrx_word' id='word_1_25' title='bbox 450 276 544 303; x_wconf 70' lang='grc' dir='ltr'>οἰκιῶν</span> <span class='ocrx_word' id='word_1_26' title='bbox 570 277 779 312; x_wconf 70' lang='grc' dir='ltr'><strong>ἐμπιστευθέντι</strong></span> <span class='ocrx_word' id='word_1_27' title='bbox 812 277 880 311; x_wconf 80' lang='grc' dir='ltr'>πρὸς</span> 
     </span>
    </p>
   </div>
   <div class='ocr_carea' id='block_1_7' title="bbox 88 321 881 359">
    <p class='ocr_par' dir='ltr' id='par_1_7' title="bbox 88 321 881 359">
     <span class='ocr_line' id='line_1_7' title="bbox 88 321 881 359; baseline 0.001 -11"><span class='ocrx_word' id='word_1_28' title='bbox 88 321 252 349; x_wconf 78' lang='grc' dir='ltr'>’Ῑουστινουο</span> <span class='ocrx_word' id='word_1_29' title='bbox 275 322 300 349; x_wconf 72' lang='grc' dir='ltr'>οἳ</span> <span class='ocrx_word' id='word_1_30' title='bbox 321 322 369 349; x_wconf 74' lang='grc' dir='ltr'><strong>καὶ</strong></span> <span class='ocrx_word' id='word_1_31' title='bbox 385 322 580 359; x_wconf 68' lang='grc' dir='ltr'><strong>προτροπάδην</strong></span> <span class='ocrx_word' id='word_1_32' title='bbox 594 322 706 357; x_wconf 66' lang='grc' dir='ltr'>ἔφυγον,</span> <span class='ocrx_word' id='word_1_33' title='bbox 724 322 824 358; x_wconf 78' lang='grc' dir='ltr'><strong>μικροῦ</strong></span> <span class='ocrx_word' id='word_1_34' title='bbox 838 322 881 349; x_wconf 84' lang='grc' dir='ltr'><strong>δο-</strong></span> 
     </span>
    </p>
   </div>
   <div class='ocr_carea' id='block_1_8' title="bbox 90 367 882 405">
    <p class='ocr_par' dir='ltr' id='par_1_8' title="bbox 90 367 882 405">
     <span class='ocr_line' id='line_1_8' title="bbox 90 367 882 405; baseline 0.001 -11"><span class='ocrx_word' id='word_1_35' title='bbox 90 367 224 404; x_wconf 77' lang='grc' dir='ltr'>ρυάλωτοι</span> <span class='ocrx_word' id='word_1_36' title='bbox 249 368 409 403; x_wconf 70' lang='grc' dir='ltr'>ληφθέντας.</span> <span class='ocrx_word' id='word_1_37' title='bbox 433 369 627 405; x_wconf 76' lang='grc' dir='ltr'>Ἀδααρμάνης</span> <span class='ocrx_word' id='word_1_38' title='bbox 652 369 700 404; x_wconf 74' lang='grc' dir='ltr'>μὲν</span> <span class='ocrx_word' id='word_1_39' title='bbox 723 368 771 396; x_wconf 79' lang='grc' dir='ltr'>οὖν</span> <span class='ocrx_word' id='word_1_40' title='bbox 795 368 882 395; x_wconf 76' lang='grc' dir='ltr'>ταῦτα</span> 
     </span>
    </p>
   </div>
   <div class='ocr_carea' id='block_1_9' title="bbox 89 413 882 453">
    <p class='ocr_par' dir='ltr' id='par_1_9' title="bbox 89 413 882 453">
     <span class='ocr_line' id='line_1_9' title="bbox 89 413 882 453; baseline 0 -13"><span class='ocrx_word' id='word_1_41' title='bbox 89 413 336 449; x_wconf 76' lang='grc' dir='ltr'>κατιιργασμένος,</span> <span class='ocrx_word' id='word_1_42' title='bbox 355 414 399 441; x_wconf 76' lang='grc' dir='ltr'><strong>τὸν</strong></span> <span class='ocrx_word' id='word_1_43' title='bbox 412 414 537 450; x_wconf 81' lang='grc' dir='ltr'>Χοσρόην</span> <span class='ocrx_word' id='word_1_44' title='bbox 551 414 726 449; x_wconf 77' lang='grc' dir='ltr'>κατειλήφιι,</span> <span class='ocrx_word' id='word_1_45' title='bbox 742 413 819 440; x_wconf 70' lang='grc' dir='ltr'>οὔπω</span> <span class='ocrx_word' id='word_1_46' title='bbox 832 413 882 453; x_wconf 74' lang='grc' dir='ltr'>τὴν</span> 
     </span>
    </p>
   </div>
   <div class='ocr_carea' id='block_1_10' title="bbox 91 459 883 496">
    <p class='ocr_par' dir='ltr' id='par_1_10' title="bbox 91 459 883 496">
     <span class='ocr_line' id='line_1_10' title="bbox 91 459 883 496; baseline -0.001 -10"><span class='ocrx_word' id='word_1_47' title='bbox 91 459 169 486; x_wconf 80' lang='grc' dir='ltr'>πόλιν</span> <span class='ocrx_word' id='word_1_48' title='bbox 183 460 448 495; x_wconf 82' lang='grc' dir='ltr'>ἐκπολιορκήσαντα.</span> <span class='ocrx_word' id='word_1_49' title='bbox 465 461 513 493; x_wconf 83' lang='grc' dir='ltr'>Ὃς</span> <span class='ocrx_word' id='word_1_50' title='bbox 526 460 686 496; x_wconf 64' lang='lat' dir='ltr'><strong>upon-reﬂat;</strong></span> <span class='ocrx_word' id='word_1_51' title='bbox 699 459 786 494; x_wconf 85' lang='grc' dir='ltr'>αὐτῷ,</span> <span class='ocrx_word' id='word_1_52' title='bbox 798 459 883 494; x_wconf 70' lang='grc' dir='ltr'><strong>μεγά-</strong></span> 
     </span>
    </p>
   </div>
   <div class='ocr_carea' id='block_1_11' title="bbox 90 505 881 541">
    <p class='ocr_par' dir='ltr' id='par_1_11' title="bbox 90 505 881 541">
     <span class='ocr_line' id='line_1_11' title="bbox 90 505 881 541; baseline 0 -9"><span class='ocrx_word' id='word_1_53' title='bbox 90 505 142 540; x_wconf 81' lang='grc' dir='ltr'><strong>λην</strong></span> <span class='ocrx_word' id='word_1_54' title='bbox 166 505 253 541; x_wconf 79' lang='grc' dir='ltr'>ῥοπὴν</span> <span class='ocrx_word' id='word_1_55' title='bbox 277 505 378 533; x_wconf 70' lang='grc' dir='ltr'>δέδωκε</span> <span class='ocrx_word' id='word_1_56' title='bbox 389 526 397 539; x_wconf 92' lang='grc'><strong>,</strong></span> <span class='ocrx_word' id='word_1_57' title='bbox 423 506 487 538; x_wconf 85' lang='grc' dir='ltr'>τούς</span> <span class='ocrx_word' id='word_1_58' title='bbox 500 515 531 533; x_wconf 81' lang='grc' dir='ltr'>τε</span> <span class='ocrx_word' id='word_1_59' title='bbox 545 506 663 537; x_wconf 80' lang='grc' dir='ltr'><strong>οἰκείους</strong></span> <span class='ocrx_word' id='word_1_60' title='bbox 676 505 881 541; x_wconf 78' lang='grc' dir='ltr'><strong>ἀναθαρσήσας,</strong></span> 
     </span>
    </p>
   </div>
   <div class='ocr_carea' id='block_1_12' title="bbox 90 550 883 587">
    <p class='ocr_par' dir='ltr' id='par_1_12' title="bbox 90 550 883 587">
     <span class='ocr_line' id='line_1_12' title="bbox 90 550 883 587; baseline 0.001 -11"><span class='ocrx_word' id='word_1_61' title='bbox 90 551 122 577; x_wconf 76' lang='grc' dir='ltr'>τό</span> <span class='ocrx_word' id='word_1_62' title='bbox 134 559 165 577; x_wconf 84' lang='grc' dir='ltr'>τε</span> <span class='ocrx_word' id='word_1_63' title='bbox 181 550 304 583; x_wconf 79' lang='grc' dir='ltr'>ἀντίξοον</span> <span class='ocrx_word' id='word_1_64' title='bbox 320 551 509 587; x_wconf 77' lang='grc' dir='ltr'><strong>καταπλήξας.</strong></span> <span class='ocrx_word' id='word_1_65' title='bbox 530 551 640 587; x_wconf 82' lang='grc' dir='ltr'><strong>Εὖρηκε</strong></span> <span class='ocrx_word' id='word_1_66' title='bbox 655 551 683 578; x_wconf 81' lang='grc' dir='ltr'><strong>δὲ</strong></span> <span class='ocrx_word' id='word_1_67' title='bbox 697 551 748 586; x_wconf 85' lang='grc' dir='ltr'>τήν</span> <span class='ocrx_word' id='word_1_68' title='bbox 761 559 790 578; x_wconf 80' lang='grc' dir='ltr'>τε</span> <span class='ocrx_word' id='word_1_69' title='bbox 806 552 883 578; x_wconf 74' lang='grc' dir='ltr'>πόλιν</span> 
     </span>
    </p>
   </div>
   <div class='ocr_carea' id='block_1_13' title="bbox 91 596 883 632">
    <p class='ocr_par' dir='ltr' id='par_1_13' title="bbox 91 596 883 632">
     <span class='ocr_line' id='line_1_13' title="bbox 91 596 883 632; baseline 0 -10"><span class='ocrx_word' id='word_1_70' title='bbox 91 596 337 631; x_wconf 73' lang='grc' dir='ltr'>ἀποτειχισθεῐσαν,</span> <span class='ocrx_word' id='word_1_71' title='bbox 354 597 402 624; x_wconf 75' lang='grc' dir='ltr'>καὶ</span> <span class='ocrx_word' id='word_1_72' title='bbox 415 597 480 632; x_wconf 83' lang='grc' dir='ltr'>χοῦν</span> <span class='ocrx_word' id='word_1_73' title='bbox 494 596 580 632; x_wconf 79' lang='grc' dir='ltr'>ἀγχοῦ</span> <span class='ocrx_word' id='word_1_74' title='bbox 595 596 643 623; x_wconf 77' lang='grc' dir='ltr'><strong>τοῦ</strong></span> <span class='ocrx_word' id='word_1_75' title='bbox 654 596 761 631; x_wconf 78' lang='grc' dir='ltr'>τείχους</span> <span class='ocrx_word' id='word_1_76' title='bbox 779 604 883 631; x_wconf 82' lang='grc' dir='ltr'>συμφο-</span> 
     </span>
    </p>
   </div>
   <div class='ocr_carea' id='block_1_14' title="bbox 93 641 882 678">
    <p class='ocr_par' dir='ltr' id='par_1_14' title="bbox 93 641 882 678">
     <span class='ocr_line' id='line_1_14' title="bbox 93 641 882 678; baseline 0.003 -10"><span class='ocrx_word' id='word_1_77' title='bbox 93 641 209 677; x_wconf 81' lang='grc' dir='ltr'>ρηθέντα</span> <span class='ocrx_word' id='word_1_78' title='bbox 222 642 307 669; x_wconf 86' lang='grc' dir='ltr'>πολὺν</span> <span class='ocrx_word' id='word_1_79' title='bbox 317 663 324 675; x_wconf 89' lang='grc'>,</span> <span class='ocrx_word' id='word_1_80' title='bbox 341 642 389 670; x_wconf 73' lang='grc' dir='ltr'>καὶ</span> <span class='ocrx_word' id='word_1_81' title='bbox 401 644 450 676; x_wconf 79' lang='grc' dir='ltr'>τὰς</span> <span class='ocrx_word' id='word_1_82' title='bbox 462 643 599 675; x_wconf 81' lang='grc' dir='ltr'>ἑλεπόλεις</span> <span class='ocrx_word' id='word_1_83' title='bbox 613 643 738 678; x_wconf 77' lang='grc' dir='ltr'>μηχανὰς</span> <span class='ocrx_word' id='word_1_84' title='bbox 749 641 882 675; x_wconf 75' lang='grc' dir='ltr'><strong>ἑστώσας,</strong></span> 
     </span>
    </p>
   </div>
   <div class='ocr_carea' id='block_1_15' title="bbox 91 688 883 724">
    <p class='ocr_par' dir='ltr' id='par_1_15' title="bbox 91 688 883 724">
     <span class='ocr_line' id='line_1_15' title="bbox 91 688 883 724; baseline 0.001 -11"><span class='ocrx_word' id='word_1_85' title='bbox 91 688 140 714; x_wconf 65' lang='grc' dir='ltr'><strong>καὶ</strong></span> <span class='ocrx_word' id='word_1_86' title='bbox 167 688 284 722; x_wconf 82' lang='grc' dir='ltr'>μάλιστα</span> <span class='ocrx_word' id='word_1_87' title='bbox 311 689 375 720; x_wconf 75' lang='grc' dir='ltr'>τοὺς</span> <span class='ocrx_word' id='word_1_88' title='bbox 398 689 571 721; x_wconf 80' lang='grc' dir='ltr'><strong>καταπέλτας</strong></span> <span class='ocrx_word' id='word_1_89' title='bbox 595 688 624 721; x_wconf 76' lang='grc' dir='ltr'><strong>ἐξ</strong></span> <span class='ocrx_word' id='word_1_90' title='bbox 648 689 815 724; x_wconf 77' lang='grc' dir='ltr'>ὑπερδεξίων</span> <span class='ocrx_word' id='word_1_91' title='bbox 840 689 883 724; x_wconf 81' lang='grc' dir='ltr'><strong>ῥι-</strong></span> 
     </span>
    </p>
   </div>
   <div class='ocr_carea' id='block_1_16' title="bbox 91 730 884 769">
    <p class='ocr_par' dir='ltr' id='par_1_16' title="bbox 91 730 884 769">
     <span class='ocr_line' id='line_1_16' title="bbox 91 730 884 769; baseline 0.004 -12"><span class='ocrx_word' id='word_1_92' title='bbox 91 730 243 764; x_wconf 81' lang='grc' dir='ltr'>πτοῦντας,</span> <span class='ocrx_word' id='word_1_93' title='bbox 259 732 308 764; x_wconf 82' lang='grc' dir='ltr'><strong>οὒς</strong></span> <span class='ocrx_word' id='word_1_94' title='bbox 323 732 476 765; x_wconf 80' lang='grc' dir='ltr'>λιθοϐόλους</span> <span class='ocrx_word' id='word_1_95' title='bbox 491 734 507 768; x_wconf 86' lang='grc' dir='ltr'>ὴ</span> <span class='ocrx_word' id='word_1_96' title='bbox 524 734 654 769; x_wconf 79' lang='grc' dir='ltr'>συνήθεια</span> <span class='ocrx_word' id='word_1_97' title='bbox 668 734 756 761; x_wconf 85' lang='grc' dir='ltr'>καλεῖ.</span> <span class='ocrx_word' id='word_1_98' title='bbox 775 731 823 765; x_wconf 72' lang='grc' dir='ltr'>Οἷς</span> <span class='ocrx_word' id='word_1_99' title='bbox 837 734 884 760; x_wconf 86' lang='grc' dir='ltr'><strong>καὶ</strong></span> 
     </span>
    </p>
   </div>
   <div class='ocr_carea' id='block_1_17' title="bbox 92 777 883 814">
    <p class='ocr_par' dir='ltr' id='par_1_17' title="bbox 92 777 883 814">
     <span class='ocr_line' id='line_1_17' title="bbox 92 777 883 814; baseline 0.005 -12"><span class='ocrx_word' id='word_1_100' title='bbox 92 777 142 812; x_wconf 79' lang='grc' dir='ltr'>τὴν</span> <span class='ocrx_word' id='word_1_101' title='bbox 167 777 245 805; x_wconf 85' lang='grc' dir='ltr'>πόλιν</span> <span class='ocrx_word' id='word_1_102' title='bbox 269 779 440 813; x_wconf 84' lang='grc' dir='ltr'>κατακράτος</span> <span class='ocrx_word' id='word_1_103' title='bbox 471 777 543 806; x_wconf 77' lang='grc' dir='ltr'>εἷλεν</span> <span class='ocrx_word' id='word_1_104' title='bbox 567 781 581 806; x_wconf 85' lang='grc' dir='ltr'><em>ὸ</em></span> <span class='ocrx_word' id='word_1_105' title='bbox 600 780 724 814; x_wconf 79' lang='grc' dir='ltr'>Χοσρόης</span> <span class='ocrx_word' id='word_1_106' title='bbox 747 779 816 806; x_wconf 78' lang='grc' dir='ltr'>κατὰ</span> <span class='ocrx_word' id='word_1_107' title='bbox 835 780 883 814; x_wconf 85' lang='grc' dir='ltr'>τὴν</span> 
     </span>
    </p>
   </div>
   <div class='ocr_carea' id='block_1_18' title="bbox 92 822 883 860">
    <p class='ocr_par' dir='ltr' id='par_1_18' title="bbox 92 822 883 860">
     <span class='ocr_line' id='line_1_18' title="bbox 92 822 883 860; baseline 0.004 -11"><span class='ocrx_word' id='word_1_108' title='bbox 92 822 168 857; x_wconf 81' lang='grc' dir='ltr'>ὥραν</span> <span class='ocrx_word' id='word_1_109' title='bbox 197 823 246 850; x_wconf 81' lang='grc' dir='ltr'>τοῦ</span> <span class='ocrx_word' id='word_1_110' title='bbox 275 825 432 858; x_wconf 84' lang='grc' dir='ltr'>χειμῶνος,</span> <span class='ocrx_word' id='word_1_111' title='bbox 467 825 590 852; x_wconf 80' lang='grc' dir='ltr'>Ἰωάννου</span> <span class='ocrx_word' id='word_1_112' title='bbox 621 825 667 852; x_wconf 82' lang='grc' dir='ltr'>τοῦ</span> <span class='ocrx_word' id='word_1_113' title='bbox 694 826 883 860; x_wconf 72' lang='grc' dir='ltr'>Τιμοστράτου</span> 
     </span>
    </p>
   </div>
   <div class='ocr_carea' id='block_1_19' title="bbox 91 868 883 906">
    <p class='ocr_par' dir='ltr' id='par_1_19' title="bbox 91 868 883 906">
     <span class='ocr_line' id='line_1_19' title="bbox 91 868 883 906; baseline 0.005 -13"><span class='ocrx_word' id='word_1_114' title='bbox 91 868 189 899; x_wconf 81' lang='grc' dir='ltr'>παιδὸς</span> <span class='ocrx_word' id='word_1_115' title='bbox 204 869 288 904; x_wconf 79' lang='grc' dir='ltr'>αὐτῆς</span> <span class='ocrx_word' id='word_1_116' title='bbox 304 870 442 905; x_wconf 76' lang='grc' dir='ltr'>ἄρχοντος,</span> <span class='ocrx_word' id='word_1_117' title='bbox 455 871 555 905; x_wconf 69' lang='grc' dir='ltr'>ἥκιστα</span> <span class='ocrx_word' id='word_1_118' title='bbox 570 871 792 906; x_wconf 72' lang='grc' dir='ltr'>πεφροντικότος,</span> <span class='ocrx_word' id='word_1_119' title='bbox 806 872 822 906; x_wconf 81' lang='grc' dir='ltr'>ἢ</span> <span class='ocrx_word' id='word_1_120' title='bbox 836 871 883 897; x_wconf 76' lang='grc' dir='ltr'>καὶ</span> 
     </span>
    </p>
   </div>
   <div class='ocr_carea' id='block_1_20' title="bbox 934 276 1728 312">
    <p class='ocr_par' dir='ltr' id='par_1_20' title="bbox 934 276 1728 312">
     <span class='ocr_line' id='line_1_20' title="bbox 934 276 1728 312; baseline -0.001 -8"><span class='ocrx_word' id='word_1_121' title='bbox 934 285 1035 304; x_wconf 83' lang='lat' dir='ltr'><strong>mensae</strong></span> <span class='ocrx_word' id='word_1_122' title='bbox 1050 277 1213 312; x_wconf 70' lang='lat' dir='ltr'><strong>przepositus</strong></span> <span class='ocrx_word' id='word_1_123' title='bbox 1232 276 1323 303; x_wconf 78' lang='lat' dir='ltr'><strong>fuerat</strong></span> <span class='ocrx_word' id='word_1_124' title='bbox 1334 277 1362 304; x_wconf 90' lang='lat' dir='ltr'><strong>in</strong></span> <span class='ocrx_word' id='word_1_125' title='bbox 1376 277 1443 304; x_wconf 85' lang='lat' dir='ltr'><strong>urbe</strong></span> <span class='ocrx_word' id='word_1_126' title='bbox 1457 276 1541 311; x_wconf 72' lang='lat' dir='ltr'><strong>regia,</strong></span> <span class='ocrx_word' id='word_1_127' title='bbox 1554 281 1647 312; x_wconf 86' lang='lat' dir='ltr'><strong>postea</strong></span> <span class='ocrx_word' id='word_1_128' title='bbox 1660 285 1728 304; x_wconf 70' lang='lat' dir='ltr'><strong>vero</strong></span> 
     </span>
    </p>
   </div>
   <div class='ocr_carea' id='block_1_21' title="bbox 933 322 1727 358">
    <p class='ocr_par' dir='ltr' id='par_1_21' title="bbox 933 322 1727 358">
     <span class='ocr_line' id='line_1_21' title="bbox 933 322 1727 358; baseline 0.001 -9"><span class='ocrx_word' id='word_1_129' title='bbox 933 323 1015 350; x_wconf 91' lang='lat' dir='ltr'><strong>unius</strong></span> <span class='ocrx_word' id='word_1_130' title='bbox 1040 331 1074 350; x_wconf 86' lang='lat' dir='ltr'><strong>ex</strong></span> <span class='ocrx_word' id='word_1_131' title='bbox 1087 322 1278 358; x_wconf 79' lang='lat' dir='ltr'><strong>imperialibus</strong></span> <span class='ocrx_word' id='word_1_132' title='bbox 1301 323 1431 350; x_wconf 83' lang='lat' dir='ltr'><strong>domibus</strong></span> <span class='ocrx_word' id='word_1_133' title='bbox 1453 327 1568 351; x_wconf 82' lang='lat' dir='ltr'><strong>curator</strong></span> <span class='ocrx_word' id='word_1_134' title='bbox 1593 323 1683 350; x_wconf 79' lang='lat' dir='ltr'><strong>fuerat</strong></span> <span class='ocrx_word' id='word_1_135' title='bbox 1712 331 1727 350; x_wconf 85' lang='lat' dir='ltr'><strong>a</strong></span> 
     </span>
    </p>
   </div>
   <div class='ocr_carea' id='block_1_22' title="bbox 932 368 1727 404">
    <p class='ocr_par' dir='ltr' id='par_1_22' title="bbox 932 368 1727 404">
     <span class='ocr_line' id='line_1_22' title="bbox 932 368 1727 404; baseline 0 -8"><span class='ocrx_word' id='word_1_136' title='bbox 932 369 1042 397; x_wconf 84' lang='lat' dir='ltr'><strong>Justino</strong></span> <span class='ocrx_word' id='word_1_137' title='bbox 1066 369 1166 396; x_wconf 79' lang='lat' dir='ltr'><strong>factus.</strong></span> <span class='ocrx_word' id='word_1_138' title='bbox 1185 369 1286 396; x_wconf 86' lang='lat' dir='ltr'><strong>Verum</strong></span> <span class='ocrx_word' id='word_1_139' title='bbox 1309 369 1339 395; x_wconf 88' lang='lat' dir='ltr'><strong>hi</strong></span> <span class='ocrx_word' id='word_1_140' title='bbox 1360 375 1472 404; x_wconf 87' lang='lat' dir='ltr'><strong>quoque</strong></span> <span class='ocrx_word' id='word_1_141' title='bbox 1497 375 1558 397; x_wconf 85' lang='lat' dir='ltr'><strong>sese</strong></span> <span class='ocrx_word' id='word_1_142' title='bbox 1589 369 1617 396; x_wconf 86' lang='lat' dir='ltr'><strong>in</strong></span> <span class='ocrx_word' id='word_1_143' title='bbox 1635 368 1727 404; x_wconf 76' lang='lat' dir='ltr'><strong>fugam</strong></span> 
     </span>
    </p>
   </div>
   <div class='ocr_carea' id='block_1_23' title="bbox 932 413 1727 449">
    <p class='ocr_par' dir='ltr' id='par_1_23' title="bbox 932 413 1727 449">
     <span class='ocr_line' id='line_1_23' title="bbox 932 413 1727 449; baseline -0.001 -7"><span class='ocrx_word' id='word_1_144' title='bbox 932 414 1045 445; x_wconf 75' lang='lat' dir='ltr'><strong>dedere.</strong></span> <span class='ocrx_word' id='word_1_145' title='bbox 1059 421 1122 441; x_wconf 92' lang='lat' dir='ltr'><strong>cum</strong></span> <span class='ocrx_word' id='word_1_146' title='bbox 1139 421 1236 448; x_wconf 89' lang='lat' dir='ltr'><strong>parum</strong></span> <span class='ocrx_word' id='word_1_147' title='bbox 1255 413 1390 441; x_wconf 79' lang='lat' dir='ltr'><strong>abfuisset</strong></span> <span class='ocrx_word' id='word_1_148' title='bbox 1406 414 1473 449; x_wconf 91' lang='lat' dir='ltr'><strong>quin</strong></span> <span class='ocrx_word' id='word_1_149' title='bbox 1489 413 1611 441; x_wconf 78' lang='lat' dir='ltr'><strong>universi</strong></span> <span class='ocrx_word' id='word_1_150' title='bbox 1628 413 1662 441; x_wconf 83' lang='lat' dir='ltr'><strong>ab</strong></span> <span class='ocrx_word' id='word_1_151' title='bbox 1675 415 1727 441; x_wconf 87' lang='lat' dir='ltr'><strong>ho-</strong></span> 
     </span>
    </p>
   </div>
   <div class='ocr_carea' id='block_1_24' title="bbox 933 459 1728 495">
    <p class='ocr_par' dir='ltr' id='par_1_24' title="bbox 933 459 1728 495">
     <span class='ocr_line' id='line_1_24' title="bbox 933 459 1728 495; baseline 0.001 -8"><span class='ocrx_word' id='word_1_152' title='bbox 933 460 1023 488; x_wconf 84' lang='lat' dir='ltr'><strong>stibus</strong></span> <span class='ocrx_word' id='word_1_153' title='bbox 1037 464 1214 495; x_wconf 79' lang='lat' dir='ltr'><strong>caperentur.</strong></span> <span class='ocrx_word' id='word_1_154' title='bbox 1236 459 1284 487; x_wconf 88' lang='lat' dir='ltr'><strong>His</strong></span> <span class='ocrx_word' id='word_1_155' title='bbox 1297 460 1381 487; x_wconf 81' lang='lat' dir='ltr'><strong>rebus</strong></span> <span class='ocrx_word' id='word_1_156' title='bbox 1389 460 1473 495; x_wconf 74' lang='lat' dir='ltr'><strong>gestis</strong></span> <span class='ocrx_word' id='word_1_157' title='bbox 1493 460 1681 488; x_wconf 82' lang='lat' dir='ltr'><strong>Adaarmanes</strong></span> <span class='ocrx_word' id='word_1_158' title='bbox 1692 460 1728 488; x_wconf 81' lang='lat' dir='ltr'><strong>ad</strong></span> 
     </span>
    </p>
   </div>
   <div class='ocr_carea' id='block_1_25' title="bbox 932 505 1728 540">
    <p class='ocr_par' dir='ltr' id='par_1_25' title="bbox 932 505 1728 540">
     <span class='ocr_line' id='line_1_25' title="bbox 932 505 1728 540; baseline -0.003 -6"><span class='ocrx_word' id='word_1_159' title='bbox 932 507 1082 534; x_wconf 85' lang='lat' dir='ltr'><strong>Chosroem</strong></span> <span class='ocrx_word' id='word_1_160' title='bbox 1100 506 1188 538; x_wconf 84' lang='lat' dir='ltr'><strong>venit,</strong></span> <span class='ocrx_word' id='word_1_161' title='bbox 1212 506 1259 540; x_wconf 86' lang='lat' dir='ltr'><strong>qui</strong></span> <span class='ocrx_word' id='word_1_162' title='bbox 1279 506 1374 533; x_wconf 84' lang='lat' dir='ltr'><strong>urbem</strong></span> <span class='ocrx_word' id='word_1_163' title='bbox 1391 506 1477 533; x_wconf 85' lang='lat' dir='ltr'><strong>Daras</strong></span> <span class='ocrx_word' id='word_1_164' title='bbox 1501 505 1626 533; x_wconf 89' lang='lat' dir='ltr'><strong>nondum</strong></span> <span class='ocrx_word' id='word_1_165' title='bbox 1641 513 1728 540; x_wconf 80' lang='lat' dir='ltr'><strong>expu-</strong></span> 
     </span>
    </p>
   </div>
   <div class='ocr_carea' id='block_1_26' title="bbox 933 551 1727 588">
    <p class='ocr_par' dir='ltr' id='par_1_26' title="bbox 933 551 1727 588">
     <span class='ocr_line' id='line_1_26' title="bbox 933 551 1727 588; baseline -0.003 -8"><span class='ocrx_word' id='word_1_166' title='bbox 933 556 1073 588; x_wconf 74' lang='lat' dir='ltr'><strong>gnaverat.</strong></span> <span class='ocrx_word' id='word_1_167' title='bbox 1094 552 1160 588; x_wconf 83' lang='lat' dir='ltr'><strong>Ejus</strong></span> <span class='ocrx_word' id='word_1_168' title='bbox 1177 552 1261 587; x_wconf 73' lang='lat' dir='ltr'><strong>igitur</strong></span> <span class='ocrx_word' id='word_1_169' title='bbox 1278 551 1366 587; x_wconf 82' lang='lat' dir='ltr'><strong>copiis</strong></span> <span class='ocrx_word' id='word_1_170' title='bbox 1377 551 1554 586; x_wconf 75' lang='lat' dir='ltr'><strong>coniunctus.</strong></span> <span class='ocrx_word' id='word_1_171' title='bbox 1576 551 1727 578; x_wconf 86' lang='lat' dir='ltr'><strong>maximum</strong></span> 
     </span>
    </p>
   </div>
   <div class='ocr_carea' id='block_1_27' title="bbox 934 597 1727 628">
    <p class='ocr_par' dir='ltr' id='par_1_27' title="bbox 934 597 1727 628">
     <span class='ocr_line' id='line_1_27' title="bbox 934 597 1727 628; baseline -0.003 -3"><span class='ocrx_word' id='word_1_172' title='bbox 934 598 1017 625; x_wconf 81' lang='lat' dir='ltr'><strong>rebus</strong></span> <span class='ocrx_word' id='word_1_173' title='bbox 1031 603 1202 625; x_wconf 79' lang='lat' dir='ltr'><strong>momentum</strong></span> <span class='ocrx_word' id='word_1_174' title='bbox 1226 597 1329 628; x_wconf 84' lang='lat' dir='ltr'><strong>attulit,</strong></span> <span class='ocrx_word' id='word_1_175' title='bbox 1347 605 1411 624; x_wconf 87' lang='lat' dir='ltr'><strong>cum</strong></span> <span class='ocrx_word' id='word_1_176' title='bbox 1434 600 1462 625; x_wconf 84' lang='lat' dir='ltr'><strong>et</strong></span> <span class='ocrx_word' id='word_1_177' title='bbox 1484 604 1597 623; x_wconf 83' lang='lat' dir='ltr'><strong>suorum</strong></span> <span class='ocrx_word' id='word_1_178' title='bbox 1619 597 1727 623; x_wconf 82' lang='lat' dir='ltr'><strong>animos</strong></span> 
     </span>
    </p>
   </div>
   <div class='ocr_carea' id='block_1_28' title="bbox 934 641 1725 675">
    <p class='ocr_par' dir='ltr' id='par_1_28' title="bbox 934 641 1725 675">
     <span class='ocr_line' id='line_1_28' title="bbox 934 641 1725 675; baseline -0.004 -5"><span class='ocrx_word' id='word_1_179' title='bbox 934 643 1138 675; x_wconf 75' lang='lat' dir='ltr'><strong>confirmasset,</strong></span> <span class='ocrx_word' id='word_1_180' title='bbox 1165 647 1195 670; x_wconf 85' lang='lat' dir='ltr'><strong>et</strong></span> <span class='ocrx_word' id='word_1_181' title='bbox 1225 642 1355 669; x_wconf 89' lang='lat' dir='ltr'><strong>hostibus</strong></span> <span class='ocrx_word' id='word_1_182' title='bbox 1380 647 1516 669; x_wconf 88' lang='lat' dir='ltr'><strong>terrorem</strong></span> <span class='ocrx_word' id='word_1_183' title='bbox 1552 641 1725 668; x_wconf 85' lang='lat' dir='ltr'><strong>incussisset.</strong></span> 
     </span>
    </p>
   </div>
   <div class='ocr_carea' id='block_1_29' title="bbox 934 686 1726 723">
    <p class='ocr_par' dir='ltr' id='par_1_29' title="bbox 934 686 1726 723">
     <span class='ocr_line' id='line_1_29' title="bbox 934 686 1726 723; baseline -0.005 -7"><span class='ocrx_word' id='word_1_184' title='bbox 934 688 1020 716; x_wconf 82' lang='lat' dir='ltr'><strong>Porro</strong></span> <span class='ocrx_word' id='word_1_185' title='bbox 1031 689 1127 716; x_wconf 85' lang='lat' dir='ltr'><strong>urbem</strong></span> <span class='ocrx_word' id='word_1_186' title='bbox 1139 689 1224 723; x_wconf 87' lang='lat' dir='ltr'><strong>ipsam</strong></span> <span class='ocrx_word' id='word_1_187' title='bbox 1237 687 1420 722; x_wconf 82' lang='lat' dir='ltr'><strong>deprehendit</strong></span> <span class='ocrx_word' id='word_1_188' title='bbox 1431 687 1501 714; x_wconf 83' lang='lat' dir='ltr'><strong>vallo</strong></span> <span class='ocrx_word' id='word_1_189' title='bbox 1513 686 1726 717; x_wconf 80' lang='lat' dir='ltr'><strong>circumdatam,</strong></span> 
     </span>
    </p>
   </div>
   <div class='ocr_carea' id='block_1_30' title="bbox 934 731 1725 770">
    <p class='ocr_par' dir='ltr' id='par_1_30' title="bbox 934 731 1725 770">
     <span class='ocr_line' id='line_1_30' title="bbox 934 731 1725 770; baseline -0.004 -9"><span class='ocrx_word' id='word_1_190' title='bbox 934 739 962 762; x_wconf 87' lang='lat' dir='ltr'><strong>et</strong></span> <span class='ocrx_word' id='word_1_191' title='bbox 983 742 1109 770; x_wconf 74' lang='lat' dir='ltr'><strong>aggerem</strong></span> <span class='ocrx_word' id='word_1_192' title='bbox 1132 734 1270 769; x_wconf 80' lang='lat' dir='ltr'><strong>ingentem</strong></span> <span class='ocrx_word' id='word_1_193' title='bbox 1297 733 1330 760; x_wconf 86' lang='lat' dir='ltr'><strong>ad</strong></span> <span class='ocrx_word' id='word_1_194' title='bbox 1358 740 1452 760; x_wconf 90' lang='lat' dir='ltr'><strong>muros</strong></span> <span class='ocrx_word' id='word_1_195' title='bbox 1478 732 1556 759; x_wconf 87' lang='lat' dir='ltr'><strong>urbis</strong></span> <span class='ocrx_word' id='word_1_196' title='bbox 1567 731 1725 762; x_wconf 83' lang='lat' dir='ltr'><strong>admotum;</strong></span> 
     </span>
    </p>
   </div>
   <div class='ocr_carea' id='block_1_31' title="bbox 935 777 1725 812">
    <p class='ocr_par' dir='ltr' id='par_1_31' title="bbox 935 777 1725 812">
     <span class='ocr_line' id='line_1_31' title="bbox 935 777 1725 812; baseline -0.005 -5"><span class='ocrx_word' id='word_1_197' title='bbox 935 780 1047 807; x_wconf 89' lang='lat' dir='ltr'><strong>bellicas</strong></span> <span class='ocrx_word' id='word_1_198' title='bbox 1058 779 1124 806; x_wconf 89' lang='lat' dir='ltr'><strong>item</strong></span> <span class='ocrx_word' id='word_1_199' title='bbox 1147 779 1290 806; x_wconf 85' lang='lat' dir='ltr'><strong>machinas</strong></span> <span class='ocrx_word' id='word_1_200' title='bbox 1307 786 1376 812; x_wconf 85' lang='lat' dir='ltr'><strong>quas</strong></span> <span class='ocrx_word' id='word_1_201' title='bbox 1393 777 1536 812; x_wconf 87' lang='lat' dir='ltr'><strong>helcpolcs</strong></span> <span class='ocrx_word' id='word_1_202' title='bbox 1552 781 1662 807; x_wconf 80' lang='lat' dir='ltr'><strong>vocant.</strong></span> <span class='ocrx_word' id='word_1_203' title='bbox 1678 784 1725 811; x_wconf 87' lang='lat' dir='ltr'><strong>pa-</strong></span> 
     </span>
    </p>
   </div>
   <div class='ocr_carea' id='block_1_32' title="bbox 936 821 1726 857">
    <p class='ocr_par' dir='ltr' id='par_1_32' title="bbox 936 821 1726 857">
     <span class='ocr_line' id='line_1_32' title="bbox 936 821 1726 857; baseline -0.005 -7"><span class='ocrx_word' id='word_1_204' title='bbox 936 828 1024 856; x_wconf 72' lang='lat' dir='ltr'><strong>ratas;</strong></span> <span class='ocrx_word' id='word_1_205' title='bbox 1047 831 1079 850; x_wconf 89' lang='lat' dir='ltr'><strong>ac</strong></span> <span class='ocrx_word' id='word_1_206' title='bbox 1110 823 1249 857; x_wconf 80' lang='lat' dir='ltr'><strong>przecipue</strong></span> <span class='ocrx_word' id='word_1_207' title='bbox 1278 822 1441 856; x_wconf 85' lang='lat' dir='ltr'><strong>catapultas,</strong></span> <span class='ocrx_word' id='word_1_208' title='bbox 1467 829 1500 848; x_wconf 78' lang='lat' dir='ltr'><strong>ex</strong></span> <span class='ocrx_word' id='word_1_209' title='bbox 1524 821 1642 848; x_wconf 87' lang='lat' dir='ltr'><strong>editiore</strong></span> <span class='ocrx_word' id='word_1_210' title='bbox 1667 821 1726 847; x_wconf 81' lang='lat' dir='ltr'><strong>loco</strong></span> 
     </span>
    </p>
   </div>
   <div class='ocr_carea' id='block_1_33' title="bbox 935 865 1727 902">
    <p class='ocr_par' dir='ltr' id='par_1_33' title="bbox 935 865 1727 902">
     <span class='ocr_line' id='line_1_33' title="bbox 935 865 1727 902; baseline -0.006 -7"><span class='ocrx_word' id='word_1_211' title='bbox 935 875 999 895; x_wconf 71' lang='lat' dir='ltr'><strong>saxa</strong></span> <span class='ocrx_word' id='word_1_212' title='bbox 1023 867 1166 902; x_wconf 75' lang='lat' dir='ltr'><strong>iacientes,</strong></span> <span class='ocrx_word' id='word_1_213' title='bbox 1185 875 1254 901; x_wconf 88' lang='lat' dir='ltr'><strong>quas</strong></span> <span class='ocrx_word' id='word_1_214' title='bbox 1278 867 1361 902; x_wconf 83' lang='lat' dir='ltr'><strong>vulgo</strong></span> <span class='ocrx_word' id='word_1_215' title='bbox 1388 866 1524 901; x_wconf 88' lang='lat' dir='ltr'><strong>petrarias</strong></span> <span class='ocrx_word' id='word_1_216' title='bbox 1541 870 1651 892; x_wconf 83' lang='lat' dir='ltr'><strong>vocant.</strong></span> <span class='ocrx_word' id='word_1_217' title='bbox 1669 865 1727 892; x_wconf 81' lang='lat' dir='ltr'><strong>lloe</strong></span> 
     </span>
    </p>
   </div>
   <div class='ocr_carea' id='block_1_34' title="bbox 91 911 882 952">
    <p class='ocr_par' dir='ltr' id='par_1_34' title="bbox 91 914 882 952">
     <span class='ocr_line' id='line_1_34' title="bbox 91 914 882 952; baseline 0.006 -14"><span class='ocrx_word' id='word_1_218' title='bbox 91 914 316 947; x_wconf 74' lang='grc' dir='ltr'>καταπροδόντος.</span> <span class='ocrx_word' id='word_1_219' title='bbox 331 915 446 949; x_wconf 80' lang='grc' dir='ltr'><strong>Λέγεται</strong></span> <span class='ocrx_word' id='word_1_220' title='bbox 461 916 514 950; x_wconf 79' lang='grc' dir='ltr'>γὰρ</span> <span class='ocrx_word' id='word_1_221' title='bbox 528 917 679 950; x_wconf 70' lang='grc' dir='ltr'>ἀμφότερα.</span> <span class='ocrx_word' id='word_1_222' title='bbox 696 917 882 952; x_wconf 78' lang='grc' dir='ltr'>Προσήδρευσε</span> 
     </span>
    </p>
   </div>
   <div class='ocr_carea' id='block_1_35' title="bbox 933 911 1723 952">
    <p class='ocr_par' dir='ltr' id='par_1_35' title="bbox 936 911 1723 946">
     <span class='ocr_line' id='line_1_35' title="bbox 936 911 1723 946; baseline -0.005 -6"><span class='ocrx_word' id='word_1_223' title='bbox 936 914 1017 941; x_wconf 89' lang='lat' dir='ltr'><strong>modo</strong></span> <span class='ocrx_word' id='word_1_224' title='bbox 1029 913 1167 940; x_wconf 87' lang='lat' dir='ltr'><strong>Chosroes</strong></span> <span class='ocrx_word' id='word_1_225' title='bbox 1187 913 1306 939; x_wconf 84' lang='lat' dir='ltr'><strong>hiberno</strong></span> <span class='ocrx_word' id='word_1_226' title='bbox 1335 918 1459 946; x_wconf 88' lang='lat' dir='ltr'><strong>tempore</strong></span> <span class='ocrx_word' id='word_1_227' title='bbox 1483 911 1579 938; x_wconf 86' lang='lat' dir='ltr'><strong>urbem</strong></span> <span class='ocrx_word' id='word_1_228' title='bbox 1606 911 1679 937; x_wconf 81' lang='lat' dir='ltr'><strong>illaut</strong></span> <span class='ocrx_word' id='word_1_229' title='bbox 1699 913 1723 940; x_wconf 79' lang='lat' dir='ltr'><strong>vi</strong></span> 
     </span>
    </p>
   </div>
   <div class='ocr_carea' id='block_1_36' title="bbox 90 958 883 998">
    <p class='ocr_par' dir='ltr' id='par_1_36' title="bbox 90 958 883 998">
     <span class='ocr_line' id='line_1_36' title="bbox 90 958 883 998; baseline 0.006 -14"><span class='ocrx_word' id='word_1_230' title='bbox 90 958 119 985; x_wconf 77' lang='grc' dir='ltr'><strong>δὲ</strong></span> <span class='ocrx_word' id='word_1_231' title='bbox 136 960 167 994; x_wconf 81' lang='grc' dir='ltr'>τῇ</span> <span class='ocrx_word' id='word_1_232' title='bbox 184 959 259 986; x_wconf 78' lang='grc' dir='ltr'>πόλει</span> <span class='ocrx_word' id='word_1_233' title='bbox 287 962 300 987; x_wconf 83' lang='grc' dir='ltr'>ὁ</span> <span class='ocrx_word' id='word_1_234' title='bbox 322 961 445 996; x_wconf 81' lang='grc' dir='ltr'>Χοσρόης</span> <span class='ocrx_word' id='word_1_235' title='bbox 459 962 583 996; x_wconf 84' lang='grc' dir='ltr'>πέμπτον</span> <span class='ocrx_word' id='word_1_236' title='bbox 606 962 652 989; x_wconf 73' lang='grc' dir='ltr'><strong>καὶ</strong></span> <span class='ocrx_word' id='word_1_237' title='bbox 669 962 736 998; x_wconf 78' lang='grc' dir='ltr'>πρὸς</span> <span class='ocrx_word' id='word_1_238' title='bbox 751 971 781 997; x_wconf 83' lang='grc' dir='ltr'>γε</span> <span class='ocrx_word' id='word_1_239' title='bbox 799 963 883 997; x_wconf 78' lang='grc' dir='ltr'>μῆνα,</span> 
     </span>
    </p>
   </div>
   <div class='ocr_carea' id='block_1_37' title="bbox 92 1005 885 1043">
    <p class='ocr_par' dir='ltr' id='par_1_37' title="bbox 92 1005 885 1043">
     <span class='ocr_line' id='line_1_37' title="bbox 92 1005 885 1043; baseline 0.005 -13"><span class='ocrx_word' id='word_1_240' title='bbox 92 1005 205 1039; x_wconf 64' lang='grc' dir='ltr'>μηδενὸς</span> <span class='ocrx_word' id='word_1_241' title='bbox 219 1006 521 1040; x_wconf 76' lang='grc' dir='ltr'>ὐμύνοντος.”Απαντας</span> <span class='ocrx_word' id='word_1_242' title='bbox 533 1008 621 1034; x_wconf 75' lang='grc' dir='ltr'>τοίνυν</span> <span class='ocrx_word' id='word_1_243' title='bbox 633 1007 774 1042; x_wconf 73' lang='grc' dir='ltr'><strong>ἐξαγαγὼν</strong></span> <span class='ocrx_word' id='word_1_244' title='bbox 785 1008 885 1043; x_wconf 77' lang='grc' dir='ltr'>πλῆθος</span> 
     </span>
    </p>
   </div>
   <div class='ocr_carea' id='block_1_38' title="bbox 91 1050 884 1088">
    <p class='ocr_par' dir='ltr' id='par_1_38' title="bbox 91 1050 884 1088">
     <span class='ocr_line' id='line_1_38' title="bbox 91 1050 884 1088; baseline 0.006 -13"><span class='ocrx_word' id='word_1_245' title='bbox 91 1050 276 1085; x_wconf 78' lang='grc' dir='ltr'>ἀστάθμητον,</span> <span class='ocrx_word' id='word_1_246' title='bbox 294 1052 342 1078; x_wconf 73' lang='grc' dir='ltr'>καὶ</span> <span class='ocrx_word' id='word_1_247' title='bbox 356 1052 420 1083; x_wconf 77' lang='grc' dir='ltr'>τοὺς</span> <span class='ocrx_word' id='word_1_248' title='bbox 438 1053 488 1088; x_wconf 84' lang='grc' dir='ltr'>μὲν</span> <span class='ocrx_word' id='word_1_249' title='bbox 504 1053 588 1079; x_wconf 76' lang='grc' dir='ltr'>αὑτοῦ</span> <span class='ocrx_word' id='word_1_250' title='bbox 603 1053 729 1084; x_wconf 53' lang='lat' dir='ltr'><strong>ostiolum</strong></span> <span class='ocrx_word' id='word_1_251' title='bbox 743 1053 884 1088; x_wconf 75' lang='grc' dir='ltr'>κατασφά-</span> 
     </span>
    </p>
   </div>
   <div class='ocr_carea' id='block_1_39' title="bbox 91 1093 882 1133">
    <p class='ocr_par' dir='ltr' id='par_1_39' title="bbox 91 1093 882 1133">
     <span class='ocr_line' id='line_1_39' title="bbox 91 1093 882 1133; baseline 0.005 -12"><span class='ocrx_word' id='word_1_252' title='bbox 91 1093 141 1126; x_wconf 78' lang='grc' dir='ltr'>ξας</span> <span class='ocrx_word' id='word_1_253' title='bbox 152 1115 160 1128; x_wconf 87' lang='grc'><em>,</em></span> <span class='ocrx_word' id='word_1_254' title='bbox 179 1096 241 1127; x_wconf 78' lang='grc' dir='ltr'>τοὺς</span> <span class='ocrx_word' id='word_1_255' title='bbox 255 1097 284 1123; x_wconf 70' lang='grc' dir='ltr'><strong>δὲ</strong></span> <span class='ocrx_word' id='word_1_256' title='bbox 301 1097 442 1130; x_wconf 81' lang='grc' dir='ltr'>πλείστους</span> <span class='ocrx_word' id='word_1_257' title='bbox 466 1098 513 1124; x_wconf 83' lang='grc' dir='ltr'><strong>καὶ</strong></span> <span class='ocrx_word' id='word_1_258' title='bbox 533 1098 652 1133; x_wconf 83' lang='grc' dir='ltr'>ζωγρίας</span> <span class='ocrx_word' id='word_1_259' title='bbox 669 1098 749 1132; x_wconf 76' lang='grc' dir='ltr'>ἑλὼν,</span> <span class='ocrx_word' id='word_1_260' title='bbox 766 1098 814 1133; x_wconf 84' lang='grc' dir='ltr'>τὴν</span> <span class='ocrx_word' id='word_1_261' title='bbox 832 1098 882 1133; x_wconf 81' lang='grc' dir='ltr'>μὲν</span> 
     </span>
    </p>
   </div>
   <div class='ocr_carea' id='block_1_40' title="bbox 91 1140 878 1179">
    <p class='ocr_par' dir='ltr' id='par_1_40' title="bbox 91 1140 878 1179">
     <span class='ocr_line' id='line_1_40' title="bbox 91 1140 878 1179; baseline 0.006 -14"><span class='ocrx_word' id='word_1_262' title='bbox 91 1140 169 1166; x_wconf 82' lang='grc' dir='ltr'>πόλιν</span> <span class='ocrx_word' id='word_1_263' title='bbox 191 1141 334 1178; x_wconf 77' lang='grc' dir='ltr'>ἐπίκαιρον</span> <span class='ocrx_word' id='word_1_264' title='bbox 349 1142 430 1169; x_wconf 80' lang='grc' dir='ltr'>οὖσαν</span> <span class='ocrx_word' id='word_1_265' title='bbox 447 1144 553 1179; x_wconf 84' lang='grc' dir='ltr'>φρουρᾷ</span> <span class='ocrx_word' id='word_1_266' title='bbox 571 1144 704 1178; x_wconf 80' lang='grc' dir='ltr'>κατέσχεν</span> <span class='ocrx_word' id='word_1_267' title='bbox 717 1152 724 1160; x_wconf 69' lang='grc' dir='ltr'><strong>ο</strong></span> <span class='ocrx_word' id='word_1_268' title='bbox 754 1145 834 1176; x_wconf 78' lang='grc' dir='ltr'>αὐτὸς</span> <span class='ocrx_word' id='word_1_269' title='bbox 851 1144 878 1170; x_wconf 76' lang='grc' dir='ltr'><strong>δὲ</strong></span> 
     </span>
    </p>
   </div>
   <div class='ocr_carea' id='block_1_41' title="bbox 92 1186 585 1225">
    <p class='ocr_par' dir='ltr' id='par_1_41' title="bbox 92 1186 585 1225">
     <span class='ocr_line' id='line_1_41' title="bbox 92 1186 585 1225; baseline 0.008 -13"><span class='ocrx_word' id='word_1_270' title='bbox 92 1186 159 1222; x_wconf 74' lang='grc' dir='ltr'>πρὸς</span> <span class='ocrx_word' id='word_1_271' title='bbox 174 1188 207 1214; x_wconf 78' lang='grc' dir='ltr'><strong>τὰ</strong></span> <span class='ocrx_word' id='word_1_272' title='bbox 223 1189 310 1215; x_wconf 75' lang='grc' dir='ltr'>οἰκεῖα</span> <span class='ocrx_word' id='word_1_273' title='bbox 326 1189 506 1224; x_wconf 74' lang='grc' dir='ltr'><strong>ἀπεχώρησεν</strong></span> <span class='ocrx_word' id='word_1_274' title='bbox 522 1189 585 1225; x_wconf 81' lang='grc' dir='ltr'><strong>ἥϐη.</strong></span> 
     </span>
    </p>
   </div>
   <div class='ocr_carea' id='block_1_42' title="bbox 939 957 1723 994">
    <p class='ocr_par' dir='ltr' id='par_1_42' title="bbox 939 957 1723 994">
     <span class='ocr_line' id='line_1_42' title="bbox 939 957 1723 994; baseline -0.006 -7"><span class='ocrx_word' id='word_1_275' title='bbox 939 960 1023 994; x_wconf 79' lang='lat' dir='ltr'><strong>cepit,</strong></span> <span class='ocrx_word' id='word_1_276' title='bbox 1040 959 1145 987; x_wconf 85' lang='lat' dir='ltr'><strong>Joanne</strong></span> <span class='ocrx_word' id='word_1_277' title='bbox 1174 958 1332 986; x_wconf 85' lang='lat' dir='ltr'><strong>Timostrati</strong></span> <span class='ocrx_word' id='word_1_278' title='bbox 1359 958 1414 984; x_wconf 89' lang='lat' dir='ltr'><strong>lilio</strong></span> <span class='ocrx_word' id='word_1_279' title='bbox 1440 958 1488 992; x_wconf 85' lang='lat' dir='ltr'><strong>qui</strong></span> <span class='ocrx_word' id='word_1_280' title='bbox 1510 957 1570 984; x_wconf 87' lang='lat' dir='ltr'><strong>urbi</strong></span> <span class='ocrx_word' id='word_1_281' title='bbox 1598 961 1723 991; x_wconf 65' lang='lat' dir='ltr'><strong>praeerat,</strong></span> 
     </span>
    </p>
   </div>
   <div class='ocr_carea' id='block_1_43' title="bbox 938 1002 1723 1041">
    <p class='ocr_par' dir='ltr' id='par_1_43' title="bbox 938 1002 1723 1041">
     <span class='ocr_line' id='line_1_43' title="bbox 938 1002 1723 1041; baseline -0.005 -9"><span class='ocrx_word' id='word_1_282' title='bbox 938 1013 1034 1041; x_wconf 83' lang='lat' dir='ltr'><strong>parum</strong></span> <span class='ocrx_word' id='word_1_283' title='bbox 1063 1005 1098 1032; x_wconf 79' lang='lat' dir='ltr'><strong>de</strong></span> <span class='ocrx_word' id='word_1_284' title='bbox 1128 1012 1162 1032; x_wconf 87' lang='lat' dir='ltr'><strong>ea</strong></span> <span class='ocrx_word' id='word_1_285' title='bbox 1183 1005 1314 1035; x_wconf 86' lang='lat' dir='ltr'><strong>sollicito.</strong></span> <span class='ocrx_word' id='word_1_286' title='bbox 1330 1004 1385 1031; x_wconf 91' lang='lat' dir='ltr'><strong>imo</strong></span> <span class='ocrx_word' id='word_1_287' title='bbox 1411 1012 1476 1031; x_wconf 88' lang='lat' dir='ltr'><strong>vero</strong></span> <span class='ocrx_word' id='word_1_288' title='bbox 1501 1011 1561 1030; x_wconf 82' lang='lat' dir='ltr'><strong>eam</strong></span> <span class='ocrx_word' id='word_1_289' title='bbox 1579 1002 1723 1037; x_wconf 83' lang='lat' dir='ltr'><strong>prodente.</strong></span> 
     </span>
    </p>
   </div>
   <div class='ocr_carea' id='block_1_44' title="bbox 937 1047 1723 1086">
    <p class='ocr_par' dir='ltr' id='par_1_44' title="bbox 937 1047 1723 1086">
     <span class='ocr_line' id='line_1_44' title="bbox 937 1047 1723 1086; baseline -0.009 -7"><span class='ocrx_word' id='word_1_290' title='bbox 937 1051 1091 1086; x_wconf 84' lang='lat' dir='ltr'><strong>Utrumque</strong></span> <span class='ocrx_word' id='word_1_291' title='bbox 1115 1050 1190 1077; x_wconf 89' lang='lat' dir='ltr'><strong>enim</strong></span> <span class='ocrx_word' id='word_1_292' title='bbox 1212 1049 1325 1077; x_wconf 85' lang='lat' dir='ltr'><strong>dicitur.</strong></span> <span class='ocrx_word' id='word_1_293' title='bbox 1343 1049 1495 1076; x_wconf 83' lang='lat' dir='ltr'><strong>Obsederat</strong></span> <span class='ocrx_word' id='word_1_294' title='bbox 1518 1053 1609 1074; x_wconf 85' lang='lat' dir='ltr'><strong>autem</strong></span> <span class='ocrx_word' id='word_1_295' title='bbox 1627 1047 1723 1073; x_wconf 79' lang='lat' dir='ltr'><strong>urbem</strong></span> 
     </span>
    </p>
   </div>
   <div class='ocr_carea' id='block_1_45' title="bbox 936 1094 1726 1130">
    <p class='ocr_par' dir='ltr' id='par_1_45' title="bbox 936 1094 1726 1130">
     <span class='ocr_line' id='line_1_45' title="bbox 936 1094 1726 1130; baseline -0.009 -6"><span class='ocrx_word' id='word_1_296' title='bbox 936 1098 1010 1124; x_wconf 82' lang='lat' dir='ltr'><strong>illam</strong></span> <span class='ocrx_word' id='word_1_297' title='bbox 1028 1097 1166 1124; x_wconf 87' lang='lat' dir='ltr'><strong>Chosroes</strong></span> <span class='ocrx_word' id='word_1_298' title='bbox 1200 1096 1323 1130; x_wconf 85' lang='lat' dir='ltr'><strong>quinque</strong></span> <span class='ocrx_word' id='word_1_299' title='bbox 1344 1099 1371 1122; x_wconf 90' lang='lat' dir='ltr'><strong>ct</strong></span> <span class='ocrx_word' id='word_1_300' title='bbox 1393 1094 1511 1128; x_wconf 84' lang='lat' dir='ltr'><strong>amplius</strong></span> <span class='ocrx_word' id='word_1_301' title='bbox 1535 1101 1654 1123; x_wconf 81' lang='lat' dir='ltr'><strong>menses,</strong></span> <span class='ocrx_word' id='word_1_302' title='bbox 1678 1100 1726 1118; x_wconf 87' lang='lat' dir='ltr'><strong>ne-</strong></span> 
     </span>
    </p>
   </div>
   <div class='ocr_carea' id='block_1_46' title="bbox 933 1138 1724 1175">
    <p class='ocr_par' dir='ltr' id='par_1_46' title="bbox 933 1138 1724 1175">
     <span class='ocr_line' id='line_1_46' title="bbox 933 1138 1724 1175; baseline -0.01 -4"><span class='ocrx_word' id='word_1_303' title='bbox 933 1144 1006 1170; x_wconf 88' lang='lat' dir='ltr'><strong>mine</strong></span> <span class='ocrx_word' id='word_1_304' title='bbox 1017 1151 1078 1170; x_wconf 86' lang='lat' dir='ltr'><strong>eam</strong></span> <span class='ocrx_word' id='word_1_305' title='bbox 1090 1142 1267 1170; x_wconf 80' lang='lat' dir='ltr'><strong>defendente.</strong></span> <span class='ocrx_word' id='word_1_306' title='bbox 1278 1141 1346 1168; x_wconf 91' lang='lat' dir='ltr'><strong>Cum</strong></span> <span class='ocrx_word' id='word_1_307' title='bbox 1359 1141 1443 1175; x_wconf 76' lang='lat' dir='ltr'><strong>igitur</strong></span> <span class='ocrx_word' id='word_1_308' title='bbox 1454 1140 1597 1167; x_wconf 81' lang='lat' dir='ltr'><strong>universos</strong></span> <span class='ocrx_word' id='word_1_309' title='bbox 1611 1146 1643 1165; x_wconf 88' lang='lat' dir='ltr'><strong>ex</strong></span> <span class='ocrx_word' id='word_1_310' title='bbox 1657 1138 1724 1164; x_wconf 87' lang='lat' dir='ltr'><strong>urbe</strong></span> 
     </span>
    </p>
   </div>
   <div class='ocr_carea' id='block_1_47' title="bbox 931 1184 1724 1220">
    <p class='ocr_par' dir='ltr' id='par_1_47' title="bbox 931 1184 1724 1220">
     <span class='ocr_line' id='line_1_47' title="bbox 931 1184 1724 1220; baseline -0.008 -4"><span class='ocrx_word' id='word_1_311' title='bbox 931 1188 1086 1220; x_wconf 82' lang='lat' dir='ltr'><strong>eduxisset,</strong></span> <span class='ocrx_word' id='word_1_312' title='bbox 1109 1188 1270 1215; x_wconf 84' lang='lat' dir='ltr'><strong>immensam</strong></span> <span class='ocrx_word' id='word_1_313' title='bbox 1298 1187 1438 1213; x_wconf 86' lang='lat' dir='ltr'><strong>hominum</strong></span> <span class='ocrx_word' id='word_1_314' title='bbox 1463 1184 1678 1214; x_wconf 82' lang='lat' dir='ltr'><strong>multitudinem,</strong></span> <span class='ocrx_word' id='word_1_315' title='bbox 1696 1188 1724 1210; x_wconf 84' lang='lat' dir='ltr'><strong>et</strong></span> 
     </span>
    </p>
   </div>
   <div class='ocr_carea' id='block_1_48' title="bbox 91 1231 1722 1270">
    <p class='ocr_par' dir='ltr' id='par_1_48' title="bbox 91 1231 1722 1270">
     <span class='ocr_line' id='line_1_48' title="bbox 91 1231 1722 1270; baseline -0.002 -12"><span class='ocrx_word' id='word_1_316' title='bbox 91 1232 225 1267; x_wconf 84' lang='lat' dir='ltr'><strong>quosdam</strong></span> <span class='ocrx_word' id='word_1_317' title='bbox 245 1240 279 1260; x_wconf 77' lang='lat' dir='ltr'><strong>ex</strong></span> <span class='ocrx_word' id='word_1_318' title='bbox 314 1234 348 1261; x_wconf 90' lang='lat' dir='ltr'><strong>iis</strong></span> <span class='ocrx_word' id='word_1_319' title='bbox 365 1234 515 1262; x_wconf 90' lang='lat' dir='ltr'><strong>crudeliter</strong></span> <span class='ocrx_word' id='word_1_320' title='bbox 530 1234 587 1262; x_wconf 92' lang='lat' dir='ltr'><strong>illic</strong></span> <span class='ocrx_word' id='word_1_321' title='bbox 606 1240 764 1267; x_wconf 78' lang='lat' dir='ltr'><strong>mactasset,</strong></span> <span class='ocrx_word' id='word_1_322' title='bbox 777 1235 898 1270; x_wconf 87' lang='lat' dir='ltr'><strong>reliquos</strong></span> <span class='ocrx_word' id='word_1_323' title='bbox 915 1242 982 1261; x_wconf 89' lang='lat' dir='ltr'><strong>vero</strong></span> <span class='ocrx_word' id='word_1_324' title='bbox 999 1233 1078 1260; x_wconf 85' lang='lat' dir='ltr'><strong>vivos</strong></span> <span class='ocrx_word' id='word_1_325' title='bbox 1099 1237 1249 1265; x_wconf 84' lang='lat' dir='ltr'><strong>servasset,</strong></span> <span class='ocrx_word' id='word_1_326' title='bbox 1266 1232 1364 1259; x_wconf 81' lang='lat' dir='ltr'><strong>urbem</strong></span> <span class='ocrx_word' id='word_1_327' title='bbox 1392 1231 1522 1266; x_wconf 78' lang='lat' dir='ltr'><strong>quidem,</strong></span> <span class='ocrx_word' id='word_1_328' title='bbox 1557 1232 1651 1264; x_wconf 85' lang='lat' dir='ltr'><strong>utpote</strong></span> <span class='ocrx_word' id='word_1_329' title='bbox 1671 1236 1722 1262; x_wconf 88' lang='lat' dir='ltr'><strong>op-</strong></span> 
     </span>
    </p>
   </div>
   <div class='ocr_carea' id='block_1_49' title="bbox 93 1278 1460 1316">
    <p class='ocr_par' dir='ltr' id='par_1_49' title="bbox 93 1278 1460 1316">
     <span class='ocr_line' id='line_1_49' title="bbox 93 1278 1460 1316; baseline -0.001 -12"><span class='ocrx_word' id='word_1_330' title='bbox 93 1282 213 1313; x_wconf 87' lang='lat' dir='ltr'><strong>portune</strong></span> <span class='ocrx_word' id='word_1_331' title='bbox 233 1278 332 1313; x_wconf 79' lang='lat' dir='ltr'><strong>sitam,</strong></span> <span class='ocrx_word' id='word_1_332' title='bbox 352 1279 481 1314; x_wconf 66' lang='lat' dir='ltr'><strong>praesidio</strong></span> <span class='ocrx_word' id='word_1_333' title='bbox 505 1279 634 1315; x_wconf 80' lang='lat' dir='ltr'><strong>imposito</strong></span> <span class='ocrx_word' id='word_1_334' title='bbox 652 1281 770 1308; x_wconf 86' lang='lat' dir='ltr'><strong>munivit</strong></span> <span class='ocrx_word' id='word_1_335' title='bbox 789 1289 796 1307; x_wconf 86' lang='lat'><strong>:</strong></span> <span class='ocrx_word' id='word_1_336' title='bbox 819 1281 878 1316; x_wconf 86' lang='lat' dir='ltr'><strong>ipse</strong></span> <span class='ocrx_word' id='word_1_337' title='bbox 895 1286 959 1307; x_wconf 88' lang='lat' dir='ltr'><strong>vero</strong></span> <span class='ocrx_word' id='word_1_338' title='bbox 973 1279 1001 1306; x_wconf 88' lang='lat' dir='ltr'><strong>in</strong></span> <span class='ocrx_word' id='word_1_339' title='bbox 1015 1279 1155 1314; x_wconf 77' lang='lat' dir='ltr'><strong>regionem</strong></span> <span class='ocrx_word' id='word_1_340' title='bbox 1171 1285 1249 1305; x_wconf 87' lang='lat' dir='ltr'><strong>suam</strong></span> <span class='ocrx_word' id='word_1_341' title='bbox 1264 1285 1392 1305; x_wconf 81' lang='lat' dir='ltr'><strong>reversus</strong></span> <span class='ocrx_word' id='word_1_342' title='bbox 1409 1282 1460 1304; x_wconf 87' lang='lat' dir='ltr'><strong>cst.</strong></span> 
     </span>
    </p>
   </div>
   <div class='ocr_carea' id='block_1_50' title="bbox 380 1340 588 1368">
    <p class='ocr_par' dir='ltr' id='par_1_50' title="bbox 380 1340 588 1368">
     <span class='ocr_line' id='line_1_50' title="bbox 380 1340 588 1368; baseline 0.005 -1"><span class='ocrx_word' id='word_1_343' title='bbox 380 1340 507 1368; x_wconf 71' lang='grc' dir='ltr'><strong>ΚΕΦᾹΛ.</strong></span> <span class='ocrx_word' id='word_1_344' title='bbox 538 1342 588 1368; x_wconf 83' lang='lat' dir='ltr'><strong>lA&#39;.</strong></span> 
     </span>
    </p>
   </div>
   <div class='ocr_carea' id='block_1_51' title="bbox 97 1382 876 1421">
    <p class='ocr_par' dir='ltr' id='par_1_51' title="bbox 97 1382 876 1421">
     <span class='ocr_line' id='line_1_51' title="bbox 97 1382 876 1421; baseline 0.004 -10"><span class='ocrx_word' id='word_1_345' title='bbox 97 1382 146 1416; x_wconf 81' lang='grc' dir='ltr'>Ὠς</span> <span class='ocrx_word' id='word_1_346' title='bbox 158 1385 175 1411; x_wconf 83' lang='grc' dir='ltr'><em>δ</em></span> <span class='ocrx_word' id='word_1_347' title='bbox 182 1385 333 1419; x_wconf 68' lang='grc' dir='ltr'><strong>,βασιλεὺς</strong></span> <span class='ocrx_word' id='word_1_348' title='bbox 352 1386 514 1419; x_wconf 80' lang='grc' dir='ltr'>Ἰουστῖνος</span> <span class='ocrx_word' id='word_1_349' title='bbox 525 1387 670 1421; x_wconf 73' lang='grc' dir='ltr'>φρενίτιδι</span> <span class='ocrx_word' id='word_1_350' title='bbox 685 1388 769 1420; x_wconf 83' lang='grc' dir='ltr'>νόσῳ</span> <span class='ocrx_word' id='word_1_351' title='bbox 780 1387 860 1414; x_wconf 66' lang='grc' dir='ltr'><strong>ἑάλω</strong></span> <span class='ocrx_word' id='word_1_352' title='bbox 869 1396 876 1403; x_wconf 88' lang='grc'><strong>·</strong></span> 
     </span>
    </p>
   </div>
   <div class='ocr_carea' id='block_1_52' title="bbox 129 1421 878 1486">
    <p class='ocr_par' dir='ltr' id='par_1_52' title="bbox 129 1421 878 1486">
     <span class='ocr_line' id='line_1_52' title="bbox 129 1421 878 1486; baseline 0.004 -40"><span class='ocrx_word' id='word_1_353' title='bbox 129 1421 259 1486; x_wconf 46' lang='grc' dir='ltr'>ἔέιὶἱριος</span> <span class='ocrx_word' id='word_1_354' title='bbox 282 1422 316 1448; x_wconf 76' lang='grc' dir='ltr'><strong>δὲ</strong></span> <span class='ocrx_word' id='word_1_355' title='bbox 341 1422 398 1455; x_wconf 82' lang='grc' dir='ltr'><strong>τὴν</strong></span> <span class='ocrx_word' id='word_1_356' title='bbox 422 1423 569 1456; x_wconf 68' lang='grc' dir='ltr'>φροντίδα</span> <span class='ocrx_word' id='word_1_357' title='bbox 594 1422 654 1449; x_wconf 81' lang='grc' dir='ltr'><strong>τῶν</strong></span> <span class='ocrx_word' id='word_1_358' title='bbox 672 1422 753 1450; x_wconf 74' lang='grc' dir='ltr'>ὅλων</span> <span class='ocrx_word' id='word_1_359' title='bbox 775 1422 878 1449; x_wconf 82' lang='grc' dir='ltr'><strong>ἀνεδέ-</strong></span> 
     </span>
    </p>
   </div>
   <div class='ocr_carea' id='block_1_53' title="bbox 1260 1337 1395 1365">
    <p class='ocr_par' dir='ltr' id='par_1_53' title="bbox 1260 1337 1395 1365">
     <span class='ocr_line' id='line_1_53' title="bbox 1260 1337 1395 1365; baseline -0.007 -1"><span class='ocrx_word' id='word_1_360' title='bbox 1260 1337 1335 1365; x_wconf 80' lang='lat' dir='ltr'><strong>CAP.</strong></span> <span class='ocrx_word' id='word_1_361' title='bbox 1349 1337 1395 1364; x_wconf 78' lang='lat' dir='ltr'><strong>Xl.</strong></span> 
     </span>
    </p>
   </div>
   <div class='ocr_carea' id='block_1_54' title="bbox 934 1382 1723 1418">
    <p class='ocr_par' dir='ltr' id='par_1_54' title="bbox 934 1382 1723 1418">
     <span class='ocr_line' id='line_1_54' title="bbox 934 1382 1723 1418; baseline -0.004 -6"><span class='ocrx_word' id='word_1_362' title='bbox 934 1384 1070 1418; x_wconf 81' lang='lat' dir='ltr'><strong>Quomodo</strong></span> <span class='ocrx_word' id='word_1_363' title='bbox 1085 1392 1144 1410; x_wconf 80' lang='lat' dir='ltr'><strong>cum</strong></span> <span class='ocrx_word' id='word_1_364' title='bbox 1159 1384 1279 1411; x_wconf 77' lang='lat' dir='ltr'><strong>Justinus</strong></span> <span class='ocrx_word' id='word_1_365' title='bbox 1294 1383 1320 1409; x_wconf 77' lang='lat' dir='ltr'><strong>in</strong></span> <span class='ocrx_word' id='word_1_366' title='bbox 1334 1383 1496 1409; x_wconf 79' lang='lat' dir='ltr'><strong>dementiam</strong></span> <span class='ocrx_word' id='word_1_367' title='bbox 1517 1383 1658 1415; x_wconf 74' lang='lat' dir='ltr'><strong>incidisset,</strong></span> <span class='ocrx_word' id='word_1_368' title='bbox 1683 1382 1723 1409; x_wconf 81' lang='lat' dir='ltr'><strong>Ti-</strong></span> 
     </span>
    </p>
   </div>
   <div class='ocr_carea' id='block_1_55' title="bbox 1073 1418 1580 1453">
    <p class='ocr_par' dir='ltr' id='par_1_55' title="bbox 1073 1418 1580 1453">
     <span class='ocr_line' id='line_1_55' title="bbox 1073 1418 1580 1453; baseline -0.004 -7"><span class='ocrx_word' id='word_1_369' title='bbox 1073 1420 1159 1446; x_wconf 82' lang='lat' dir='ltr'><strong>berius</strong></span> <span class='ocrx_word' id='word_1_370' title='bbox 1176 1418 1335 1453; x_wconf 68' lang='lat' dir='ltr'><strong>Reipublicae</strong></span> <span class='ocrx_word' id='word_1_371' title='bbox 1354 1418 1446 1444; x_wconf 77' lang='lat' dir='ltr'><strong>curam</strong></span> <span class='ocrx_word' id='word_1_372' title='bbox 1458 1419 1580 1452; x_wconf 65' lang='lat' dir='ltr'><strong>susupit.</strong></span> 
     </span>
    </p>
   </div>
   <div class='ocr_carea' id='block_1_56' title="bbox 129 1498 882 1549">
    <p class='ocr_par' dir='ltr' id='par_1_56' title="bbox 129 1509 882 1549">
     <span class='ocr_line' id='line_1_56' title="bbox 129 1509 882 1549; baseline 0.003 -12"><span class='ocrx_word' id='word_1_373' title='bbox 129 1509 220 1546; x_wconf 83' lang='grc' dir='ltr'>Ἀπερ</span> <span class='ocrx_word' id='word_1_374' title='bbox 239 1512 333 1548; x_wconf 81' lang='grc' dir='ltr'><strong>ἐπειδὴ</strong></span> <span class='ocrx_word' id='word_1_375' title='bbox 356 1513 470 1549; x_wconf 71' lang='grc' dir='ltr'>ἠκηκόει</span> <span class='ocrx_word' id='word_1_376' title='bbox 493 1515 506 1541; x_wconf 86' lang='grc' dir='ltr'>ὁ</span> <span class='ocrx_word' id='word_1_377' title='bbox 527 1514 670 1545; x_wconf 78' lang='grc' dir='ltr'>Ἰουστϊνος</span> <span class='ocrx_word' id='word_1_378' title='bbox 682 1533 689 1546; x_wconf 87' lang='grc'><strong>,</strong></span> <span class='ocrx_word' id='word_1_379' title='bbox 706 1514 738 1540; x_wconf 75' lang='grc' dir='ltr'>ὲκ</span> <span class='ocrx_word' id='word_1_380' title='bbox 754 1513 882 1540; x_wconf 85' lang='grc' dir='ltr'>τοσούτου</span> 
     </span>
    </p>
   </div>
   <div class='ocr_carea' id='block_1_57' title="bbox 933 1498 1724 1549">
    <p class='ocr_par' dir='ltr' id='par_1_57' title="bbox 969 1504 1724 1538">
     <span class='ocr_line' id='line_1_57' title="bbox 969 1504 1724 1538; baseline -0.007 -2"><span class='ocrx_word' id='word_1_381' title='bbox 969 1509 1033 1536; x_wconf 68' lang='lat' dir='ltr'><strong>Haec</strong></span> <span class='ocrx_word' id='word_1_382' title='bbox 1047 1516 1110 1535; x_wconf 91' lang='lat' dir='ltr'><strong>cum</strong></span> <span class='ocrx_word' id='word_1_383' title='bbox 1128 1507 1265 1535; x_wconf 87' lang='lat' dir='ltr'><strong>audiisset</strong></span> <span class='ocrx_word' id='word_1_384' title='bbox 1288 1506 1431 1538; x_wconf 82' lang='lat' dir='ltr'><strong>Justinus,</strong></span> <span class='ocrx_word' id='word_1_385' title='bbox 1456 1505 1523 1532; x_wconf 91' lang='lat' dir='ltr'><strong>nihil</strong></span> <span class='ocrx_word' id='word_1_386' title='bbox 1547 1505 1605 1532; x_wconf 86' lang='lat' dir='ltr'><strong>sani</strong></span> <span class='ocrx_word' id='word_1_387' title='bbox 1630 1504 1724 1531; x_wconf 89' lang='lat' dir='ltr'><strong>animo</strong></span> 
     </span>
    </p>
   </div>
   <div class='ocr_carea' id='block_1_58' title="bbox 91 1554 881 1593">
    <p class='ocr_par' dir='ltr' id='par_1_58' title="bbox 91 1554 881 1593">
     <span class='ocr_line' id='line_1_58' title="bbox 91 1554 881 1593; baseline 0.003 -12"><span class='ocrx_word' id='word_1_388' title='bbox 91 1554 179 1590; x_wconf 77' lang='grc' dir='ltr'>τύφου</span> <span class='ocrx_word' id='word_1_389' title='bbox 195 1556 242 1583; x_wconf 74' lang='grc' dir='ltr'>καὶ</span> <span class='ocrx_word' id='word_1_390' title='bbox 256 1556 349 1591; x_wconf 71' lang='grc' dir='ltr'>ὄγκου,</span> <span class='ocrx_word' id='word_1_391' title='bbox 367 1558 442 1584; x_wconf 71' lang='grc' dir='ltr'>οὐδὲν</span> <span class='ocrx_word' id='word_1_392' title='bbox 456 1558 533 1592; x_wconf 73' lang='grc' dir='ltr'>ὖγιὲς</span> <span class='ocrx_word' id='word_1_393' title='bbox 548 1557 564 1593; x_wconf 81' lang='grc' dir='ltr'><strong>ἢ</strong></span> <span class='ocrx_word' id='word_1_394' title='bbox 579 1559 717 1593; x_wconf 81' lang='grc' dir='ltr'>φρενῆρες</span> <span class='ocrx_word' id='word_1_395' title='bbox 728 1558 860 1593; x_wconf 85' lang='grc' dir='ltr'>ἐννοήσας</span> <span class='ocrx_word' id='word_1_396' title='bbox 874 1578 881 1591; x_wconf 85' lang='grc'><strong><em>,</em></strong></span> 
     </span>
    </p>
   </div>
   <div class='ocr_carea' id='block_1_59' title="bbox 93 1601 883 1639">
    <p class='ocr_par' dir='ltr' id='par_1_59' title="bbox 93 1601 883 1639">
     <span class='ocr_line' id='line_1_59' title="bbox 93 1601 883 1639; baseline 0.003 -12"><span class='ocrx_word' id='word_1_397' title='bbox 93 1601 155 1628; x_wconf 76' lang='grc' dir='ltr'><strong>οὐδὲ</strong></span> <span class='ocrx_word' id='word_1_398' title='bbox 183 1602 362 1635; x_wconf 77' lang='grc' dir='ltr'><strong>ἀνθρωπίνως</strong></span> <span class='ocrx_word' id='word_1_399' title='bbox 393 1604 423 1630; x_wconf 81' lang='grc' dir='ltr'>τὸ</span> <span class='ocrx_word' id='word_1_400' title='bbox 450 1604 608 1639; x_wconf 75' lang='grc' dir='ltr'>συνενεχθὲν</span> <span class='ocrx_word' id='word_1_401' title='bbox 622 1603 677 1638; x_wconf 77' lang='grc'><strong>(54)</strong></span> <span class='ocrx_word' id='word_1_402' title='bbox 698 1603 826 1634; x_wconf 75' lang='grc' dir='ltr'>ἀνατλὰς,</span> <span class='ocrx_word' id='word_1_403' title='bbox 854 1603 883 1635; x_wconf 84' lang='grc' dir='ltr'>ὲς</span> 
     </span>
    </p>
   </div>
   <div class='ocr_carea' id='block_1_60' title="bbox 93 1646 883 1684">
    <p class='ocr_par' dir='ltr' id='par_1_60' title="bbox 93 1646 883 1684">
     <span class='ocr_line' id='line_1_60' title="bbox 93 1646 883 1684; baseline 0.003 -12"><span class='ocrx_word' id='word_1_404' title='bbox 93 1646 234 1681; x_wconf 79' lang='grc' dir='ltr'>φρενίτιδα</span> <span class='ocrx_word' id='word_1_405' title='bbox 258 1648 334 1674; x_wconf 74' lang='grc' dir='ltr'>νόσον</span> <span class='ocrx_word' id='word_1_406' title='bbox 349 1649 397 1675; x_wconf 77' lang='grc' dir='ltr'><strong>καὶ</strong></span> <span class='ocrx_word' id='word_1_407' title='bbox 412 1649 513 1684; x_wconf 75' lang='grc' dir='ltr'>μανίαν</span> <span class='ocrx_word' id='word_1_408' title='bbox 529 1649 682 1684; x_wconf 76' lang='grc' dir='ltr'>ἐμπίπτει,</span> <span class='ocrx_word' id='word_1_409' title='bbox 696 1649 771 1675; x_wconf 79' lang='grc' dir='ltr'>οὐδὲν</span> <span class='ocrx_word' id='word_1_410' title='bbox 791 1648 883 1674; x_wconf 70' lang='grc' dir='ltr'>λοιπὸν</span> 
     </span>
    </p>
   </div>
   <div class='ocr_carea' id='block_1_61' title="bbox 93 1691 884 1729">
    <p class='ocr_par' dir='ltr' id='par_1_61' title="bbox 93 1691 884 1729">
     <span class='ocr_line' id='line_1_61' title="bbox 93 1691 884 1729; baseline 0.004 -12"><span class='ocrx_word' id='word_1_411' title='bbox 93 1691 149 1718; x_wconf 76' lang='grc' dir='ltr'><strong>τῶν</strong></span> <span class='ocrx_word' id='word_1_412' title='bbox 165 1693 316 1726; x_wconf 83' lang='grc' dir='ltr'>γινομένων</span> <span class='ocrx_word' id='word_1_413' title='bbox 334 1695 447 1726; x_wconf 75' lang='grc' dir='ltr'>συνιείς.</span> <span class='ocrx_word' id='word_1_414' title='bbox 468 1695 565 1722; x_wconf 79' lang='grc' dir='ltr'>Διώκει</span> <span class='ocrx_word' id='word_1_415' title='bbox 581 1694 610 1721; x_wconf 81' lang='grc' dir='ltr'><strong>δὲ</strong></span> <span class='ocrx_word' id='word_1_416' title='bbox 627 1695 656 1721; x_wconf 81' lang='grc' dir='ltr'>τὸ</span> <span class='ocrx_word' id='word_1_417' title='bbox 668 1694 816 1729; x_wconf 81' lang='grc' dir='ltr'>πολίτευμα</span> <span class='ocrx_word' id='word_1_418' title='bbox 838 1694 884 1721; x_wconf 89' lang='grc' dir='ltr'><strong>Τι-</strong></span> 
     </span>
    </p>
   </div>
   <div class='ocr_carea' id='block_1_62' title="bbox 95 1736 883 1774">
    <p class='ocr_par' dir='ltr' id='par_1_62' title="bbox 95 1736 883 1774">
     <span class='ocr_line' id='line_1_62' title="bbox 95 1736 883 1774; baseline 0.003 -11"><span class='ocrx_word' id='word_1_419' title='bbox 95 1736 186 1771; x_wconf 60' lang='lat' dir='ltr'><strong>Sipus;</strong></span> <span class='ocrx_word' id='word_1_420' title='bbox 202 1737 236 1772; x_wconf 83' lang='grc' dir='ltr'><strong>(υ)</strong></span> <span class='ocrx_word' id='word_1_421' title='bbox 248 1759 256 1771; x_wconf 87' lang='lat'><strong>,</strong></span> <span class='ocrx_word' id='word_1_422' title='bbox 281 1738 354 1774; x_wconf 80' lang='grc' dir='ltr'>Θρᾲξ</span> <span class='ocrx_word' id='word_1_423' title='bbox 372 1740 422 1774; x_wconf 73' lang='grc' dir='ltr'>μὲν</span> <span class='ocrx_word' id='word_1_424' title='bbox 444 1740 522 1773; x_wconf 88' lang='grc' dir='ltr'>γένος</span> <span class='ocrx_word' id='word_1_425' title='bbox 535 1759 542 1772; x_wconf 84' lang='grc'><em>,</em></span> <span class='ocrx_word' id='word_1_426' title='bbox 568 1739 601 1766; x_wconf 85' lang='grc' dir='ltr'><strong>τὰ</strong></span> <span class='ocrx_word' id='word_1_427' title='bbox 619 1740 741 1774; x_wconf 84' lang='grc' dir='ltr'>πρωτεῖα</span> <span class='ocrx_word' id='word_1_428' title='bbox 757 1739 784 1766; x_wconf 82' lang='grc' dir='ltr'><strong>δὲ</strong></span> <span class='ocrx_word' id='word_1_429' title='bbox 807 1739 883 1774; x_wconf 77' lang='grc' dir='ltr'>παρὰ</span> 
     </span>
    </p>
   </div>
   <div class='ocr_carea' id='block_1_63' title="bbox 101 1782 883 1821">
    <p class='ocr_par' dir='ltr' id='par_1_63' title="bbox 101 1782 883 1821">
     <span class='ocr_line' id='line_1_63' title="bbox 101 1782 883 1821; baseline 0.005 -13"><span class='ocrx_word' id='word_1_430' title='bbox 101 1782 237 1818; x_wconf 75' lang='grc' dir='ltr'>Ἰουστίνψ</span> <span class='ocrx_word' id='word_1_431' title='bbox 252 1785 344 1819; x_wconf 78' lang='grc' dir='ltr'>φέρων</span> <span class='ocrx_word' id='word_1_432' title='bbox 358 1793 365 1800; x_wconf 91' lang='grc'><strong>·</strong></span> <span class='ocrx_word' id='word_1_433' title='bbox 377 1785 406 1812; x_wconf 80' lang='grc' dir='ltr'>ὃν</span> <span class='ocrx_word' id='word_1_434' title='bbox 431 1787 478 1812; x_wconf 82' lang='grc' dir='ltr'>καὶ</span> <span class='ocrx_word' id='word_1_435' title='bbox 494 1786 565 1812; x_wconf 74' lang='grc' dir='ltr'>κατὰ</span> <span class='ocrx_word' id='word_1_436' title='bbox 579 1785 633 1812; x_wconf 78' lang='grc' dir='ltr'>τῶν</span> <span class='ocrx_word' id='word_1_437' title='bbox 646 1785 768 1821; x_wconf 72' lang='grc' dir='ltr'>’Δῦάρων</span> <span class='ocrx_word' id='word_1_438' title='bbox 787 1786 883 1821; x_wconf 82' lang='grc' dir='ltr'>πρώην</span> 
     </span>
    </p>
   </div>
   <div class='ocr_carea' id='block_1_64' title="bbox 95 1828 881 1867">
    <p class='ocr_par' dir='ltr' id='par_1_64' title="bbox 95 1828 881 1867">
     <span class='ocr_line' id='line_1_64' title="bbox 95 1828 881 1867; baseline 0.006 -14"><span class='ocrx_word' id='word_1_439' title='bbox 95 1828 250 1863; x_wconf 74' lang='grc' dir='ltr'>ἐπεπόμφει</span> <span class='ocrx_word' id='word_1_440' title='bbox 273 1830 346 1864; x_wconf 79' lang='lat'><strong>(55)</strong></span> <span class='ocrx_word' id='word_1_441' title='bbox 362 1850 369 1861; x_wconf 96' lang='lat'><strong>,</strong></span> <span class='ocrx_word' id='word_1_442' title='bbox 397 1832 465 1858; x_wconf 73' lang='grc' dir='ltr'>πολὺ</span> <span class='ocrx_word' id='word_1_443' title='bbox 487 1831 602 1867; x_wconf 81' lang='grc' dir='ltr'>ἀγείρας</span> <span class='ocrx_word' id='word_1_444' title='bbox 634 1831 735 1867; x_wconf 80' lang='grc' dir='ltr'>πλῆθος</span> <span class='ocrx_word' id='word_1_445' title='bbox 755 1832 881 1866; x_wconf 86' lang='grc' dir='ltr'>στρατοῦ.</span> 
     </span>
    </p>
   </div>
   <div class='ocr_carea' id='block_1_65' title="bbox 98 1874 882 1914">
    <p class='ocr_par' dir='ltr' id='par_1_65' title="bbox 98 1874 882 1914">
     <span class='ocr_line' id='line_1_65' title="bbox 98 1874 882 1914; baseline 0.005 -14"><span class='ocrx_word' id='word_1_446' title='bbox 98 1874 147 1905; x_wconf 87' lang='grc' dir='ltr'>Ὃς</span> <span class='ocrx_word' id='word_1_447' title='bbox 161 1874 207 1900; x_wconf 79' lang='grc' dir='ltr'>καὶ</span> <span class='ocrx_word' id='word_1_448' title='bbox 217 1875 317 1910; x_wconf 78' lang='grc' dir='ltr'>μικροῦ</span> <span class='ocrx_word' id='word_1_449' title='bbox 331 1876 413 1908; x_wconf 73' lang='grc' dir='ltr'>ἑάλω,</span> <span class='ocrx_word' id='word_1_450' title='bbox 425 1877 481 1903; x_wconf 84' lang='grc' dir='ltr'>τῶν</span> <span class='ocrx_word' id='word_1_451' title='bbox 492 1878 667 1912; x_wconf 74' lang='grc' dir='ltr'>στρατιωτῶν</span> <span class='ocrx_word' id='word_1_452' title='bbox 679 1878 746 1913; x_wconf 76' lang='grc' dir='ltr'>μηδὲ</span> <span class='ocrx_word' id='word_1_453' title='bbox 754 1878 803 1914; x_wconf 80' lang='grc' dir='ltr'>τὴν</span> <span class='ocrx_word' id='word_1_454' title='bbox 817 1878 882 1904; x_wconf 81' lang='grc' dir='ltr'><strong>Θέαν</strong></span> 
     </span>
    </p>
   </div>
   <div class='ocr_carea' id='block_1_66' title="bbox 93 1919 883 1958">
    <p class='ocr_par' dir='ltr' id='par_1_66' title="bbox 93 1919 883 1958">
     <span class='ocr_line' id='line_1_66' title="bbox 93 1919 883 1958; baseline 0.006 -13"><span class='ocrx_word' id='word_1_455' title='bbox 93 1919 150 1946; x_wconf 72' lang='grc' dir='ltr'><strong>τῶν</strong></span> <span class='ocrx_word' id='word_1_456' title='bbox 172 1919 322 1956; x_wconf 74' lang='grc' dir='ltr'>Βαρϐάρων</span> <span class='ocrx_word' id='word_1_457' title='bbox 345 1922 556 1956; x_wconf 82' lang='grc' dir='ltr'>ὑπενεγκάντων</span> <span class='ocrx_word' id='word_1_458' title='bbox 568 1943 576 1956; x_wconf 87' lang='grc'><strong>,</strong></span> <span class='ocrx_word' id='word_1_459' title='bbox 601 1924 625 1950; x_wconf 75' lang='grc' dir='ltr'>ει</span> <span class='ocrx_word' id='word_1_460' title='bbox 642 1924 679 1958; x_wconf 82' lang='grc' dir='ltr'>μὴ</span> <span class='ocrx_word' id='word_1_461' title='bbox 696 1923 756 1950; x_wconf 80' lang='grc' dir='ltr'><strong>θεία</strong></span> <span class='ocrx_word' id='word_1_462' title='bbox 771 1925 883 1958; x_wconf 74' lang='grc' dir='ltr'>πρόνοια</span> 
     </span>
    </p>
   </div>
   <div class='ocr_carea' id='block_1_67' title="bbox 95 1966 883 2006">
    <p class='ocr_par' dir='ltr' id='par_1_67' title="bbox 95 1966 883 2006">
     <span class='ocr_line' id='line_1_67' title="bbox 95 1966 883 2006; baseline 0.008 -14"><span class='ocrx_word' id='word_1_463' title='bbox 95 1966 256 2001; x_wconf 81' lang='grc' dir='ltr'>παραδόξως</span> <span class='ocrx_word' id='word_1_464' title='bbox 268 1967 362 1994; x_wconf 82' lang='grc' dir='ltr'>τοῦτον</span> <span class='ocrx_word' id='word_1_465' title='bbox 378 1968 500 2000; x_wconf 68' lang='grc' dir='ltr'>διέσωσε,</span> <span class='ocrx_word' id='word_1_466' title='bbox 515 1970 562 1996; x_wconf 79' lang='grc' dir='ltr'><strong>καὶ</strong></span> <span class='ocrx_word' id='word_1_467' title='bbox 575 1970 604 2002; x_wconf 74' lang='grc' dir='ltr'>ἐς</span> <span class='ocrx_word' id='word_1_468' title='bbox 617 1970 667 2005; x_wconf 81' lang='grc' dir='ltr'>τὴν</span> <span class='ocrx_word' id='word_1_469' title='bbox 680 1970 824 2005; x_wconf 79' lang='grc' dir='ltr'>Ῥωμαίων</span> <span class='ocrx_word' id='word_1_470' title='bbox 836 1970 883 2006; x_wconf 71' lang='grc' dir='ltr'><strong>βα-</strong></span> 
     </span>
    </p>
   </div>
   <div class='ocr_carea' id='block_1_68' title="bbox 96 2013 882 2050">
    <p class='ocr_par' dir='ltr' id='par_1_68' title="bbox 96 2013 882 2050">
     <span class='ocr_line' id='line_1_68' title="bbox 96 2013 882 2050; baseline 0.006 -10"><span class='ocrx_word' id='word_1_471' title='bbox 96 2013 199 2041; x_wconf 72' lang='grc' dir='ltr'>σιλειαν</span> <span class='ocrx_word' id='word_1_472' title='bbox 212 2015 340 2049; x_wconf 71' lang='grc' dir='ltr'><strong>ἐφύλαξε,</strong></span> <span class='ocrx_word' id='word_1_473' title='bbox 358 2016 570 2044; x_wconf 81' lang='grc' dir='ltr'>κινδυνεύσασαν</span> <span class='ocrx_word' id='word_1_474' title='bbox 592 2019 648 2050; x_wconf 80' lang='grc' dir='ltr'>τοῖς</span> <span class='ocrx_word' id='word_1_475' title='bbox 662 2018 807 2045; x_wconf 83' lang='grc' dir='ltr'>Ὶουστίνου</span> <span class='ocrx_word' id='word_1_476' title='bbox 830 2027 882 2045; x_wconf 85' lang='grc' dir='ltr'>πα-</span> 
     </span>
    </p>
   </div>
   <div class='ocr_carea' id='block_1_69' title="bbox 95 2059 882 2099">
    <p class='ocr_par' dir='ltr' id='par_1_69' title="bbox 95 2059 882 2099">
     <span class='ocr_line' id='line_1_69' title="bbox 95 2059 882 2099; baseline 0.006 -14"><span class='ocrx_word' id='word_1_477' title='bbox 95 2059 223 2095; x_wconf 74' lang='grc' dir='ltr'>ραλόγοις</span> <span class='ocrx_word' id='word_1_478' title='bbox 233 2061 415 2097; x_wconf 69' lang='grc' dir='ltr'>ἐγχειρήμασι</span> <span class='ocrx_word' id='word_1_479' title='bbox 427 2083 434 2095; x_wconf 91' lang='grc'><em>,</em></span> <span class='ocrx_word' id='word_1_480' title='bbox 457 2063 506 2089; x_wconf 82' lang='grc' dir='ltr'>σὺν</span> <span class='ocrx_word' id='word_1_481' title='bbox 521 2064 568 2090; x_wconf 78' lang='grc' dir='ltr'><strong>καὶ</strong></span> <span class='ocrx_word' id='word_1_482' title='bbox 581 2062 620 2098; x_wconf 84' lang='grc' dir='ltr'>τῷ</span> <span class='ocrx_word' id='word_1_483' title='bbox 638 2063 690 2099; x_wconf 78' lang='grc' dir='ltr'>ὅλῳ</span> <span class='ocrx_word' id='word_1_484' title='bbox 705 2063 882 2098; x_wconf 79' lang='grc' dir='ltr'>πολιτεύματι</span> 
     </span>
    </p>
   </div>
   <div class='ocr_carea' id='block_1_70' title="bbox 94 2105 882 2145">
    <p class='ocr_par' dir='ltr' id='par_1_70' title="bbox 94 2105 882 2145">
     <span class='ocr_line' id='line_1_70' title="bbox 94 2105 882 2145; baseline 0.008 -14"><span class='ocrx_word' id='word_1_485' title='bbox 94 2105 257 2141; x_wconf 74' lang='grc' dir='ltr'>διαρρυῆναι</span> <span class='ocrx_word' id='word_1_486' title='bbox 272 2126 280 2140; x_wconf 83' lang='grc'><em>,</em></span> <span class='ocrx_word' id='word_1_487' title='bbox 297 2107 345 2134; x_wconf 77' lang='grc' dir='ltr'>καὶ</span> <span class='ocrx_word' id='word_1_488' title='bbox 369 2107 523 2144; x_wconf 78' lang='grc' dir='ltr'>Βαρϐάροις</span> <span class='ocrx_word' id='word_1_489' title='bbox 539 2109 590 2144; x_wconf 79' lang='grc' dir='ltr'>τῆς</span> <span class='ocrx_word' id='word_1_490' title='bbox 605 2109 734 2145; x_wconf 78' lang='grc' dir='ltr'>τοιαύτης</span> <span class='ocrx_word' id='word_1_491' title='bbox 752 2109 774 2125; x_wconf 68' lang='grc'><strong>²⁴</strong></span> <span class='ocrx_word' id='word_1_492' title='bbox 794 2109 882 2145; x_wconf 78' lang='grc' dir='ltr'>ἀρχῆς</span> 
     </span>
    </p>
   </div>
   <div class='ocr_carea' id='block_1_71' title="bbox 94 2149 234 2184">
    <p class='ocr_par' dir='ltr' id='par_1_71' title="bbox 94 2149 234 2184">
     <span class='ocr_line' id='line_1_71' title="bbox 94 2149 234 2184; baseline 0.021 -8"><span class='ocrx_word' id='word_1_493' title='bbox 94 2149 234 2184; x_wconf 69' lang='grc' dir='ltr'>ἰκστῆναι.</span> 
     </span>
    </p>
   </div>
   <div class='ocr_carea' id='block_1_72' title="bbox 131 2365 404 2404">
    <p class='ocr_par' dir='ltr' id='par_1_72' title="bbox 131 2365 404 2404">
     <span class='ocr_line' id='line_1_72' title="bbox 131 2365 404 2404; baseline 0.004 -10"><span class='ocrx_word' id='word_1_494' title='bbox 131 2366 155 2384; x_wconf 78' lang='grc'><strong>³⁸</strong></span> <span class='ocrx_word' id='word_1_495' title='bbox 171 2365 202 2394; x_wconf 79' lang='grc' dir='ltr'>ο.</span> <span class='ocrx_word' id='word_1_496' title='bbox 214 2366 247 2394; x_wconf 87' lang='lat' dir='ltr'><strong>C.</strong></span> <span class='ocrx_word' id='word_1_497' title='bbox 256 2366 404 2404; x_wconf 78' lang='grc' dir='ltr'>τοσαύτης.</span> 
     </span>
    </p>
   </div>
   <div class='ocr_carea' id='block_1_73' title="bbox 934 1550 1723 1588">
    <p class='ocr_par' dir='ltr' id='par_1_73' title="bbox 934 1550 1723 1588">
     <span class='ocr_line' id='line_1_73' title="bbox 934 1550 1723 1588; baseline -0.005 -7"><span class='ocrx_word' id='word_1_498' title='bbox 934 1558 1074 1588; x_wconf 86' lang='lat' dir='ltr'><strong>reputans,</strong></span> <span class='ocrx_word' id='word_1_499' title='bbox 1103 1560 1154 1579; x_wconf 89' lang='lat' dir='ltr'><strong>nec</strong></span> <span class='ocrx_word' id='word_1_500' title='bbox 1172 1552 1334 1579; x_wconf 87' lang='lat' dir='ltr'><strong>humanitus</strong></span> <span class='ocrx_word' id='word_1_501' title='bbox 1351 1558 1444 1579; x_wconf 87' lang='lat' dir='ltr'><strong>casum</strong></span> <span class='ocrx_word' id='word_1_502' title='bbox 1460 1551 1537 1578; x_wconf 92' lang='lat' dir='ltr'><strong>illum</strong></span> <span class='ocrx_word' id='word_1_503' title='bbox 1564 1550 1656 1578; x_wconf 83' lang='lat' dir='ltr'><strong>ferens</strong></span> <span class='ocrx_word' id='word_1_504' title='bbox 1667 1571 1674 1580; x_wconf 84' lang='lat'><strong><em>.</em></strong></span> <span class='ocrx_word' id='word_1_505' title='bbox 1690 1557 1723 1577; x_wconf 81' lang='lat' dir='ltr'><strong>ex</strong></span> 
     </span>
    </p>
   </div>
   <div class='ocr_carea' id='block_1_74' title="bbox 934 1596 1723 1632">
    <p class='ocr_par' dir='ltr' id='par_1_74' title="bbox 934 1596 1723 1632">
     <span class='ocr_line' id='line_1_74' title="bbox 934 1596 1723 1632; baseline -0.005 -5"><span class='ocrx_word' id='word_1_506' title='bbox 934 1604 1010 1628; x_wconf 84' lang='lat' dir='ltr'><strong>tanto</strong></span> <span class='ocrx_word' id='word_1_507' title='bbox 1022 1599 1092 1626; x_wconf 82' lang='lat' dir='ltr'><strong>fastu</strong></span> <span class='ocrx_word' id='word_1_508' title='bbox 1109 1607 1140 1626; x_wconf 91' lang='lat' dir='ltr'><strong>ac</strong></span> <span class='ocrx_word' id='word_1_509' title='bbox 1165 1604 1274 1626; x_wconf 91' lang='lat' dir='ltr'><strong>tumore</strong></span> <span class='ocrx_word' id='word_1_510' title='bbox 1299 1597 1325 1624; x_wconf 95' lang='lat' dir='ltr'><strong>in</strong></span> <span class='ocrx_word' id='word_1_511' title='bbox 1345 1597 1533 1632; x_wconf 89' lang='lat' dir='ltr'><strong>phrenitidem</strong></span> <span class='ocrx_word' id='word_1_512' title='bbox 1560 1604 1592 1624; x_wconf 88' lang='lat' dir='ltr'><strong>ac</strong></span> <span class='ocrx_word' id='word_1_513' title='bbox 1608 1596 1723 1623; x_wconf 86' lang='lat' dir='ltr'><strong>demen-</strong></span> 
     </span>
    </p>
   </div>
   <div class='ocr_carea' id='block_1_75' title="bbox 932 1642 1722 1677">
    <p class='ocr_par' dir='ltr' id='par_1_75' title="bbox 932 1642 1722 1677">
     <span class='ocr_line' id='line_1_75' title="bbox 932 1642 1722 1677; baseline -0.004 -6"><span class='ocrx_word' id='word_1_514' title='bbox 932 1645 998 1672; x_wconf 82' lang='lat' dir='ltr'><strong>tiam</strong></span> <span class='ocrx_word' id='word_1_515' title='bbox 1012 1644 1119 1676; x_wconf 86' lang='lat' dir='ltr'><strong>incidit,</strong></span> <span class='ocrx_word' id='word_1_516' title='bbox 1136 1643 1206 1671; x_wconf 89' lang='lat' dir='ltr'><strong>adeo</strong></span> <span class='ocrx_word' id='word_1_517' title='bbox 1223 1647 1253 1670; x_wconf 91' lang='lat' dir='ltr'><strong>ut</strong></span> <span class='ocrx_word' id='word_1_518' title='bbox 1265 1643 1333 1670; x_wconf 90' lang='lat' dir='ltr'><strong>nihil</strong></span> <span class='ocrx_word' id='word_1_519' title='bbox 1356 1650 1453 1670; x_wconf 87' lang='lat' dir='ltr'><strong>eorum</strong></span> <span class='ocrx_word' id='word_1_520' title='bbox 1467 1650 1527 1677; x_wconf 69' lang='lat' dir='ltr'><strong>quae</strong></span> <span class='ocrx_word' id='word_1_521' title='bbox 1545 1642 1722 1677; x_wconf 77' lang='lat' dir='ltr'><strong>gerebantur.</strong></span> 
     </span>
    </p>
   </div>
   <div class='ocr_carea' id='block_1_76' title="bbox 933 1687 1721 1725">
    <p class='ocr_par' dir='ltr' id='par_1_76' title="bbox 933 1687 1721 1725">
     <span class='ocr_line' id='line_1_76' title="bbox 933 1687 1721 1725; baseline -0.004 -8"><span class='ocrx_word' id='word_1_522' title='bbox 933 1690 1064 1724; x_wconf 81' lang='lat' dir='ltr'><strong>deinceps</strong></span> <span class='ocrx_word' id='word_1_523' title='bbox 1084 1689 1261 1725; x_wconf 81' lang='lat' dir='ltr'><strong>intelligeret.</strong></span> <span class='ocrx_word' id='word_1_524' title='bbox 1288 1688 1393 1716; x_wconf 74' lang='lat' dir='ltr'><strong>Exinde</strong></span> <span class='ocrx_word' id='word_1_525' title='bbox 1417 1688 1501 1723; x_wconf 78' lang='lat' dir='ltr'><strong>igitur</strong></span> <span class='ocrx_word' id='word_1_526' title='bbox 1524 1687 1721 1722; x_wconf 83' lang='lat' dir='ltr'><strong>rempublicam</strong></span> 
     </span>
    </p>
   </div>
   <div class='ocr_carea' id='block_1_77' title="bbox 934 1732 1722 1767">
    <p class='ocr_par' dir='ltr' id='par_1_77' title="bbox 934 1732 1722 1767">
     <span class='ocr_line' id='line_1_77' title="bbox 934 1732 1722 1767; baseline -0.005 -4"><span class='ocrx_word' id='word_1_527' title='bbox 934 1736 1006 1763; x_wconf 75' lang='lat' dir='ltr'><strong>rexit</strong></span> <span class='ocrx_word' id='word_1_528' title='bbox 1022 1735 1161 1766; x_wconf 83' lang='lat' dir='ltr'><strong>Tiberius,</strong></span> <span class='ocrx_word' id='word_1_529' title='bbox 1177 1733 1314 1762; x_wconf 87' lang='lat' dir='ltr'><strong>oriundus</strong></span> <span class='ocrx_word' id='word_1_530' title='bbox 1327 1742 1360 1760; x_wconf 76' lang='lat' dir='ltr'><strong>ex</strong></span> <span class='ocrx_word' id='word_1_531' title='bbox 1375 1733 1504 1764; x_wconf 87' lang='lat' dir='ltr'><strong>Thracia,</strong></span> <span class='ocrx_word' id='word_1_532' title='bbox 1516 1734 1562 1767; x_wconf 82' lang='lat' dir='ltr'><strong>qui</strong></span> <span class='ocrx_word' id='word_1_533' title='bbox 1574 1732 1645 1767; x_wconf 87' lang='lat' dir='ltr'><strong>apud</strong></span> <span class='ocrx_word' id='word_1_534' title='bbox 1659 1732 1722 1760; x_wconf 83' lang='lat' dir='ltr'><strong>Jus-</strong></span> 
     </span>
    </p>
   </div>
   <div class='ocr_carea' id='block_1_78' title="bbox 932 1779 1722 1815">
    <p class='ocr_par' dir='ltr' id='par_1_78' title="bbox 932 1779 1722 1815">
     <span class='ocr_line' id='line_1_78' title="bbox 932 1779 1722 1815; baseline -0.005 -6"><span class='ocrx_word' id='word_1_535' title='bbox 932 1783 1021 1810; x_wconf 85' lang='lat' dir='ltr'><strong>tinum</strong></span> <span class='ocrx_word' id='word_1_536' title='bbox 1060 1781 1224 1808; x_wconf 84' lang='lat' dir='ltr'><strong>auctoritate</strong></span> <span class='ocrx_word' id='word_1_537' title='bbox 1255 1785 1282 1808; x_wconf 88' lang='lat' dir='ltr'><strong>et</strong></span> <span class='ocrx_word' id='word_1_538' title='bbox 1311 1780 1399 1815; x_wconf 74' lang='lat' dir='ltr'><strong>gratia</strong></span> <span class='ocrx_word' id='word_1_539' title='bbox 1431 1779 1580 1814; x_wconf 82' lang='lat' dir='ltr'><strong>plurimum</strong></span> <span class='ocrx_word' id='word_1_540' title='bbox 1603 1783 1722 1814; x_wconf 84' lang='lat' dir='ltr'><strong>poterat.</strong></span> 
     </span>
    </p>
   </div>
   <div class='ocr_carea' id='block_1_79' title="bbox 932 1825 1722 1861">
    <p class='ocr_par' dir='ltr' id='par_1_79' title="bbox 932 1825 1722 1861">
     <span class='ocr_line' id='line_1_79' title="bbox 932 1825 1722 1861; baseline -0.005 -7"><span class='ocrx_word' id='word_1_541' title='bbox 932 1827 1012 1854; x_wconf 85' lang='lat' dir='ltr'><strong>Hunc</strong></span> <span class='ocrx_word' id='word_1_542' title='bbox 1026 1827 1153 1855; x_wconf 76' lang='lat' dir='ltr'><strong>Justinus</strong></span> <span class='ocrx_word' id='word_1_543' title='bbox 1168 1827 1251 1861; x_wconf 85' lang='lat' dir='ltr'><strong>paulo</strong></span> <span class='ocrx_word' id='word_1_544' title='bbox 1263 1832 1343 1854; x_wconf 87' lang='lat' dir='ltr'><strong>antea</strong></span> <span class='ocrx_word' id='word_1_545' title='bbox 1357 1826 1474 1852; x_wconf 80' lang='lat' dir='ltr'><strong>collecto</strong></span> <span class='ocrx_word' id='word_1_546' title='bbox 1486 1825 1589 1860; x_wconf 75' lang='lat' dir='ltr'><strong>ingenti</strong></span> <span class='ocrx_word' id='word_1_547' title='bbox 1600 1825 1722 1852; x_wconf 80' lang='lat' dir='ltr'><strong>exercitu</strong></span> 
     </span>
    </p>
   </div>
   <div class='ocr_carea' id='block_1_80' title="bbox 932 1870 1722 1906">
    <p class='ocr_par' dir='ltr' id='par_1_80' title="bbox 932 1870 1722 1906">
     <span class='ocr_line' id='line_1_80' title="bbox 932 1870 1722 1906; baseline -0.004 -7"><span class='ocrx_word' id='word_1_548' title='bbox 932 1873 1064 1900; x_wconf 79' lang='lat' dir='ltr'><strong>advchtis</strong></span> <span class='ocrx_word' id='word_1_549' title='bbox 1077 1872 1181 1900; x_wconf 80' lang='lat' dir='ltr'><strong>Abaros</strong></span> <span class='ocrx_word' id='word_1_550' title='bbox 1192 1872 1316 1899; x_wconf 86' lang='lat' dir='ltr'><strong>miserat.</strong></span> <span class='ocrx_word' id='word_1_551' title='bbox 1329 1871 1411 1906; x_wconf 65' lang='lat'><strong>438</strong></span> <span class='ocrx_word' id='word_1_552' title='bbox 1423 1871 1476 1898; x_wconf 87' lang='lat' dir='ltr'><strong>Sed</strong></span> <span class='ocrx_word' id='word_1_553' title='bbox 1493 1878 1554 1898; x_wconf 92' lang='lat' dir='ltr'><strong>cum</strong></span> <span class='ocrx_word' id='word_1_554' title='bbox 1567 1870 1670 1897; x_wconf 89' lang='lat' dir='ltr'><strong>milites</strong></span> <span class='ocrx_word' id='word_1_555' title='bbox 1690 1877 1722 1896; x_wconf 91' lang='lat' dir='ltr'><strong>ne</strong></span> 
     </span>
    </p>
   </div>
   <div class='ocr_carea' id='block_1_81' title="bbox 932 1916 1720 1954">
    <p class='ocr_par' dir='ltr' id='par_1_81' title="bbox 932 1916 1720 1954">
     <span class='ocr_line' id='line_1_81' title="bbox 932 1916 1720 1954; baseline -0.006 -8"><span class='ocrx_word' id='word_1_556' title='bbox 932 1923 1074 1954; x_wconf 86' lang='lat' dir='ltr'><strong>aspectum</strong></span> <span class='ocrx_word' id='word_1_557' title='bbox 1087 1917 1197 1953; x_wconf 89' lang='lat' dir='ltr'><strong>quidem</strong></span> <span class='ocrx_word' id='word_1_558' title='bbox 1213 1917 1396 1944; x_wconf 86' lang='lat' dir='ltr'><strong>Barbarornm</strong></span> <span class='ocrx_word' id='word_1_559' title='bbox 1410 1917 1548 1944; x_wconf 86' lang='lat' dir='ltr'><strong>sustinere</strong></span> <span class='ocrx_word' id='word_1_560' title='bbox 1559 1916 1720 1946; x_wconf 83' lang='lat' dir='ltr'><strong>valuissent.</strong></span> 
     </span>
    </p>
   </div>
   <div class='ocr_carea' id='block_1_82' title="bbox 933 1960 1722 1998">
    <p class='ocr_par' dir='ltr' id='par_1_82' title="bbox 933 1960 1722 1998">
     <span class='ocr_line' id='line_1_82' title="bbox 933 1960 1722 1998; baseline -0.006 -7"><span class='ocrx_word' id='word_1_561' title='bbox 933 1964 1061 1991; x_wconf 89' lang='lat' dir='ltr'><strong>Tiberius</strong></span> <span class='ocrx_word' id='word_1_562' title='bbox 1073 1971 1144 1998; x_wconf 88' lang='lat' dir='ltr'><strong>pene</strong></span> <span class='ocrx_word' id='word_1_563' title='bbox 1159 1963 1193 1990; x_wconf 89' lang='lat' dir='ltr'><strong>ab</strong></span> <span class='ocrx_word' id='word_1_564' title='bbox 1214 1960 1342 1990; x_wconf 83' lang='lat' dir='ltr'><strong>hostibus</strong></span> <span class='ocrx_word' id='word_1_565' title='bbox 1359 1966 1458 1996; x_wconf 79' lang='lat' dir='ltr'><strong>captus</strong></span> <span class='ocrx_word' id='word_1_566' title='bbox 1474 1965 1517 1989; x_wconf 86' lang='lat' dir='ltr'><strong>est</strong></span> <span class='ocrx_word' id='word_1_567' title='bbox 1535 1970 1541 1987; x_wconf 90' lang='lat'><strong>:</strong></span> <span class='ocrx_word' id='word_1_568' title='bbox 1560 1960 1611 1987; x_wconf 89' lang='lat' dir='ltr'><strong>nisi</strong></span> <span class='ocrx_word' id='word_1_569' title='bbox 1629 1960 1722 1987; x_wconf 73' lang='lat' dir='ltr'><strong>divina</strong></span> 
     </span>
    </p>
   </div>
   <div class='ocr_carea' id='block_1_83' title="bbox 932 2005 1722 2044">
    <p class='ocr_par' dir='ltr' id='par_1_83' title="bbox 932 2005 1722 2044">
     <span class='ocr_line' id='line_1_83' title="bbox 932 2005 1722 2044; baseline -0.006 -8"><span class='ocrx_word' id='word_1_570' title='bbox 932 2009 1107 2044; x_wconf 87' lang='lat' dir='ltr'><strong>providentia</strong></span> <span class='ocrx_word' id='word_1_571' title='bbox 1122 2012 1223 2044; x_wconf 62' lang='lat' dir='ltr'><strong>praeter</strong></span> <span class='ocrx_word' id='word_1_572' title='bbox 1243 2008 1366 2034; x_wconf 90' lang='lat' dir='ltr'><strong>omnium</strong></span> <span class='ocrx_word' id='word_1_573' title='bbox 1382 2007 1541 2041; x_wconf 89' lang='lat' dir='ltr'><strong>opinionem</strong></span> <span class='ocrx_word' id='word_1_574' title='bbox 1564 2013 1627 2032; x_wconf 82' lang='lat' dir='ltr'><strong>eum</strong></span> <span class='ocrx_word' id='word_1_575' title='bbox 1648 2005 1722 2040; x_wconf 86' lang='lat' dir='ltr'><strong>peri-</strong></span> 
     </span>
    </p>
   </div>
   <div class='ocr_carea' id='block_1_84' title="bbox 931 2052 1721 2089">
    <p class='ocr_par' dir='ltr' id='par_1_84' title="bbox 931 2052 1721 2089">
     <span class='ocr_line' id='line_1_84' title="bbox 931 2052 1721 2089; baseline -0.006 -7"><span class='ocrx_word' id='word_1_576' title='bbox 931 2056 994 2082; x_wconf 89' lang='lat' dir='ltr'><strong>culo</strong></span> <span class='ocrx_word' id='word_1_577' title='bbox 1008 2055 1168 2089; x_wconf 86' lang='lat' dir='ltr'><strong>eripuisset,</strong></span> <span class='ocrx_word' id='word_1_578' title='bbox 1189 2058 1217 2082; x_wconf 89' lang='lat' dir='ltr'><strong>et</strong></span> <span class='ocrx_word' id='word_1_579' title='bbox 1245 2054 1369 2081; x_wconf 74' lang='lat' dir='ltr'><strong>Romano</strong></span> <span class='ocrx_word' id='word_1_580' title='bbox 1390 2052 1506 2086; x_wconf 88' lang='lat' dir='ltr'><strong>imperio</strong></span> <span class='ocrx_word' id='word_1_581' title='bbox 1536 2054 1721 2082; x_wconf 82' lang='lat' dir='ltr'><strong>reservasset;</strong></span> 
     </span>
    </p>
   </div>
   <div class='ocr_carea' id='block_1_85' title="bbox 932 2095 1723 2135">
    <p class='ocr_par' dir='ltr' id='par_1_85' title="bbox 932 2095 1723 2135">
     <span class='ocr_line' id='line_1_85' title="bbox 932 2095 1723 2135; baseline -0.006 -8"><span class='ocrx_word' id='word_1_582' title='bbox 932 2100 1005 2135; x_wconf 85' lang='lat' dir='ltr'><strong>quod</strong></span> <span class='ocrx_word' id='word_1_583' title='bbox 1027 2099 1179 2127; x_wconf 87' lang='lat' dir='ltr'><strong>temerariis</strong></span> <span class='ocrx_word' id='word_1_584' title='bbox 1197 2099 1300 2126; x_wconf 88' lang='lat' dir='ltr'><strong>Justini</strong></span> <span class='ocrx_word' id='word_1_585' title='bbox 1319 2097 1443 2126; x_wconf 83' lang='lat' dir='ltr'><strong>consiliis</strong></span> <span class='ocrx_word' id='word_1_586' title='bbox 1465 2097 1492 2124; x_wconf 82' lang='lat' dir='ltr'><strong>in</strong></span> <span class='ocrx_word' id='word_1_587' title='bbox 1513 2095 1648 2132; x_wconf 85' lang='lat' dir='ltr'><strong>ejusmodi</strong></span> <span class='ocrx_word' id='word_1_588' title='bbox 1666 2096 1723 2122; x_wconf 89' lang='lat' dir='ltr'><strong>dis-</strong></span> 
     </span>
    </p>
   </div>
   <div class='ocr_carea' id='block_1_86' title="bbox 933 2142 1722 2176">
    <p class='ocr_par' dir='ltr' id='par_1_86' title="bbox 933 2142 1722 2176">
     <span class='ocr_line' id='line_1_86' title="bbox 933 2142 1722 2176; baseline -0.006 -3"><span class='ocrx_word' id='word_1_589' title='bbox 933 2146 1040 2173; x_wconf 88' lang='lat' dir='ltr'><strong>crimen</strong></span> <span class='ocrx_word' id='word_1_590' title='bbox 1063 2145 1213 2172; x_wconf 88' lang='lat' dir='ltr'><strong>adductum</strong></span> <span class='ocrx_word' id='word_1_591' title='bbox 1227 2144 1329 2176; x_wconf 75' lang='lat' dir='ltr'><strong>fuerat,</strong></span> <span class='ocrx_word' id='word_1_592' title='bbox 1344 2149 1374 2171; x_wconf 86' lang='lat' dir='ltr'><strong>ut</strong></span> <span class='ocrx_word' id='word_1_593' title='bbox 1394 2142 1574 2170; x_wconf 84' lang='lat' dir='ltr'><strong>metuendum</strong></span> <span class='ocrx_word' id='word_1_594' title='bbox 1589 2147 1662 2169; x_wconf 85' lang='lat' dir='ltr'><strong>esset</strong></span> <span class='ocrx_word' id='word_1_595' title='bbox 1689 2149 1722 2168; x_wconf 85' lang='lat' dir='ltr'><strong>ne</strong></span> 
     </span>
    </p>
   </div>
   <div class='ocr_carea' id='block_1_87' title="bbox 935 2187 1722 2225">
    <p class='ocr_par' dir='ltr' id='par_1_87' title="bbox 935 2187 1722 2225">
     <span class='ocr_line' id='line_1_87' title="bbox 935 2187 1722 2225; baseline -0.005 -7"><span class='ocrx_word' id='word_1_596' title='bbox 935 2199 996 2219; x_wconf 87' lang='lat' dir='ltr'><strong>cum</strong></span> <span class='ocrx_word' id='word_1_597' title='bbox 1019 2191 1146 2218; x_wconf 81' lang='lat' dir='ltr'><strong>universa</strong></span> <span class='ocrx_word' id='word_1_598' title='bbox 1168 2190 1311 2225; x_wconf 82' lang='lat' dir='ltr'><strong>republica</strong></span> <span class='ocrx_word' id='word_1_599' title='bbox 1335 2189 1464 2217; x_wconf 80' lang='lat' dir='ltr'><strong>funditus</strong></span> <span class='ocrx_word' id='word_1_600' title='bbox 1488 2188 1623 2218; x_wconf 81' lang='lat' dir='ltr'><strong>interiret,</strong></span> <span class='ocrx_word' id='word_1_601' title='bbox 1643 2192 1671 2215; x_wconf 88' lang='lat' dir='ltr'><strong>et</strong></span> <span class='ocrx_word' id='word_1_602' title='bbox 1695 2187 1722 2214; x_wconf 93' lang='lat' dir='ltr'><strong>in</strong></span> 
     </span>
    </p>
   </div>
   <div class='ocr_carea' id='block_1_88' title="bbox 935 2232 1740 2270">
    <p class='ocr_par' dir='ltr' id='par_1_88' title="bbox 935 2232 1740 2270">
     <span class='ocr_line' id='line_1_88' title="bbox 935 2232 1740 2270; baseline -0.004 -7"><span class='ocrx_word' id='word_1_603' title='bbox 935 2237 1118 2264; x_wconf 83' lang='lat' dir='ltr'><strong>Barbarorum</strong></span> <span class='ocrx_word' id='word_1_604' title='bbox 1132 2236 1266 2264; x_wconf 84' lang='lat' dir='ltr'><strong>ditionem</strong></span> <span class='ocrx_word' id='word_1_605' title='bbox 1284 2243 1316 2263; x_wconf 86' lang='lat' dir='ltr'><strong>ac</strong></span> <span class='ocrx_word' id='word_1_606' title='bbox 1335 2239 1497 2270; x_wconf 81' lang='lat' dir='ltr'><strong>potestatem</strong></span> <span class='ocrx_word' id='word_1_607' title='bbox 1513 2233 1685 2262; x_wconf 88' lang='lat' dir='ltr'><strong>concederet.</strong></span> <span class='ocrx_word' id='word_1_608' title='bbox 1734 2232 1740 2270; x_wconf 67' lang='grc' dir='ltr'>ξ</span> 
     </span>
    </p>
   </div>
   <div class='ocr_carea' id='block_1_89' title="bbox 744 2312 1085 2340">
    <p class='ocr_par' dir='ltr' id='par_1_89' title="bbox 744 2312 1085 2340">
     <span class='ocr_line' id='line_1_89' title="bbox 744 2312 1085 2340; baseline 0.003 -1"><span class='ocrx_word' id='word_1_609' title='bbox 744 2313 786 2339; x_wconf 81' lang='lat' dir='ltr'><strong>VA</strong></span> <span class='ocrx_word' id='word_1_610' title='bbox 793 2312 861 2339; x_wconf 70' lang='lat' dir='ltr'><strong>RIA‘I</strong></span> <span class='ocrx_word' id='word_1_611' title='bbox 884 2312 1029 2340; x_wconf 79' lang='lat' dir='ltr'><strong>LECTION</strong></span> <span class='ocrx_word' id='word_1_612' title='bbox 1035 2313 1085 2340; x_wconf 83' lang='lat' dir='ltr'><strong>ES.</strong></span> 
     </span>
    </p>
   </div>
   <div class='ocr_carea' id='block_1_90' title="bbox 697 2424 1125 2453">
    <p class='ocr_par' dir='ltr' id='par_1_90' title="bbox 697 2424 1125 2453">
     <span class='ocr_line' id='line_1_90' title="bbox 697 2424 1125 2453; baseline 0.005 -2"><span class='ocrx_word' id='word_1_613' title='bbox 697 2424 831 2452; x_wconf 76' lang='lat' dir='ltr'><strong>\‘ALESll</strong></span> <span class='ocrx_word' id='word_1_614' title='bbox 848 2424 1125 2453; x_wconf 73' lang='lat' dir='ltr'><strong>ANNOTATIONES.</strong></span> 
     </span>
    </p>
   </div>
   <div class='ocr_carea' id='block_1_91' title="bbox 133 2478 879 2516">
    <p class='ocr_par' dir='ltr' id='par_1_91' title="bbox 133 2478 879 2516">
     <span class='ocr_line' id='line_1_91' title="bbox 133 2478 879 2516; baseline 0.001 -10"><span class='ocrx_word' id='word_1_615' title='bbox 133 2479 191 2515; x_wconf 74' lang='grc' dir='ltr'>(δι)</span> <span class='ocrx_word' id='word_1_616' title='bbox 206 2478 248 2516; x_wconf 37' lang='grc' dir='ltr'><strong>’τὸ</strong></span> <span class='ocrx_word' id='word_1_617' title='bbox 261 2478 423 2516; x_wconf 56' lang='grc' dir='ltr'><strong>ςυνεχβένί</strong></span> <span class='ocrx_word' id='word_1_618' title='bbox 446 2479 633 2516; x_wconf 59' lang='lat' dir='ltr'><strong>_$cril3endurn</strong></span> <span class='ocrx_word' id='word_1_619' title='bbox 652 2484 696 2507; x_wconf 89' lang='lat' dir='ltr'><strong>est</strong></span> <span class='ocrx_word' id='word_1_620' title='bbox 711 2481 879 2516; x_wconf 77' lang='grc' dir='ltr'>συνενεχθέν,</span> 
     </span>
    </p>
   </div>
   <div class='ocr_carea' id='block_1_92' title="bbox 95 2513 881 2555">
    <p class='ocr_par' dir='ltr' id='par_1_92' title="bbox 95 2513 881 2555">
     <span class='ocr_line' id='line_1_92' title="bbox 95 2513 881 2555; baseline 0.003 -13"><span class='ocrx_word' id='word_1_621' title='bbox 95 2513 329 2555; x_wconf 76' lang='lat' dir='ltr'><strong>quemadmodum</strong></span> <span class='ocrx_word' id='word_1_622' title='bbox 359 2513 387 2540; x_wconf 91' lang='lat' dir='ltr'><strong>in</strong></span> <span class='ocrx_word' id='word_1_623' title='bbox 403 2514 498 2542; x_wconf 89' lang='lat' dir='ltr'><strong>codice</strong></span> <span class='ocrx_word' id='word_1_624' title='bbox 514 2515 670 2542; x_wconf 86' lang='lat' dir='ltr'><strong>Tellcriano</strong></span> <span class='ocrx_word' id='word_1_625' title='bbox 687 2513 821 2551; x_wconf 72' lang='lat' dir='ltr'><strong>scripturn</strong></span> <span class='ocrx_word' id='word_1_626' title='bbox 836 2513 881 2544; x_wconf 50' lang='lat' dir='ltr'><strong>in;</strong></span> 
     </span>
    </p>
   </div>
   <div class='ocr_carea' id='block_1_93' title="bbox 94 2557 882 2621">
    <p class='ocr_par' dir='ltr' id='par_1_93' title="bbox 94 2557 882 2621">
     <span class='ocr_line' id='line_1_93' title="bbox 94 2557 882 2621; baseline 0.004 -11"><span class='ocrx_word' id='word_1_627' title='bbox 94 2557 188 2621; x_wconf 40' lang='grc' dir='ltr'><strong>νεξῗέὲρ</strong></span> <span class='ocrx_word' id='word_1_628' title='bbox 202 2584 252 2621; x_wconf 70' lang='grc' dir='ltr'><strong>Ὃν</strong></span> <span class='ocrx_word' id='word_1_629' title='bbox 264 2584 320 2621; x_wconf 61' lang='lat' dir='ltr'><strong>nat</strong></span> <span class='ocrx_word' id='word_1_630' title='bbox 326 2585 401 2611; x_wconf 79' lang='grc' dir='ltr'>κατὰ</span> <span class='ocrx_word' id='word_1_631' title='bbox 416 2583 474 2610; x_wconf 79' lang='grc' dir='ltr'>τῶν</span> <span class='ocrx_word' id='word_1_632' title='bbox 484 2584 616 2621; x_wconf 40' lang='grc' dir='ltr'>ςᾼσὰρων</span> <span class='ocrx_word' id='word_1_633' title='bbox 628 2584 731 2618; x_wconf 78' lang='grc' dir='ltr'>πρώην</span> <span class='ocrx_word' id='word_1_634' title='bbox 751 2586 882 2621; x_wconf 74' lang='grc' dir='ltr'><strong>ἐπεπόμ-</strong></span> 
     </span>
    </p>
   </div>
   <div class='ocr_carea' id='block_1_94' title="bbox 94 2619 881 2682">
    <p class='ocr_par' dir='ltr' id='par_1_94' title="bbox 94 2619 881 2682">
     <span class='ocr_line' id='line_1_94' title="bbox 94 2619 881 2682; baseline 0.003 -36"><span class='ocrx_word' id='word_1_635' title='bbox 94 2626 155 2682; x_wconf 55' lang='lat' dir='ltr'><strong>get.</strong></span> <span class='ocrx_word' id='word_1_636' title='bbox 172 2619 296 2647; x_wconf 87' lang='lat' dir='ltr'><strong>Justinus</strong></span> <span class='ocrx_word' id='word_1_637' title='bbox 314 2619 466 2654; x_wconf 83' lang='lat' dir='ltr'><strong>imperator</strong></span> <span class='ocrx_word' id='word_1_638' title='bbox 483 2619 627 2646; x_wconf 90' lang='lat' dir='ltr'><strong>Tiberium</strong></span> <span class='ocrx_word' id='word_1_639' title='bbox 650 2620 780 2648; x_wconf 84' lang='lat' dir='ltr'><strong>comitem</strong></span> <span class='ocrx_word' id='word_1_640' title='bbox 796 2619 881 2648; x_wconf 69' lang='lat' dir='ltr'><strong>excu-</strong></span> 
     </span>
     <span class='ocr_line' id='line_1_95' title="bbox 115 2654 880 2682; baseline 0.001 -1"><span class='ocrx_word' id='word_1_641' title='bbox 115 2658 218 2682; x_wconf 78' lang='lat' dir='ltr'><strong>uorum</strong></span> <span class='ocrx_word' id='word_1_642' title='bbox 236 2661 299 2682; x_wconf 89' lang='lat' dir='ltr'><strong>cum</strong></span> <span class='ocrx_word' id='word_1_643' title='bbox 310 2655 432 2682; x_wconf 79' lang='lat' dir='ltr'><strong>exercitu</strong></span> <span class='ocrx_word' id='word_1_644' title='bbox 446 2654 514 2682; x_wconf 80' lang='lat' dir='ltr'><strong>satis</strong></span> <span class='ocrx_word' id='word_1_645' title='bbox 530 2654 633 2682; x_wconf 89' lang='lat' dir='ltr'><strong>valido.</strong></span> <span class='ocrx_word' id='word_1_646' title='bbox 652 2655 783 2682; x_wconf 89' lang='lat' dir='ltr'><strong>adversus</strong></span> <span class='ocrx_word' id='word_1_647' title='bbox 810 2656 880 2682; x_wconf 78' lang='lat' dir='ltr'><strong>Ava-</strong></span> 
     </span>
    </p>
   </div>
   <div class='ocr_carea' id='block_1_95' title="bbox 115 2654 880 2687">
    <p class='ocr_par' dir='ltr' id='par_1_95' title="bbox 115 2654 880 2687">
     <span class='ocr_line' id='line_1_96' title="bbox 115 2654 880 2687; baseline 0.003 -6"><span class='ocrx_word' id='word_1_648' title='bbox 115 2654 218 2684; x_wconf 79' lang='lat' dir='ltr'><strong>itorttm</strong></span> <span class='ocrx_word' id='word_1_649' title='bbox 236 2661 299 2682; x_wconf 89' lang='lat' dir='ltr'><strong>cum</strong></span> <span class='ocrx_word' id='word_1_650' title='bbox 310 2655 432 2683; x_wconf 78' lang='lat' dir='ltr'><strong>exercitu</strong></span> <span class='ocrx_word' id='word_1_651' title='bbox 446 2654 514 2682; x_wconf 86' lang='lat' dir='ltr'><strong>satis</strong></span> <span class='ocrx_word' id='word_1_652' title='bbox 530 2654 633 2687; x_wconf 85' lang='lat' dir='ltr'><strong>valido,</strong></span> <span class='ocrx_word' id='word_1_653' title='bbox 652 2655 783 2683; x_wconf 89' lang='lat' dir='ltr'><strong>adversus</strong></span> <span class='ocrx_word' id='word_1_654' title='bbox 810 2656 880 2683; x_wconf 78' lang='lat' dir='ltr'><strong>Ava-</strong></span> 
     </span>
    </p>
   </div>
   <div class='ocr_carea' id='block_1_96' title="bbox 937 2481 1720 2516">
    <p class='ocr_par' dir='ltr' id='par_1_96' title="bbox 937 2481 1720 2516">
     <span class='ocr_line' id='line_1_97' title="bbox 937 2481 1720 2516; baseline 0 -9"><span class='ocrx_word' id='word_1_655' title='bbox 937 2488 982 2508; x_wconf 88' lang='lat' dir='ltr'><strong>res</strong></span> <span class='ocrx_word' id='word_1_656' title='bbox 999 2481 1084 2512; x_wconf 81' lang='lat' dir='ltr'><strong>misit,</strong></span> <span class='ocrx_word' id='word_1_657' title='bbox 1101 2489 1173 2508; x_wconf 85' lang='lat' dir='ltr'><strong>anno</strong></span> <span class='ocrx_word' id='word_1_658' title='bbox 1189 2482 1297 2516; x_wconf 88' lang='lat' dir='ltr'><strong>imperii</strong></span> <span class='ocrx_word' id='word_1_659' title='bbox 1318 2483 1359 2509; x_wconf 85' lang='lat' dir='ltr'><strong>sui</strong></span> <span class='ocrx_word' id='word_1_660' title='bbox 1376 2490 1460 2513; x_wconf 78' lang='lat' dir='ltr'><strong>nono,</strong></span> <span class='ocrx_word' id='word_1_661' title='bbox 1477 2487 1506 2508; x_wconf 93' lang='lat' dir='ltr'><strong>ut</strong></span> <span class='ocrx_word' id='word_1_662' title='bbox 1524 2482 1619 2508; x_wconf 47' lang='lat' dir='ltr'><strong>scribit</strong></span> <span class='ocrx_word' id='word_1_663' title='bbox 1633 2481 1720 2508; x_wconf 85' lang='lat' dir='ltr'><strong>Theo-</strong></span> 
     </span>
    </p>
   </div>
   <div class='ocr_carea' id='block_1_97' title="bbox 937 2515 1719 2550">
    <p class='ocr_par' dir='ltr' id='par_1_97' title="bbox 937 2515 1719 2550">
     <span class='ocr_line' id='line_1_98' title="bbox 937 2515 1719 2550; baseline 0 -8"><span class='ocrx_word' id='word_1_664' title='bbox 937 2516 1040 2550; x_wconf 85' lang='lat' dir='ltr'><strong>phanes</strong></span> <span class='ocrx_word' id='word_1_665' title='bbox 1057 2517 1082 2543; x_wconf 90' lang='lat' dir='ltr'><strong>in</strong></span> <span class='ocrx_word' id='word_1_666' title='bbox 1098 2515 1364 2545; x_wconf 51' lang='lat' dir='ltr'><strong>ChronicoIJoanncs</strong></span> <span class='ocrx_word' id='word_1_667' title='bbox 1381 2523 1471 2544; x_wconf 84' lang='lat' dir='ltr'><strong>autem</strong></span> <span class='ocrx_word' id='word_1_668' title='bbox 1497 2517 1669 2544; x_wconf 71' lang='lat' dir='ltr'><strong>Biclariensis</strong></span> <span class='ocrx_word' id='word_1_669' title='bbox 1693 2517 1719 2543; x_wconf 87' lang='lat' dir='ltr'><strong>id</strong></span> 
     </span>
    </p>
   </div>
   <div class='ocr_carea' id='block_1_98' title="bbox 936 2552 1720 2587">
    <p class='ocr_par' dir='ltr' id='par_1_98' title="bbox 936 2552 1720 2587">
     <span class='ocr_line' id='line_1_99' title="bbox 936 2552 1720 2587; baseline 0 -10"><span class='ocrx_word' id='word_1_670' title='bbox 936 2552 1038 2587; x_wconf 54' lang='lat' dir='ltr'><strong>ﬁtctum</strong></span> <span class='ocrx_word' id='word_1_671' title='bbox 1050 2558 1110 2578; x_wconf 87' lang='lat' dir='ltr'><strong>csse</strong></span> <span class='ocrx_word' id='word_1_672' title='bbox 1126 2552 1192 2578; x_wconf 91' lang='lat' dir='ltr'><strong>dicit</strong></span> <span class='ocrx_word' id='word_1_673' title='bbox 1207 2560 1280 2579; x_wconf 83' lang='lat' dir='ltr'><strong>anno</strong></span> <span class='ocrx_word' id='word_1_674' title='bbox 1296 2558 1393 2587; x_wconf 81' lang='lat' dir='ltr'><strong>quarto</strong></span> <span class='ocrx_word' id='word_1_675' title='bbox 1415 2552 1522 2587; x_wconf 85' lang='lat' dir='ltr'><strong>imperii</strong></span> <span class='ocrx_word' id='word_1_676' title='bbox 1538 2552 1655 2578; x_wconf 75' lang='lat' dir='ltr'><strong>Justini:</strong></span> <span class='ocrx_word' id='word_1_677' title='bbox 1673 2552 1720 2578; x_wconf 85' lang='lat' dir='ltr'><strong>ubi</strong></span> 
     </span>
    </p>
   </div>
   <div class='ocr_carea' id='block_1_99' title="bbox 936 2586 1719 2622">
    <p class='ocr_par' dir='ltr' id='par_1_99' title="bbox 936 2586 1719 2622">
     <span class='ocr_line' id='line_1_100' title="bbox 936 2586 1719 2622; baseline -0.001 -10"><span class='ocrx_word' id='word_1_678' title='bbox 936 2586 1076 2622; x_wconf 78' lang='lat' dir='ltr'><strong>Tiberium</strong></span> <span class='ocrx_word' id='word_1_679' title='bbox 1094 2595 1128 2613; x_wconf 77' lang='lat' dir='ltr'><strong>ex</strong></span> <span class='ocrx_word' id='word_1_680' title='bbox 1143 2587 1195 2614; x_wconf 88' lang='lat' dir='ltr'><strong>hoc</strong></span> <span class='ocrx_word' id='word_1_681' title='bbox 1222 2586 1315 2622; x_wconf 65' lang='lat' dir='ltr'><strong>proelio</strong></span> <span class='ocrx_word' id='word_1_682' title='bbox 1331 2588 1463 2614; x_wconf 70' lang='lat' dir='ltr'><strong>vit-torem</strong></span> <span class='ocrx_word' id='word_1_683' title='bbox 1488 2586 1719 2622; x_wconf 75' lang='lat' dir='ltr'><strong>Constantinopo-</strong></span> 
     </span>
    </p>
   </div>
   <div class='ocr_carea' id='block_1_100' title="bbox 934 2620 1721 2655">
    <p class='ocr_par' dir='ltr' id='par_1_100' title="bbox 934 2620 1721 2655">
     <span class='ocr_line' id='line_1_101' title="bbox 934 2620 1721 2655; baseline 0.001 -9"><span class='ocrx_word' id='word_1_684' title='bbox 934 2620 980 2647; x_wconf 91' lang='lat' dir='ltr'><strong>lim</strong></span> <span class='ocrx_word' id='word_1_685' title='bbox 994 2621 1108 2648; x_wconf 82' lang='lat' dir='ltr'><strong>rediisse</strong></span> <span class='ocrx_word' id='word_1_686' title='bbox 1125 2620 1230 2649; x_wconf 71' lang='lat' dir='ltr'><strong>scribit.</strong></span> <span class='ocrx_word' id='word_1_687' title='bbox 1245 2623 1323 2655; x_wconf 78' lang='lat' dir='ltr'><strong>Quod</strong></span> <span class='ocrx_word' id='word_1_688' title='bbox 1349 2627 1439 2649; x_wconf 84' lang='lat' dir='ltr'><strong>tamen</strong></span> <span class='ocrx_word' id='word_1_689' title='bbox 1455 2622 1552 2648; x_wconf 82' lang='lat' dir='ltr'><strong>falsum</strong></span> <span class='ocrx_word' id='word_1_690' title='bbox 1565 2629 1624 2647; x_wconf 82' lang='lat' dir='ltr'><strong>esse</strong></span> <span class='ocrx_word' id='word_1_691' title='bbox 1639 2621 1721 2648; x_wconf 77' lang='lat' dir='ltr'><strong>ducet</strong></span> 
     </span>
    </p>
   </div>
   <div class='ocr_carea' id='block_1_101' title="bbox 934 2656 1318 2693">
    <p class='ocr_par' dir='ltr' id='par_1_101' title="bbox 934 2656 1318 2693">
     <span class='ocr_line' id='line_1_102' title="bbox 934 2656 1318 2693; baseline 0.008 -12"><span class='ocrx_word' id='word_1_692' title='bbox 934 2656 1066 2691; x_wconf 81' lang='lat' dir='ltr'><strong>Evagrius</strong></span> <span class='ocrx_word' id='word_1_693' title='bbox 1083 2665 1115 2684; x_wconf 82' lang='lat' dir='ltr'><strong>ac</strong></span> <span class='ocrx_word' id='word_1_694' title='bbox 1126 2657 1318 2693; x_wconf 84' lang='lat' dir='ltr'><strong>Theophanes.</strong></span> 
     </span>
    </p>
   </div>
   <div class='ocr_carea' id='block_1_102' title="bbox 817 2733 1010 2763">
    <p class='ocr_par' dir='ltr' id='par_1_102' title="bbox 817 2733 1010 2763">
     <span class='ocr_line' id='line_1_103' title="bbox 817 2733 1010 2763; baseline 0.01 -2"><span class='ocrx_word' id='word_1_695' title='bbox 817 2733 1010 2763; x_wconf 72' lang='lat' dir='ltr'><strong>VAEIORUM.</strong></span> 
     </span>
    </p>
   </div>
   <div class='ocr_carea' id='block_1_103' title="bbox 130 2781 874 2816">
    <p class='ocr_par' dir='ltr' id='par_1_103' title="bbox 130 2781 874 2816">
     <span class='ocr_line' id='line_1_104' title="bbox 130 2781 874 2816; baseline 0 -7"><span class='ocrx_word' id='word_1_696' title='bbox 130 2781 168 2814; x_wconf 79' lang='lat' dir='ltr'><strong>(tt)</strong></span> <span class='ocrx_word' id='word_1_697' title='bbox 189 2781 325 2816; x_wconf 82' lang='grc' dir='ltr'>τιϐἐριος.</span> <span class='ocrx_word' id='word_1_698' title='bbox 345 2782 471 2810; x_wconf 87' lang='lat' dir='ltr'><strong>Tiberius</strong></span> <span class='ocrx_word' id='word_1_699' title='bbox 485 2783 683 2810; x_wconf 89' lang='lat' dir='ltr'><strong>Constantinus</strong></span> <span class='ocrx_word' id='word_1_700' title='bbox 708 2786 816 2810; x_wconf 87' lang='lat' dir='ltr'><strong>creatus</strong></span> <span class='ocrx_word' id='word_1_701' title='bbox 831 2786 874 2810; x_wconf 88' lang='lat' dir='ltr'><strong>est</strong></span> 
     </span>
    </p>
   </div>
   <div class='ocr_carea' id='block_1_104' title="bbox 93 2815 877 2853">
    <p class='ocr_par' dir='ltr' id='par_1_104' title="bbox 93 2815 877 2853">
     <span class='ocr_line' id='line_1_105' title="bbox 93 2815 877 2853; baseline 0.001 -9"><span class='ocrx_word' id='word_1_702' title='bbox 93 2815 361 2853; x_wconf 30' lang='lat' dir='ltr'><strong>Catsatjletimperii</strong></span> <span class='ocrx_word' id='word_1_703' title='bbox 379 2826 440 2845; x_wconf 91' lang='lat' dir='ltr'><strong>cum</strong></span> <span class='ocrx_word' id='word_1_704' title='bbox 472 2818 581 2846; x_wconf 90' lang='lat' dir='ltr'><strong>Justino</strong></span> <span class='ocrx_word' id='word_1_705' title='bbox 610 2818 748 2853; x_wconf 85' lang='lat' dir='ltr'><strong>particeps</strong></span> <span class='ocrx_word' id='word_1_706' title='bbox 778 2817 877 2849; x_wconf 78' lang='lat' dir='ltr'><strong>factus,</strong></span> 
     </span>
    </p>
   </div>
   <div class='ocr_carea' id='block_1_105' title="bbox 104 2851 877 2914">
    <p class='ocr_par' dir='ltr' id='par_1_105' title="bbox 104 2851 877 2914">
     <span class='ocr_line' id='line_1_106' title="bbox 104 2851 877 2914; baseline 0.003 -37"><span class='ocrx_word' id='word_1_707' title='bbox 104 2855 158 2891; x_wconf 70' lang='lat' dir='ltr'><strong>tost</strong></span> <span class='ocrx_word' id='word_1_708' title='bbox 171 2851 207 2879; x_wconf 72' lang='lat'><strong>25</strong></span> <span class='ocrx_word' id='word_1_709' title='bbox 228 2851 301 2880; x_wconf 79' lang='lat' dir='ltr'><strong>diem</strong></span> <span class='ocrx_word' id='word_1_710' title='bbox 316 2853 417 2888; x_wconf 83' lang='lat' dir='ltr'><strong>mensis</strong></span> <span class='ocrx_word' id='word_1_711' title='bbox 431 2853 558 2914; x_wconf 46' lang='lat' dir='ltr'><strong>qctobris</strong></span> <span class='ocrx_word' id='word_1_712' title='bbox 581 2851 646 2880; x_wconf 80' lang='lat' dir='ltr'><strong>anni</strong></span> <span class='ocrx_word' id='word_1_713' title='bbox 671 2851 735 2880; x_wconf 81' lang='lat' dir='ltr'><strong>Chr.</strong></span> <span class='ocrx_word' id='word_1_714' title='bbox 766 2853 828 2885; x_wconf 70' lang='lat'><strong>574,</strong></span> <span class='ocrx_word' id='word_1_715' title='bbox 846 2858 877 2887; x_wconf 83' lang='lat' dir='ltr'><strong>ut</strong></span> 
     </span>
     <span class='ocr_line' id='line_1_107' title="bbox 107 2886 876 2914; baseline 0.001 -1"><span class='ocrx_word' id='word_1_716' title='bbox 107 2886 194 2914; x_wconf 69' lang='lat' dir='ltr'><strong>’aiztus</strong></span> <span class='ocrx_word' id='word_1_717' title='bbox 209 2895 241 2914; x_wconf 78' lang='lat' dir='ltr'><strong>ex</strong></span> <span class='ocrx_word' id='word_1_718' title='bbox 259 2888 343 2914; x_wconf 84' lang='lat' dir='ltr'><strong>veteri</strong></span> <span class='ocrx_word' id='word_1_719' title='bbox 354 2888 450 2914; x_wconf 84' lang='lat' dir='ltr'><strong>Enitao</strong></span> <span class='ocrx_word' id='word_1_720' title='bbox 462 2889 498 2914; x_wconf 77' lang='lat' dir='ltr'><strong>rio</strong></span> <span class='ocrx_word' id='word_1_721' title='bbox 533 2889 625 2914; x_wconf 62' lang='lat' dir='ltr'><strong>Romae</strong></span> <span class='ocrx_word' id='word_1_722' title='bbox 655 2892 735 2914; x_wconf 85' lang='lat' dir='ltr'><strong>erato</strong></span> <span class='ocrx_word' id='word_1_723' title='bbox 768 2888 876 2914; x_wconf 77' lang='lat' dir='ltr'><strong>probat.</strong></span> 
     </span>
    </p>
   </div>
   <div class='ocr_carea' id='block_1_106' title="bbox 107 2886 876 2924">
    <p class='ocr_par' dir='ltr' id='par_1_106' title="bbox 107 2886 876 2924">
     <span class='ocr_line' id='line_1_108' title="bbox 107 2886 876 2924; baseline 0.004 -12"><span class='ocrx_word' id='word_1_724' title='bbox 107 2886 194 2921; x_wconf 75' lang='lat' dir='ltr'><strong>’agius</strong></span> <span class='ocrx_word' id='word_1_725' title='bbox 209 2895 241 2915; x_wconf 78' lang='lat' dir='ltr'><strong>ex</strong></span> <span class='ocrx_word' id='word_1_726' title='bbox 259 2886 498 2924; x_wconf 64' lang='lat' dir='ltr'><strong>veteriEtiitap&#39;ltio</strong></span> <span class='ocrx_word' id='word_1_727' title='bbox 533 2889 625 2915; x_wconf 69' lang='lat' dir='ltr'><strong>Romae</strong></span> <span class='ocrx_word' id='word_1_728' title='bbox 655 2892 735 2915; x_wconf 84' lang='lat' dir='ltr'><strong>erato</strong></span> <span class='ocrx_word' id='word_1_729' title='bbox 767 2888 876 2923; x_wconf 80' lang='lat' dir='ltr'><strong>probat,</strong></span> 
     </span>
    </p>
   </div>
   <div class='ocr_carea' id='block_1_107' title="bbox 932 2782 1721 2816">
    <p class='ocr_par' dir='ltr' id='par_1_107' title="bbox 932 2782 1721 2816">
     <span class='ocr_line' id='line_1_109' title="bbox 932 2782 1721 2816; baseline -0.004 -5"><span class='ocrx_word' id='word_1_730' title='bbox 932 2784 966 2811; x_wconf 84' lang='lat' dir='ltr'><strong>ad</strong></span> <span class='ocrx_word' id='word_1_731' title='bbox 977 2791 1041 2811; x_wconf 88' lang='lat' dir='ltr'><strong>eum</strong></span> <span class='ocrx_word' id='word_1_732' title='bbox 1056 2792 1170 2816; x_wconf 86' lang='lat' dir='ltr'><strong>annum,</strong></span> <span class='ocrx_word' id='word_1_733' title='bbox 1188 2793 1215 2811; x_wconf 94' lang='lat' dir='ltr'><strong>n.</strong></span> <span class='ocrx_word' id='word_1_734' title='bbox 1232 2783 1258 2810; x_wconf 85' lang='lat'><strong>6.</strong></span> <span class='ocrx_word' id='word_1_735' title='bbox 1277 2783 1353 2810; x_wconf 84' lang='lat' dir='ltr'><strong>Haud</strong></span> <span class='ocrx_word' id='word_1_736' title='bbox 1372 2787 1446 2810; x_wconf 87' lang='lat' dir='ltr'><strong>recte</strong></span> <span class='ocrx_word' id='word_1_737' title='bbox 1468 2782 1553 2813; x_wconf 70' lang='lat' dir='ltr'><strong>igitur</strong></span> <span class='ocrx_word' id='word_1_738' title='bbox 1575 2789 1721 2815; x_wconf 82' lang='lat' dir='ltr'><strong>nuncupa-</strong></span> 
     </span>
    </p>
   </div>
   <div class='ocr_carea' id='block_1_108' title="bbox 932 2817 1719 2854">
    <p class='ocr_par' dir='ltr' id='par_1_108' title="bbox 932 2817 1719 2854">
     <span class='ocr_line' id='line_1_110' title="bbox 932 2817 1719 2854; baseline -0.001 -9"><span class='ocrx_word' id='word_1_739' title='bbox 932 2818 971 2845; x_wconf 88' lang='lat' dir='ltr'><strong>tio</strong></span> <span class='ocrx_word' id='word_1_740' title='bbox 983 2819 1043 2853; x_wconf 81' lang='lat' dir='ltr'><strong>ejus</strong></span> <span class='ocrx_word' id='word_1_741' title='bbox 1058 2819 1181 2846; x_wconf 74' lang='lat' dir='ltr'><strong>Cmsarca</strong></span> <span class='ocrx_word' id='word_1_742' title='bbox 1213 2824 1274 2854; x_wconf 86' lang='lat' dir='ltr'><strong>post</strong></span> <span class='ocrx_word' id='word_1_743' title='bbox 1302 2818 1410 2854; x_wconf 82' lang='lat' dir='ltr'><strong>Trajani</strong></span> <span class='ocrx_word' id='word_1_744' title='bbox 1444 2817 1608 2853; x_wconf 78' lang='lat' dir='ltr'><strong>legationem</strong></span> <span class='ocrx_word' id='word_1_745' title='bbox 1637 2817 1719 2844; x_wconf 78' lang='lat' dir='ltr'><strong>dilata</strong></span> 
     </span>
    </p>
   </div>
   <div class='ocr_carea' id='block_1_109' title="bbox 932 2854 1293 2889">
    <p class='ocr_par' dir='ltr' id='par_1_109' title="bbox 932 2854 1293 2889">
     <span class='ocr_line' id='line_1_111' title="bbox 932 2854 1293 2889; baseline 0 -8"><span class='ocrx_word' id='word_1_746' title='bbox 932 2858 972 2881; x_wconf 88' lang='lat' dir='ltr'><strong>est</strong></span> <span class='ocrx_word' id='word_1_747' title='bbox 987 2855 1020 2882; x_wconf 87' lang='lat' dir='ltr'><strong>ab</strong></span> <span class='ocrx_word' id='word_1_748' title='bbox 1033 2854 1158 2889; x_wconf 76' lang='lat' dir='ltr'><strong>Evagrio,</strong></span> <span class='ocrx_word' id='word_1_749' title='bbox 1170 2862 1231 2889; x_wconf 79' lang='lat' dir='ltr'><strong>cap.</strong></span> <span class='ocrx_word' id='word_1_750' title='bbox 1252 2855 1293 2881; x_wconf 76' lang='lat' dir='ltr'><strong>l5.</strong></span> 
     </span>
    </p>
   </div>
  </div>
