1966 3068
98 65 162 99 3821

557 62 749 93 HISTORIA!
768 62 1064 94 ECCLESIASTICIE
1085 63 1200 94 LIBER
1222 64 1254 94 V.

1653 59 1724 96 2822

99 124 128 149 τὸ
141 122 217 156 θέρος
226 120 272 146 ἐπὶ
287 119 336 154 τὴν
349 118 496 154 Ἀρμενίαν
509 119 656 149 ἐλάσαντα,
669 116 774 143 ἐκεῖθέν
790 125 819 143 τε
832 118 882 148 τὰς

939 125 1008 153 piam
1030 119 1127 145 urbem
1144 110 1244 149 Daras,
1263 118 1407 145 confestim
1431 119 1526 147 aestivo
1551 124 1673 155 tempore
1696 123 1723 149 iu

98 169 183 202 ὁρμὰς
200 166 245 193 ἐπὶ
255 167 304 200 τὴν
316 164 455 200 Καίσαρος
471 164 577 199 ἔχοντα,
594 163 611 198 ἢ
626 163 681 190 τῶν
691 163 883 190 Καππαδοκῶν

99 213 188 247 ἄρχει,
204 212 251 237 καὶ
265 211 319 237 τῶν
333 210 430 237 αὐτόσε
446 209 620 245 προκάθηται
639 208 753 236 πόλεων.
780 210 827 241 Ὂς
841 218 884 236 τος

101 257 193 284 σοῦτον
221 256 404 291 ὑπερεφρόνει
430 255 480 290 τὴν
500 255 645 289 Ῥωμαίων
671 255 770 289 ἀρχὴν,
796 255 836 281 ὅτι
855 263 886 288 γε

99 302 340 338 πρεσὸευσαμένου
358 301 406 328 τοῦ
425 301 576 337 Καίσαρος,
600 301 649 327 οὐκ
675 300 751 336 ἠξίου
772 301 822 336 τῆς
849 301 887 332 ὡς

99 348 177 375 αὐτον
194 347 286 374 ἐσόδου
303 349 360 378 τοῖς
375 348 507 382 πρέσϐεσι
525 348 687 382 μεταδοῦναι
700 355 707 363 ’
723 347 838 373 ἔπεσθαι
858 347 885 374 δὲ

98 395 201 426 τούτοις
215 394 383 421 διεκελεύετο
397 394 478 429 μέχρι
491 394 539 428 τῆς
552 394 702 429 Καίσαρος.
712 394 817 420 Ἐκείσε
833 394 887 428 γὰρ

99 443 162 479 περὶ
184 443 233 476 τῆς
258 442 407 477 πρεσϐείας
432 442 591 468 διασκοπεῖν
613 441 715 475 ἔλεγεν.
735 442 778 471 Ὠς
805 441 826 467 δ’
841 440 887 467 οὖν

99 490 286 523 ἀντιμέτωπον
297 488 349 516 εἶδε
362 489 391 516 τὸ
399 489 542 524 Ῥωμαίων
555 489 713 524 στράτευμα
723 489 887 515 ὐποἸουστι-

99 536 181 570 νιανῷ
201 536 275 570 (69)
303 535 486 569 ταττόμενον,
518 534 643 570 τάδελφῷ
667 534 813 560 Ίουστίνου
840 534 886 560 τοῦ

100 584 168 618 πρὸς
184 581 329 608 Ἰουστῖνου
355 581 481 612 δειλαίως
497 580 671 616 ἀνῃρημένου
687 580 754 615 (70),
766 580 886 614 ἀκριϐῶς

100 627 302 661 ἐξωπλισμένον
315 646 322 657 ,
340 626 370 652 τό
382 635 411 652 τε
429 626 551 652 ἐνυάλιον
571 626 620 657 τὰς
636 625 790 660 σάλπιγγας
803 625 886 660 ἠχού-

101 682 160 705 σας,
185 673 231 699 καὶ
251 672 286 698 τὰ
302 673 404 706 σημεῖα
427 671 494 708 πρὸς
517 673 609 707 μάχην
632 672 775 707 αἰρόμεναι,
795 672 840 698 τόν
856 679 886 697 τε

102 717 269 753 στρατιώτην
287 717 408 751 φονῶντα
420 737 428 749 ,
451 718 497 743 καὶ
520 717 608 752 θυμοῦ
627 717 696 752 μετὰ
709 717 758 749 τῆς
776 718 803 748 ἐς
818 718 886 751 ἄγαν

101 763 246 798 εὐκοσμίας
262 763 395 795 πνέοντα,
418 762 505 789 ἵππον
515 771 543 789 τε
571 763 704 798 τοσαύτην
726 764 772 789 κα).
796 764 886 789 τοιαύ-

101 819 149 845 την
166 811 198 841 ’⁵,
213 810 245 844 ἣν
257 809 345 841 οὐδεὶς
360 809 467 836 πώποτε
480 809 612 844 βασιλέων
623 810 786 845 ἐφαντὰσθη,
801 809 887 838 πολλά

102 864 132 890 γε
147 855 316 887 ἐπιθειάσας,
334 854 468 889 ἀνῴμωξε
491 854 586 889 μύχιον
601 855 669 890 πρὸς
685 855 716 882 τὸ
729 855 824 881 ἄνελπι
842 855 888 882 καὶ

101 902 231 936 ἀδόκητον
243 909 250 916 ·
265 901 311 927 καὶ
330 901 419 935 μάχης
435 901 484 927 οὐκ
499 901 594 936 ἤθελον
612 900 715 936 ἄρχειν.
725 901 886 928 Ἀναϐαλλο-

103 947 175 981 μένῳ
189 946 216 972 δὲ
229 945 301 980 αὐτῷ
313 947 361 973 κα).
374 945 544 981 διαμέλλοντι
558 967 565 979 ,
583 947 629 974 καὶ
645 947 689 972 τὸν
709 947 803 982 καιρὸν
826 948 886 982 τρί-

102 993 185 1026 ϐοντι,
206 994 251 1020 καὶ
268 993 437 1028 σοφιζομένῳ
453 993 502 1028 τὴν
521 993 619 1028 μάχην,
646 993 732 1019 ἔπεισι
758 994 848 1029 Κοὺρς
875 994 888 1020 ὁ

102 1038 207 1073 Σκύθης
220 1039 287 1073 (71),
309 1039 378 1074 ἀνὴρ
394 1039 440 1065 τοῦ
457 1038 545 1070 δεξιοῦ
559 1038 647 1073 κέρως
664 1038 888 1073 ἡγούμενος.Καὶ

104 1085 140 1120 μὴ
155 1085 218 1111 οἴων
229 1094 258 1111 τε
273 1084 429 1119 γενομένων
439 1085 560 1118 ἐνεγκεῖν
571 1085 619 1118 τὴν
634 1084 751 1119 ἐμϐολὴν
762 1084 815 1110 τῶν
828 1086 887 1110 κατ’

102 1131 183 1158 αὑτὸν
199 1131 325 1167 Περσῶν,
341 1131 537 1157 ἐκλελοιπότων
550 1131 578 1157 δὲ
597 1131 669 1166 μάλα
689 1131 820 1166 λαμπρῶς
839 1130 887 1167 τὴν

101 1178 178 1210 τάξιν
188 1197 195 1208 ,
213 1177 298 1204 πολὺν
320 1177 369 1212 μὲν
384 1176 532 1211 εῑργάσατο
547 1177 626 1211 φόνον
641 1176 695 1202 τῶν
711 1177 886 1208 άπεναντίας.

104 1223 213 1249 Ἔπεισι
229 1222 257 1248 δὲ
272 1223 328 1253 τοῖς
343 1222 482 1256 οὐραγοῖς,
507 1221 570 1247 ἔνθα
584 1222 630 1248 καὶ
647 1220 696 1255 τὴν
712 1221 888 1256 ἀποσκευὴνό

101 1275 132 1293 τε
147 1266 268 1301 Χοσρόης
282 1266 328 1292 καὶ
338 1267 352 1292 ὁ
367 1259 477 1301 σύμπας
492 1263 547 1300 εἶχε
562 1267 676 1300 στρατός
692 1273 699 1280 ·
716 1267 789 1301 αἱρεῖ
800 1275 828 1292 τε
842 1266 889 1300 βα-

104 1311 196 1338 σιλικὰ
213 1312 342 1346 κειμήλια
355 1311 547 1343 ἁπαξάπαντα,
567 1312 614 1337 καὶ
627 1311 681 1346 μὴν
696 1311 742 1337 καὶ
757 1311 805 1346 τὴν
820 1312 888 1338 ἁπο-

103 1357 204 1390 σκευὴν
218 1356 336 1387 ἃπασαν,
351 1356 469 1390 ὁρῶντος
487 1355 537 1391 μὲν
549 1356 680 1392 Χοσρόου,
694 1358 739 1382 καὶ
755 1358 889 1391 ἐγκαρτε-

104 1402 224 1438 ροῦντος,
241 1403 419 1437 ἁνεκτοτέραν
431 1402 460 1429 δὲ
471 1403 520 1437 τῆς
537 1402 634 1429 ἑαυτοῦ
651 1403 816 1438 ἐπιστροφῆς
831 1403 887 1438 (7-2)

935 163 1093 190 Armeniam
1107 164 1255 198 irruperat,
1275 168 1357 198 atque
1378 155 1440 192 inde
1453 164 1604 193 Caesaream
1619 165 1724 201 Cappa-

936 210 1021 236 docia:
1037 214 1065 236 et
1079 210 1247 244 reliquarum
1258 203 1314 237 illic
1326 208 1435 238 urbium
1451 213 1623 247 metropolim
1645 213 1724 240 inva-

936 255 1002 297 dere
1019 256 1217 282 meditabatur:
1229 256 1308 292 441
1324 257 1509 287 Romanorum
1521 264 1612 286 autem
1635 259 1723 294 impe-

937 300 1008 326 rium
1022 304 1165 334 tantopere
1176 300 1357 335 despiciebat,
1368 306 1397 329 ut
1407 310 1466 329 cum
1477 302 1568 331 Caesar
1576 304 1680 339 legatos
1691 306 1724 332 ad

936 353 998 372 eum
1031 347 1159 379 misisset,
1178 355 1226 374 eos
1250 347 1283 374 ad
1298 353 1476 382 conspectum
1504 357 1584 377 suum
1613 351 1724 378 minime

937 391 1087 423 admiserit,
1113 393 1161 419 sed
1182 401 1268 428 usque
1291 393 1325 420 ad
1354 393 1449 420 urbem
1471 394 1622 422 Cmsaream
1648 397 1725 431 sequi

937 438 1026 472 ipsum
1041 438 1165 472 jusserit.
1187 439 1244 466 Illic
1255 439 1329 466 enim
1341 447 1371 467 se
1384 446 1482 468 eorum
1500 441 1665 475 legationem
1674 450 1724 470 au-

937 485 1059 512 diturum
1073 493 1133 512 esse
1147 486 1247 514 aiebat.
1269 487 1370 514 Verum
1384 487 1432 515 ubi
1447 488 1633 515 Romanorum
1647 497 1725 516 exer-

936 530 1021 557 citum
1035 536 1130 558 contra
1146 539 1175 559 se
1187 536 1260 559 stare
1275 533 1354 564 vidit,
1376 533 1446 561 duce
1462 534 1628 567 Justiuiano,
1642 535 1725 562 fratre

935 575 1036 603 .lustini
1052 577 1112 611 ejus
1136 577 1182 611 qui
1207 577 1241 604 ab
1263 578 1429 612 imperatore
1442 579 1550 606 Justino
1576 579 1725 607 crudeliter

938 622 1047 649 occisus
1062 623 1153 649 fuerat
1169 631 1176 649 ε
1198 623 1284 658 probe
1301 623 1467 651 instructum
1483 629 1565 659 atque
1578 629 1724 657 armatum,

937 671 964 694 et
978 667 1060 694 tubas
1076 668 1206 696 bellicum
1224 675 1365 700 canentes.
1378 674 1406 697 et
1419 670 1496 705 signa
1505 670 1538 697 ad
1550 671 1726 699 committen-

938 713 999 740 dam
1021 721 1140 748 pugnam
1158 713 1184 740 in
1205 714 1291 741 altutu
1313 715 1439 741 sublata:
1462 715 1578 742 militem
1595 721 1725 750 praeterea

939 758 1020 786 caedis
1034 759 1156 792 avidum,
1170 765 1198 786 et
1210 767 1272 788 eum
1290 760 1479 794 pulcherrimo
1497 766 1595 788 ornatu
1614 762 1681 788 iram
1695 770 1724 789 ac

939 804 1059 832 furorem
1088 806 1284 839 anhelantem;
1316 810 1422 834 tantum
1446 807 1566 842 denique
1590 816 1621 835 ac
1647 809 1726 835 talem

938 853 1103 888 equitatum,
1117 859 1251 889 quantum
1278 855 1373 883 nullus
1394 863 1514 891 unquam
1534 864 1566 883 ex
1581 857 1729 892 imperato-

939 900 1016 927 ribus
1029 901 1121 928 animo
1133 905 1311 936 conceperat:
1322 902 1502 930 vehementer
1511 903 1727 938 obstupefactus,

939 945 1023 972 altum
1042 947 1175 981 ingemuit
1190 946 1226 973 ob
1238 955 1296 975 rem
1313 952 1367 974 tam
1379 948 1546 982 insperatam
1559 953 1640 983 atque
1654 949 1729 976 inex-

939 995 1100 1024 spectatum,
1115 999 1166 1018 nec
1181 1000 1299 1027 pugnam
1314 992 1399 1020 ordiri
1411 1000 1529 1028 unquam
1546 994 1641 1022 voluit.
1659 994 1727 1022 Cum

940 1036 1023 1071 igitur
1041 1038 1164 1072 praelium
1182 1038 1321 1071 dillerret,
1337 1044 1365 1067 et
1385 1040 1598 1068 cunctabundus
1620 1045 1728 1076 tempus

940 1087 1051 1116 tereret,
1067 1088 1096 1111 et
1122 1092 1238 1119 pugnam
1256 1085 1389 1113 duntaxat
1404 1086 1557 1120 simularet,
1570 1087 1639 1114 Curs
1663 1087 1728 1123 Scy-

940 1127 997 1161 tha,
1014 1129 1060 1163 qui
1076 1129 1172 1156 dextro
1198 1131 1295 1157 cornui
1314 1137 1440 1165 praeerat,
1456 1131 1588 1167 impetum
1616 1133 1644 1160 in
1664 1141 1728 1160 eum

940 1174 1016 1202 facit.
1033 1175 1161 1210 Cumque
1178 1175 1269 1203 Persae
1286 1177 1418 1211 impetum
1438 1177 1511 1204 illius
1523 1179 1659 1205 sustinere
1674 1187 1728 1206 non

939 1225 1061 1254 possent,
1077 1220 1124 1247 sed
1145 1225 1240 1255 aperte
1253 1221 1363 1248 ordines
1377 1222 1546 1255 desererent,
1561 1224 1631 1251 Curs
1644 1225 1730 1252 maxi-

940 1272 1012 1291 mam
1042 1265 1162 1292 hostium
1187 1270 1306 1300 stragem
1331 1266 1428 1293 edidit.
1447 1267 1551 1294 Deinde
1575 1273 1728 1296 extremum

940 1317 1035 1344 agmen
1052 1311 1197 1337 Persarum
1211 1319 1359 1346 aggressus
1384 1317 1436 1345 est,
1468 1313 1514 1340 ubi
1537 1313 1673 1342 Chosroes
1702 1320 1730 1343 et

940 1356 1087 1384 universus
1110 1358 1171 1392 ejus
1182 1358 1322 1385 exercitus
1339 1359 1535 1394 impedimenta
1563 1369 1594 1388 ac
1610 1362 1731 1390 sarcinas

940 1403 1068 1430 habebat.
1081 1403 1205 1431 Cunctos
1228 1405 1312 1440 igitur
1329 1405 1402 1440 regis
1420 1405 1565 1433 thesauros
1577 1412 1605 1434 et
1620 1407 1730 1438 univer-

102 1449 150 1475 τοῦ
168 1449 257 1484 Κοὺρς
272 1448 434 1484 ἡγουμένου.
457 1445 540 1479 Οὗτος
558 1448 608 1481 μὲν
627 1447 672 1474 οὖν
689 1449 737 1474 σὺν
751 1450 805 1479 τοῖς
819 1449 887 1483 ἀμφ’

940 1457 984 1476 sas
1005 1450 1129 1477 sarcinas
1152 1450 1236 1485 cepit,
1254 1451 1314 1485 ipso
1331 1450 1454 1478 Chosroe
1474 1456 1616 1486 spectante
1649 1458 1730 1488 atque

104 1494 184 1521 αὑτὸν
200 1493 324 1529 μεγάλων
337 1494 485 1529 χρημάτων
500 1495 545 1520 καὶ
558 1493 685 1528 λαφύρων
696 1493 832 1529 ἐγκρατὴς
846 1503 890 1528 γε-

104 1541 234 1575 νόμενος,
261 1541 295 1568 τὸ.
315 1549 345 1567 τε
371 1540 524 1575 σκευοφόρα
545 1539 598 1566 τῶν
627 1539 703 1571 ζώων
730 1540 777 1566 σὺν
800 1541 889 1571 αὐτοῖς

104 1584 223 1621 φορτίοις
236 1586 336 1621 φέρων,
351 1586 379 1612 ὲν
394 1583 433 1616 οἷς
447 1586 494 1612 καὶ
505 1585 535 1611 τὸ
552 1585 672 1620 Χοσρόου
685 1585 815 1611 σεὸαστὺν
824 1585 889 1620 πῦρ,

103 1631 117 1657 δ
134 1631 198 1661 Θεδς
225 1631 419 1664 καθειστήκει,
446 1630 618 1665 περιελαύνει
641 1630 689 1664 μὲν
719 1630 749 1655 τὸ
778 1630 891 1665 Περσῶν

106 1678 286 1713 στρατόπεδον
297 1676 458 1709 παιανίζων.
484 1676 649 1711 Ἀφικνεῖται
675 1676 702 1702 δὲ
731 1676 806 1710 παρὰ
829 1677 892 1707 τοὺς

105 1722 221 1753 οἰκείους
231 1722 303 1757 ἀμφὶ
317 1723 365 1754 τὰς
376 1721 549 1756 ὲπιλυχνιους
561 1721 645 1755 ὥρας,
655 1721 706 1756 ἢδη
718 1720 892 1752 διαλυθέντας

945 1494 1090 1526 tolerante,
1102 1499 1130 1521 et
1146 1494 1358 1530 impressionem
1369 1502 1445 1522 suam
1462 1495 1570 1523 facilius
1584 1504 1664 1531 quam
1679 1497 1731 1524 im-

944 1545 1037 1573 petum
1052 1538 1122 1566 Curs
1136 1538 1268 1566 sustineri
1284 1546 1364 1573 posse
1378 1538 1561 1567 existimante.
1577 1540 1634 1567 Hoc
1650 1541 1732 1567 modo

944 1583 1015 1611 Curs
1025 1592 1079 1611 una
1100 1591 1162 1611 eum
1187 1584 1244 1611 suis
1272 1583 1419 1617 militibus,
1437 1585 1563 1612 maximis
1585 1586 1683 1620 opibus
1699 1593 1732 1613 ac

945 1629 1040 1665 spoliis
1066 1630 1180 1664 potitus.
1206 1633 1234 1656 et
1248 1630 1372 1665 jumeuta
1385 1638 1447 1657 eum
1469 1630 1598 1658 omnibus
1617 1631 1732 1657 sarcinis

945 1674 1086 1702 adducens
1114 1675 1186 1701 inter
1205 1682 1273 1709 quas
1286 1679 1346 1702 erat
1367 1675 1450 1702 etiam
1471 1675 1542 1710 ignis
1555 1683 1633 1703 sacer
1649 1684 1729 1710 quem

946 1720 1083 1747 Chosroes
1114 1724 1144 1747 ut
1178 1720 1262 1748 Deum
1290 1721 1397 1748 colebat
1417 1730 1423 1748 :
1447 1722 1593 1750 Persarum
1618 1721 1729 1756 quidem

752 1790 870 1818 VARIIE
888 1790 1088 1818 LECTlONES.

142 1840 165 1855 ²¹¹
181 1839 272 1866 ῐππτυν
286 1847 314 1864 τε
331 1838 465 1874 τοσαύτης
480 1839 527 1866 καὶ
538 1838 676 1873 τοιαύτης.

700 1894 835 1922 νΑιΕδιι
854 1894 1129 1922 ΑΝᾸΟΤΛΤΙΟΝΕΞ.

143 1943 197 1979 (69)
224 1943 297 1969 Ὑπὸ
327 1941 534 1979 Vocat/ruam}.
562 1942 648 1976 llujus
661 1941 808 1979 Justiniani
832 1949 889 1979 rna-

106 1977 185 2014 gis'tri
217 1979 334 2014 militum
360 1985 408 2012 per
432 1977 571 2014 Orientem
596 1977 721 2003 meminit
742 1977 890 2014 Menander

107 2011 262 2045 l—‘rotector,
297 2013 325 2039 in
349 2011 395 2039 lib.
415 2020 441 2039 νι
466 2012 665 2043 Historiarum,.
680 2020 740 2045 pag.
770 2011 830 2038 159.
858 2011 890 2038 Et

107 2049 339 2083 'l‘hcophylactus.
359 2048 386 2074 in
399 2055 450 2081 cap
470 2047 510 2077 12,
527 2047 576 2073 lib.
593 2055 631 2083 ιιι.
650 2047 689 2083 Et
705 2047 824 2083 .loarmes
843 2046 889 2073 Bi-

107 2080 252 2110 elariens'is
277 2083 304 2109 in
330 2080 458 2110 Chronico
477 2090 485 2109 :
505 2082 581 2109 Anno
607 2082 623 2108 9
643 2081 741 2108 Justini
766 2080 891 2108 Chosroea

108 2118 251 2145 Persarum
272 2118 427 2152 imperator,
442 2125 501 2143 cum
526 2117 609 2143 nimia
630 2116 796 2143 multitudine
816 2125 892 2142 exer-

106 2153 235 2184 citus,‘ad
252 2153 391 2179 vastandos
407 2153 586 2179 Romanorum
601 2153 726 2178 terminos
739 2156 871 2186 promovet
885 2161 890 2178 :

106 2189 148 2214 cui
176 2188 341 2214 Justiuiunus
362 2187 487 2213 lionwnw
517 2188 570 2213 dua:
595 2187 696 2213 militiw
719 2191 742 2212 et
769 2186 894 2220 magister

106 2223 223 2249 militum
237 2222 348 2249 Orientis
377 2231 392 2249 a
409 2222 509 2248 Tiberio
524 2222 680 2252 destinatus,
695 2220 791 2247 bellum
803 2226 892 2255 pm'ul,

105 2263 130 2284 et
151 2259 178 2284 in
198 2258 296 2291 campis
327 2258 371 2292 qui
393 2258 461 2283 inter
481 2257 566 2283 llaras
581 2261 604 2283 et
626 2257 734 2283 Nisibin:
749 2261 892 2292 ponuntpr,

105 2293 170 2327 forti
193 2285 282 2327 pugna
304 2285 468 2327 congressi”,
486 2293 582 2327 habens
596 2300 682 2318 serum
699 2285 788 2325 gcn'les
804 2285 893 2326 fariis;

103 2326 198 2359 simas,
219 2335 277 2359 quo:
292 2327 404 2353 barbaro
416 2335 535 2353 sermone
551 2326 679 2353 llermam'
696 2331 892 2360 nuncupantur,

105 2367 284 2389 memoratum
299 2363 486 2396 imperatorem
499 2362 566 2388 bello
585 2365 702 2396 superat.
717 2361 780 2388 Haec
794 2361 893 2396 Pagius

105 2398 194 2424 refert
220 2397 253 2424 ad
277 2405 379 2423 annum
406 2397 509 2423 Christi
535 2396 597 2427 575,
620 2405 648 2422 ιι.
671 2396 695 2422 7.

143 2431 200 2468 (70)
227 2432 394 2468 Ἰουστίνσυ
405 2431 540 2468 (Sella/(1c
548 2431 747 2468 άνῃρημὲνοιὲ
760 2431 839 2468 llunc
850 2431 891 2458 lo-

104 2475 171 2493 cun-
192 2466 227 2494 ex
256 2474 321 2494 mss.
342 2467 485 2493 codicibus
511 2466 670 2493 Florentino
685 2471 713 2492 et
726 2466 890 2498 Telierianu,

105 2502 144 2529 ita
162 2502 286 2536 suppleri
306 2512 310 2527 ;
328 2502 352 2527 τ’
370 2502 476 2535 adsiet];
503 2502 646 2527 Ἰούστίνου
670 2501 717 2526 τοῦ
740 2502 808 2534 πρὸς
828 2502 891 2527 ’1ου-

105 2538 198 2562 στίνου
215 2537 336 2572 δειλαίῳς
352 2536 534 2572 ἀνῃρημένου.
549 2536 612 2563 Erat
625 2544 690 2570 ergo
705 2536 890 2572 iliCJUSLillia-

104 2580 160 2598 rtus
183 2571 311 2598 Germani
327 2572 399 2597 filius
412 2592 418 2603 ,
430 2571 503 2605 quod
522 2576 639 2597 testatur
650 2572 733 2597 etiam
748 2571 892 2606 Theophy-

103 2607 197 2633 lactus
213 2606 240 2633 in
258 2607 306 2633 lib.
335 2614 363 2632 ιιι
383 2607 467 2633 frater
488 2606 589 2634 Justiui
613 2606 697 2637 illius,
714 2606 760 2640 qui
788 2606 822 2632 ab
843 2607 892 2632 itu-

123 2647 235 2668 eratore
248 2642 409 2668 interfectus
419 2641 520 2674 fuerat,
532 2646 562 2668 ut
574 2641 657 2668 refert
667 2641 799 2675 Evagrius
814 2641 892 2667 initio

123 2649 235 2668 eratore
248 2649 282 2668 ml

103 2649 191 2712 iiujus
208 2676 282 2712 libri.

141 2709 198 2746 (71)
221 2711 336 2738 Ἐπεισι
357 2711 452 2744 Κοὺρς
484 2711 653 2743 όΣκούθης.
668 2711 754 2746 llujus
765 2709 817 2736 viri
834 2718 891 2737 me-

103 2746 188 2773 minit
214 2745 434 2781 Theophylactus
461 2746 488 2772 in
522 2746 571 2773 lib.
598 2754 636 2776 tu.
664 2754 714 2779 cap
737 2745 786 2777 16;
810 2750 838 2772 et
864 2746 890 2772 in

103 2755 188 2773 ωιῐιιι
218 2755 290 2773 11180
312 2755 434 2781 nytactus
461 2755 488 2772 In
522 2755 571 2773 HD.
598 2755 636 2776 Ill.
664 2755 714 2779 ειψ
737 2755 786 2777 ιυ;
810 2755 838 2772 ει
864 2755 889 2772 Ill

102 2781 155 2809 lib.
178 2789 196 2814 ι,
222 2755 316 2816 capg.
337 2781 442 2814 Quibus
465 2781 493 2808 in
518 2781 586 2808 locis
612 2781 750 2815 interpres
777 2781 889 2808 Latinus

945 1942 1073 1968 Cursiutn
1098 1941 1190 1968 vertit.
1218 1941 1316 1968 Melius
1338 1946 1429 1968 tamen
1448 1942 1563 1968 Cursum
1590 1942 1729 1971 vertisset.

945 1977 990 2003 Sic
1001 1977 1074 2002 enim
1093 1984 1154 2003 cum
1166 1981 1246 2003 vocat
1261 1977 1410 2003 Menander
1427 1977 1572 2004 Protector
1594 1977 1621 2003 in
1641 1978 1688 2004 lib.
1704 1987 1730 2005 γι

944 2011 1133 2042 Historiarum,
1156 2019 1217 2045 pag.
1237 2011 1297 2043 159,
1323 2011 1454 2038 editionis
1480 2012 1570 2046 regno.
1587 2012 1616 2038 ln
1640 2012 1730 2039 Thro-

944 2046 1190 2080 phanisC/n'oniro,
1207 2054 1268 2080 pag.
1286 2046 1348 2072 ait.
1364 2047 1453 2081 Κροὺς
1465 2046 1577 2077 dicitur.
1589 2053 1729 2081 corrupte.

981 2081 1037 2116 (72)
1063 2082 1272 2116 Ἀνεκζοτέραν
1291 2080 1324 2106 δὲ
1338 2080 1393 2114 τῆς
1408 2081 1516 2107 ἑαυτοῦ
1533 2080 1733 2116 ὲπιστμορἧςω

944 2116 1029 2150 Magis
1046 2116 1134 2150 probo
1150 2115 1295 2142 lectionem
1324 2116 1482 2149 Nicephori,
1499 2124 1561 2150 qua:
1580 2117 1620 2143 sic
1631 2117 1728 2144 habet:

952 2151 1147 2187 Ἀνεκτοτέραν
1167 2150 1194 2176 δὲ
1209 2150 1256 2185 τὴν
1271 2150 1367 2187 ἐπιξτοῦ
1387 2151 1554 2187 επιστροιρὴν
1575 2151 1622 2187 τοῦ
1640 2152 1730 2187 Χοϋρς

945 2186 1106 2220 ἡγουμένου.
1127 2185 1243 2212 Tantum
1258 2186 1366 2212 mallem
1387 2186 1533 2212 articulum
1550 2186 1650 2213 addere
1678 2185 1731 2214 huc

945 2222 1027 2248 modo
1040 2229 1046 2247 :
1060 2222 1107 2254 τῆς
1126 2220 1171 2246 τοῦ
1189 2220 1280 2254 Χοὺρς
1295 2221 1457 2254 ἡγουμένω.
1485 2221 1514 2247 id
1529 2226 1581 2249 est.
1602 2226 1631 2248 ut
1647 2222 1729 2249 vertit

943 2256 1062 2283 Joannes
1076 2255 1184 2290 Langus
1202 2264 1208 2281 ε
1225 2255 1297 2287 Quod
1312 2255 1414 2289 [hci/ins
1431 2257 1628 2290 impressionem
1643 2265 1729 2289 suam,

944 2299 1022 2325 quum
1041 2291 1121 2325 ipsius
1142 2289 1208 2317 Curs
1225 2291 1349 2317 sustineri
1372 2298 1445 2324 posse
1460 2292 1630 2317 eristmtarct.
1646 2292 1730 2318 Porro

946 2326 1015 2352 lianc
1033 2326 1177 2353 Persarum
1197 2326 1297 2360 fugam,
1322 2330 1349 2352 et
1365 2326 1552 2352 Romanorum
1577 2327 1730 2357 victoriam,

945 2361 1108 2396 Theophan.
1132 2360 1243 2394 quidem
1269 2360 1296 2386 in
1322 2362 1419 2396 Chron.
1437 2362 1520 2387 rel‘ert
1544 2366 1604 2396 post
1615 2367 1730 2388 mortem

944 2396 1120 2430 imperatoris
1138 2396 1239 2423 Justini
1264 2395 1398 2431 Junioris,
1413 2404 1475 2422 curti
1492 2396 1620 2423 Tiberius
1636 2398 1730 2431 singu-

945 2432 1002 2458 lare
1017 2432 1164 2464 imperium
1179 2431 1327 2458 obtineret.
1341 2430 1439 2466 Verum
1456 2430 1730 2466 'l'lieopliylactus,ex

944 2474 999 2500 quo
1021 2474 1070 2493 sua
1090 2466 1199 2492 videtur
1221 2466 1344 2492 hausisse
1373 2465 1730 2499 Theophanes,'superstiie

945 2501 1035 2528 adhuc
1055 2501 1163 2528 .lnstinu
1182 2502 1206 2528 id
1222 2501 1353 2528 accidisse
1377 2505 1502 2533 testatur,
1517 2509 1577 2527 cum
1604 2502 1731 2528 ’l'ibvrius

943 2537 1061 2563 (at-saris
1072 2537 1205 2563 duntaxat
1219 2544 1316 2563 nomen
1325 2544 1356 2563 ac
1367 2537 1530 2569 dignitatem
1539 2544 1648 2570 gerens,
1660 2544 1731 2563 rem-

944 2572 1081 2605 publicam
1100 2572 1314 2600 administraret.
1334 2575 1363 2598 ut
1389 2572 1483 2598 videre
1499 2576 1540 2597 est
1553 2579 1578 2597 ll)
1596 2579 1657 2604 cap.
1688 2572 1729 2601 14,

943 2607 990 2632 lib.
1007 2614 1045 2632 Ill.
1072 2606 1121 2633 Cui
1134 2607 1271 2633 consentit
1285 2606 1417 2640 Evagrius
1434 2610 1530 2632 noster
1546 2613 1552 2630 :
1569 2607 1668 2640 quippe
1683 2607 1729 2639 qui

944 2646 1060 2667 mortem
1084 2642 1184 2668 Justini
1201 2642 1324 2668 .Iunioris
1344 2641 1427 2668 refert
1453 2641 1533 2670 infra,
1558 2640 1584 2666 in
1607 2650 1666 2674 cap.
1686 2642 1728 2672 l9,

944 2676 1025 2710 hujus
1046 2676 1119 2702 libri.
1138 2677 1188 2704 Ubi
1207 2677 1310 2703 diserte
1325 2676 1421 2703 scribit
1445 2675 1599 2706 Tiberium,
1621 2680 1730 2702 mortuo

942 2711 1052 2747 demum
1063 2711 1184 2742 Justino,
1201 2712 1321 2747 magistri
1337 2711 1455 2738 militum
1472 2710 1634 2745 dignitatem
1648 2711 1727 2738 abro-

943 2755 1019 2780 gasse
1035 2746 1201 2773 .Iustiuianu.
