1966 3068
119 125 188 157 2338

597 124 790 156 HISTORIE
810 126 1108 158 ECCLESIASTICE
1129 127 1247 158 LIBER
1266 129 1300 161 V.

1689 107 1758 161 233i

120 184 219 213 ὡσατο,
231 182 268 214 ὼς
285 182 315 208 τὸ
330 181 380 216 μὲν
395 180 562 216 κινδύνευμα
577 181 719 208 εὐϐουλίαν
734 180 815 214 εἶναι,
825 182 871 209 τὸν
886 183 915 210 δὲ

974 190 1028 218 jure
1046 188 1133 210 mater
1149 189 1192 210 est
1206 183 1380 216 temeritatis,
1400 187 1427 210 et
1442 181 1477 211 ab
1492 191 1523 211 ea
1536 183 1711 218 disjunctum.
1727 192 1761 211 ac

121 227 200 255 ὕκνον
225 227 392 261 ἀσφάλειαν,
421 227 548 262 ἀνδρείας
566 236 594 254 τε
617 228 664 254 καὶ
683 229 840 264 φρονήσεως
859 230 916 260 τοῖς

122 275 227 310 καιροῖς
252 274 426 309 ὀχουμένων,
452 275 499 300 καὶ
521 273 572 305 τὰς
594 275 672 309 ἡνίας
689 275 915 310 πρυτανευόντων

122 320 189 355 πρὸς
201 319 215 345 ὂ
233 319 265 346 ἂν
281 320 297 355 ἠ
312 320 392 355 χρεία
409 319 553 355 ἐπιτάττῃ,
568 319 615 345 καὶ
627 320 676 354 τὴν
689 319 785 354 ὖφεσιν
800 320 845 346 καὶ
858 320 916 346 ἐπί-

121 374 201 392 τασιν
216 366 306 392 αὐτῶν
323 365 377 392 τῶν
391 365 485 400 ὁρμῶν
495 385 503 397 ,
524 365 616 401 μέτρῳ
629 366 683 391 τινὶ
699 365 745 392 καὶ
761 366 858 401 ῥυθμῷ
871 366 914 400 γί-

122 411 244 445 γνεσθαι.
263 412 329 447 Περὶ
342 408 373 438 οὗ
390 411 555 446 τελεώτερον
571 412 599 437 ἐν
613 412 667 441 τοῖς
683 410 747 446 ἑξῆς
762 412 914 446 εἰρήσεται.

123 458 207 489 Ὀσος
231 458 285 493 γὰρ
309 458 356 485 καὶ
376 456 442 490 οἷος,
460 458 493 492 τῇ
508 456 635 492 βασιλείᾳ
651 457 818 490 φυλακτέον,
837 459 854 494 ἢ
870 459 916 485 τὸν

121 503 207 539 ἄνδρα
222 503 393 538 τρανὼτερον
408 502 567 537 διεσάφησε,
584 501 623 536 τῷ
638 502 804 538 αὐτεξουσίῳ
822 507 868 529 καί
883 504 916 530 τὰ

123 549 195 575 ἔνδον
210 548 399 581 ἀναπτύξασα.
426 544 511 579 Οὗτος
531 547 580 582 μὲν
607 544 653 574 οὖν
670 548 683 573 ὁ
697 547 851 582 Μαυρίκιος
867 548 917 580 τὰς

121 594 348 630 ἐπιστρατεύει-εις
372 594 561 628 ποιησάμενος
585 593 658 620 κατὰ
680 593 729 627 τῆς
751 593 916 628 ὑπερορίας,

123 642 216 672 πόλεις
231 649 261 667 τε
279 641 326 667 καὶ
342 640 460 676 φρούρια
477 640 596 674 Πέρσαις
611 639 811 674 ἐπικαιρότατα
825 641 915 674 αἱρεῖ·

123 687 198 714 λείαν
219 695 249 713 τε
274 687 410 722 τοσαύτην
435 685 623 721 περιεϐάλετο,
644 684 715 712 ὥστε
731 685 765 712 τὰ
780 694 917 720 σαγηνευ-

124 730 206 760 ὓέντα
235 733 397 769 αἰχμάλωτα
425 733 593 767 ὁλοκλήρους
614 733 713 765 νήσους
739 732 786 759 καὶ
813 733 915 764 πόλεις,

123 779 226 815 ἀγρούς
249 788 279 806 τε.
304 779 501 815 ἐρημωθέντας
523 778 563 814 τῷ
583 779 672 814 χρόνῳ
691 778 833 813 ἐξοικῆσαι
849 779 916 813 (90),

123 829 174 862 τήν
196 835 226 853 τε
252 827 304 862 γῆν
329 826 439 861 ἐνεργὸν
464 825 688 861 καταστήσασθαι
714 826 803 859 πάντη
822 824 918 860 πρώην

123 873 300 908 ἀγεώργητον
312 870 405 905 οὖσαν,
419 871 590 905 στρατόπεδά
601 880 630 898 τε
643 871 671 902 ἐξ
682 872 772 898 αὐτῶν
785 871 916 906 συστῆναι

125 918 279 955 πολύανδρα
296 919 367 945 κατὰ
380 919 435 945 τῶν
450 918 538 945 ἄλλων
555 917 640 944 ἐθνῶν
657 917 729 952 μάλα
743 917 877 951 γεννικῶς
887 926 917 943 τε

125 966 173 992 καὶ
188 965 320 1000 ἀνδρείως
334 965 544 1000 ἁγωνισάμεναε
566 964 745 1000 πληρωθῆναι
758 963 786 990 δὲ
803 964 850 990 καὶ
865 964 918 991 πά-

126 1020 161 1047 σῃ
182 1011 258 1047 ἑστίᾳ
279 1011 330 1042 τὰς
347 1010 486 1042 οἰκετικὰς
503 1010 597 1045 χρείας
612 1029 619 1041 ,
646 1010 675 1040 ἐς
698 1009 728 1036 τὺ
752 1009 917 1044 κουφότατον

124 1058 179 1083 τῶν
196 1057 369 1092 ἀνδραπόδων
385 1057 602 1091 ἐκποιουμένων.

967 228 1151 255 nihilominus
1169 229 1344 264 eonjuuctam
1363 227 1511 263 ignaviam,
1524 228 1562 254 ita
1580 227 1614 255 ab
1630 235 1659 255 sc
1674 227 1760 262 depu-

967 273 1047 305 lerat,
1063 278 1093 300 ut
1107 274 1216 308 quoties
1234 275 1260 301 in
1275 274 1426 301 discrimen
1443 274 1560 305 veniret,
1580 273 1733 308 prudentia:
1752 281 1760 300 :

966 318 1048 355 447
1065 320 1175 354 quoties
1188 325 1375 352 cunctaretur,
1394 318 1533 348 securitati
1547 319 1762 347 adscribendum,

967 368 1050 391 esset.
1065 364 1171 399 Quippe
1184 364 1316 392 fortitudo
1334 373 1365 392 ac
1379 365 1527 399 prudentia
1543 363 1760 399 opportunitati-

967 410 1020 438 bus
1037 414 1203 446 tetnporum,
1223 412 1298 439 velut.
1321 419 1394 446 equo
1415 411 1525 438 cuidam
1543 411 1712 442 insidebant,
1733 414 1760 437 et

967 458 1090 485 habenas
1099 458 1313 486 moderabautur
1322 459 1401 494 juxta
1416 458 1443 485 id
1456 458 1529 493 quod
1541 458 1648 486 utilitas
1660 457 1762 492 Reipu—

968 504 1047 532 blicae
1063 505 1252 540 praecipiebat.
1268 507 1364 539 itaque
1386 504 1495 539 quoties
1511 505 1645 540 impetutn
1667 504 1763 531 remit-

969 550 1044 577 tebat
1074 554 1121 577 aut
1146 550 1295 583 relaxabat,
1312 550 1340 577 id
1370 549 1453 577 ﬁebat
1481 558 1535 577 non
1551 550 1610 577 sine
1634 557 1762 577 mensura

967 596 1087 630 quadarn
1115 600 1197 631 atque
1214 597 1332 624 ratione.
1345 596 1400 624 Sed
1417 595 1451 623 de
1473 596 1526 623 hac
1551 603 1581 623 re
1607 595 1763 623 accuratiis

967 646 1030 676 post
1055 642 1113 669 haec
1128 642 1229 669 dicturi
1247 651 1354 670 sumus.
1381 643 1475 677 Qualis
1491 642 1564 670 enim
1589 647 1763 677 quantusque

968 688 1117 720 exstiterit,
1142 688 1259 723 imperio
1277 689 1366 723 ipsius
1391 688 1591 716 reservandum
1616 692 1668 715 est.
1685 687 1763 721 Quod

969 733 1080 768 quidem
1105 741 1197 761 mores
1224 735 1285 770 ejus
1299 735 1380 770 longe
1402 734 1579 762 manifestius
1602 734 1762 764 declaravit.

969 779 1034 805 dum
1061 779 1149 807 libera
1166 780 1295 807 facultate
1322 781 1433 815 quidvis
1448 781 1546 816 agendi
1567 781 1593 808 ci
1620 788 1762 811 concessa.

971 824 1079 852 interna
1102 826 1162 861 ejus
1179 827 1309 854 omnibus
1334 826 1474 862 patefecit.
1498 827 1548 854 llic
1561 827 1645 862 igitur
1661 827 1764 855 Mauri-

969 871 1040 903 cius,
1057 879 1119 899 cum
1138 873 1262 900 exercitu
1280 873 1406 900 Romano
1425 874 1452 900 in
1465 874 1611 901 Persarum
1625 873 1763 909 regionem

971 918 1124 953 ingressus,
1143 919 1227 946 urbes
1255 923 1282 947 et
1301 919 1414 948 castella
1436 925 1591 955 opportune
1615 919 1765 947 admodum

972 964 1024 991 sita
1041 964 1208 999 occupavit:
1235 968 1394 1001 tantamque
1408 966 1528 1001 prmdam
1551 966 1634 1000 cepit,
1660 970 1690 993 ut
1718 973 1765 993 ca-

972 1010 1039 1045 ptivi
1054 1018 1124 1045 quos
1136 1018 1170 1038 ex
1185 1011 1298 1039 Perside
1308 1011 1471 1044 abduxerat,
1489 1012 1611 1047 integras
1623 1011 1726 1039 insulas
1738 1015 1767 1038 et

973 1056 1067 1089 urbes,
1086 1061 1168 1092 atque
1179 1065 1260 1093 agros
1279 1058 1445 1093 jampridem
1460 1058 1587 1086 desertos
1601 1058 1765 1089 incolerent.

126 1109 154 1132 et
169 1108 281 1136 terram,
295 1111 355 1138 quas
386 1103 464 1138 prius
481 1102 586 1130 inculta
610 1106 678 1130 erat.
699 1101 844 1129 fecundam
872 1102 1043 1130 redderent:
1060 1108 1144 1138 utque
1166 1111 1198 1130 ex
1232 1103 1286 1131 illis
1309 1104 1435 1140 ingentes
1449 1105 1589 1133 exercitus
1614 1105 1765 1139 conscripti

125 1152 240 1184 fuerint,
254 1152 301 1186 qui
321 1155 415 1186 postea
428 1155 524 1179 contra
538 1151 612 1178 alias.
624 1150 809 1177 Barbarorum
825 1154 922 1186 gentes
942 1155 1056 1179 strenue
1086 1159 1117 1179 ac
1139 1151 1248 1179 fortiter
1266 1152 1461 1187 depugnarunt
1480 1162 1485 1179 :
1521 1153 1642 1188 denique
1659 1157 1688 1180 ut
1714 1152 1768 1180 siu-

126 1200 197 1235 gulte
225 1199 324 1226 domus
351 1198 486 1226 haberent
518 1197 566 1233 qui
582 1197 693 1225 servilia
710 1205 825 1225 munera
857 1197 1015 1232 implerent,
1038 1205 1100 1225 cum
1115 1198 1188 1225 servi
1228 1206 1259 1225 ac
1277 1198 1412 1234 tnaucipia
1427 1198 1561 1227 vilissimo
1576 1198 1668 1234 pretio
1690 1207 1767 1227 coru-

125 1249 302 1282 pararentur.

446 1313 576 1339 ΚΕΦΑᾹ.
594 1313 636 1338 Κ’.

131 1358 180 1391 Ὧς
199 1358 397 1394 Ταμχοσρόην
418 1357 686 1394 καὶᾌδααρμιίνην
699 1355 771 1394 τοὺς
796 1354 921 1390 Περσῶν

267 1391 453 1427 ἱττρατηγοὺς
468 1393 592 1425 ἐνίκησε
607 1391 778 1426 Μαιῳίκιος.

162 1449 358 1485 Συνανεπλάκη
373 1449 401 1476 δὲ
426 1449 474 1475 καὶ
493 1449 548 1479 τοῖς
562 1448 684 1483 ἀρίστοις
700 1447 824 1483 Περσῶν,
837 1447 876 1483 τῷ
892 1456 921 1474 τε

1293 1311 1369 1339 CAP.
1388 1312 1446 1344 XX,

971 1354 1107 1388 Quomodo
1129 1355 1272 1392 Mauricius
1285 1356 1499 1384 Tanchosdraem
1516 1362 1540 1384 et
1555 1357 1767 1392 Adaarmancm,

1151 1391 1295 1418 Persarum
1314 1392 1403 1426 duces,
1425 1393 1560 1420 devicerit.

1006 1447 1137 1475 Conflixit
1154 1449 1238 1476 etiam
1249 1457 1310 1476 cum
1326 1450 1563 1484 praestantissimis
1576 1450 1694 1479 ducibus
1704 1452 1770 1480 Por-

126 1497 293 1533 Ταμχοσρὸῃ
308 1497 355 1523 καὶ
377 1495 551 1530 Ἀδααρμάνῃ
568 1495 636 1530 μετὰ
650 1494 788 1528 ἀξιολόγου
806 1494 920 1530 στρατοῦ

977 1501 1080 1527 sarum,
1108 1493 1314 1522 Tamchosdroe
1339 1495 1445 1523 scilicet
1470 1495 1693 1528 etAdaarmane,
1723 1498 1771 1532 qui

127 1542 372 1578 ἐπιστρατεύσασι·
389 1541 436 1568 καὶ
449 1541 524 1572 ὅπως
541 1540 600 1575 μὲν,
616 1541 662 1566 καὶ
679 1540 729 1571 ὅτι,
744 1541 789 1566 καὶ
805 1540 859 1574 ὅπη
878 1539 924 1566 πέ-

126 1597 260 1626 πρακται,
277 1589 351 1616 ἄλλοι
374 1588 546 1623 γραφόντων,
573 1586 589 1621 ἤ
605 1587 651 1613 καὶ
668 1586 732 1621 παρ’
751 1586 829 1622 ἡμῶν
857 1586 922 1617 ἴσως

127 1638 156 1663 ἐν
171 1636 257 1670 ἑτέρῳ
280 1635 417 1667 λελέξεται
444 1634 527 1668 πόνῳ,
551 1632 600 1667 τῆς
620 1632 763 1667 παρούσης
790 1640 922 1667 πραγμα-

127 1681 205 1712 τείας
218 1680 300 1714 ’ἔτερα
327 1679 444 1715 μάλιστα
467 1677 771 1712 κατεπαγγελλομένης.
787 1677 885 1703 Πίπτει
899 1676 921 1703 δ’

127 1725 176 1753 οὖν
190 1726 265 1761 ὅμως
282 1727 352 1752 κατὰ
367 1725 415 1761 τὴν
431 1724 586 1760 παράταξιν
604 1723 618 1749 ὁ
648 1722 828 1759 Ταμχοσρόης
845 1723 900 1758 (9|)
915 1742 921 1754 ,

127 1774 180 1800 οὐκ
207 1773 320 1808 ἀνδρείᾳ.
335 1771 381 1798 τοῦ
412 1771 557 1807 Ῥωμαίων
591 1769 727 1805 στρατοῦ,
753 1769 879 1804 εὐλαϐείᾳ
895 1769 923 1795 δὲ

131 1820 212 1856 μόνῃ.
230 1820 278 1846 καὶ
303 1820 335 1854 τῇ
349 1819 378 1850 ἐς
404 1818 472 1845 Θεὸν
495 1818 588 1844 πίστει
609 1816 656 1844 τοῦ
674 1817 839 1852 στρατηγοῦ.
856 1817 923 1843 Φεύ-

128 1855 172 1901 Ῠει
189 1866 217 1892 δὲ
231 1865 277 1892 καὶ
293 1866 307 1892 ὁ
330 1864 525 1900 Ἀδααρμάνης
551 1864 722 1898 κατακράτος
743 1864 771 1889 ἐν
785 1855 816 1898 τῇ
848 1863 923 1898 μάχῃ

129 1911 258 1942 πταίσας,
284 1910 331 1936 καὶ
354 1908 469 1940 πολλοὺς
493 1908 547 1936 τῶν
565 1908 675 1935 οἰκείων
703 1907 858 1934 ἀποϐαλών·
877 1908 923 1934 καὶ

128 1955 216 1982 ταῦτα.
241 1955 461 1990 Ἀλαμουνδάρου
491 1954 710 1989 καταπροδόντος
737 1953 797 1988 (Ῑ),
816 1953 846 1984 ὃς
869 1953 923 1980 τῶν

129 2001 276 2037 Σκηνητῶν
293 2002 385 2036 ἡγεῖτο
401 2000 559 2036 βαρϐάρων,
575 2001 622 2027 καὶ
651 2000 697 2026 τὸν
714 1999 861 2034 Εὐφράτην
875 2000 924 2035 οὐχ

129 2047 261 2081 ἑλομένου
281 2040 409 2079 διαϐῆναι
438 2047 571 2081 ποταμὸν,
602 2046 650 2072 καὶ
684 2046 866 2080 συμμαχῆσαι
885 2045 924 2080 τῷ

129 2092 279 2127 Μαυρικὶῳ
296 2092 367 2119 κατὰ
391 2092 445 2119 τῶν
466 2092 632 2123 ἀπεναντίας
655 2091 801 2126 Σκηνητῶν
822 2090 925 2126 βαρϐά-

130 2145 187 2172 ρων
201 2138 234 2165 ¹⁹.
258 2138 488 2172 Ἀκαταγώνιστοι
504 2137 558 2173 γὰρ
570 2138 627 2168 τοῖς
643 2136 733 2168 ἄλλοις
747 2136 791 2162 διὰ
807 2137 856 2172 τὴν
870 2137 924 2164 τῶν

976 1547 1038 1566 eum
1054 1539 1157 1574 ingenti
1171 1540 1296 1567 exercitu
1315 1540 1342 1566 in
1367 1540 1436 1568 fines
1454 1541 1642 1569 Romanorum
1664 1542 1772 1578 irrupe—

977 1590 1047 1614 rant.
1066 1585 1137 1619 Quid
1161 1591 1253 1614 autem
1280 1591 1387 1622 gestum
1416 1587 1464 1620 sit,
1480 1592 1509 1614 et
1532 1595 1652 1623 quonam
1676 1589 1771 1622 modo,

976 1633 1132 1668 quibusque
1147 1632 1174 1659 in
1187 1633 1266 1665 locis,
1281 1632 1405 1660 scribant
1419 1633 1465 1660 alii
1485 1642 1492 1660 :
1508 1637 1556 1660 aut
1575 1641 1590 1660 ει
1607 1633 1689 1661 nobis
1712 1634 1771 1662 for-

977 1684 1048 1707 tasse
1070 1679 1097 1705 in
1116 1679 1170 1705 alio
1185 1686 1268 1713 opere
1284 1683 1449 1713 exponetur.
1473 1679 1598 1706 Praesens
1608 1679 1682 1706 enim
1701 1687 1773 1714 opus

977 1725 1056 1760 longe
1072 1724 1188 1751 aliarum
1204 1732 1298 1751 rerum
1311 1724 1500 1752 narrationem
1517 1725 1674 1760 pollicetur.
1689 1724 1772 1754 Ceci-

977 1769 1019 1797 dit
1039 1769 1221 1796 nihilominus
1247 1769 1274 1796 in
1298 1777 1330 1796 ea
1357 1777 1447 1805 pugna
1474 1770 1686 1804 Tamchosroes,
1713 1779 1770 1799 non

976 1816 1116 1844 exercitus
1131 1815 1248 1843 Romani
1266 1815 1439 1849 fortitudine,
1456 1816 1504 1844 sed
1517 1816 1596 1844 ducis
1613 1825 1710 1844 eorutn
1724 1825 1769 1845 re-

976 1863 1079 1898 ligione
1095 1867 1122 1889 et
1136 1862 1164 1889 in
1180 1862 1266 1889 Deum
1283 1860 1348 1889 fide.
1367 1861 1557 1890 Adaarmaues
1571 1870 1654 1897 vero,
1669 1863 1773 1899 ingenti

977 1908 1054 1936 clade
1062 1912 1184 1943 accepta,
1202 1912 1230 1935 et
1245 1907 1340 1935 multis
1351 1916 1466 1936 suorum
1483 1909 1606 1942 amissis,
1620 1910 1773 1938 contentis-

977 1954 1047 1982 sime
1063 1954 1154 1989 fugit:
1169 1953 1252 1988 idque
1276 1954 1387 1981 tametsi
1403 1954 1606 1982 Alamundarus
1622 1955 1775 1983 Saraceno-

978 2007 1040 2027 rutn
1054 1999 1108 2026 dux
1125 1998 1304 2033 prodidisset,
1320 2006 1372 2026 nec
1391 1998 1561 2034 Euphratem
1574 2007 1683 2027 amnem
1698 2000 1776 2035 traji-

978 2054 1052 2078 cere,
1065 2050 1093 2072 et
1105 2043 1236 2072 Mauricio
1247 2043 1380 2072 adversus
1388 2044 1539 2073 Saracenos
1554 2046 1600 2081 qtti
1617 2046 1645 2073 in
1654 2046 1775 2073 hostium

979 2092 1038 2120 acie
1052 2096 1143 2124 erant,
1159 2091 1302 2126 suppetias
1316 2090 1390 2118 ferre
1402 2091 1547 2119 voluisset.
1560 2092 1629 2119 Nam
1644 2091 1775 2120 Saraceni

979 2138 1013 2164 ab
1032 2137 1093 2164 aliis
1129 2135 1257 2170 superari
1283 2142 1339 2162 non
1354 2140 1472 2170 possunt
1498 2142 1611 2172 propter
1638 2142 1775 2172 equorum

130 2183 223 2210 ἵππων
265 2183 411 2220 ὠκύτητα,
436 2183 498 2210 οὕτε
535 2182 828 2218 καταλαμϐανόμενοι,
845 2183 920 2210 εἴποι.

978 2183 1184 2219 pernicitatem.
1201 2181 1308 2218 Quippe
1322 2182 1370 2217 qui
1386 2190 1437 2211 nec
1450 2184 1647 2219 comprehendi
1669 2184 1777 2220 possint

802 2263 919 2290 VARUS
929 2302 933 2306 .
943 2262 1155 2298 LECTlONES._‘

169 2327 192 2343 "
204 2325 234 2354 C.
251 2325 282 2353 C.
303 2325 438 2361 Ἀράϐων.

748 2384 882 2412 VALESII
898 2383 1181 2415 ANNOTATIONES’.

169 2443 226 2477 (90)
237 2442 411 2476 Ἐξοικισαι.
423 2442 451 2468 ln
462 2441 557 2477 codice
566 2441 727 2470 Florentino
739 2442 872 2476 scriptum
884 2444 927 2470 in-

131 2479 194 2506 veni
212 2478 361 2513 ἐξοικῆσαι.
374 2476 553 2513 Νἰεβρίιοιιιιε
573 2485 641 2504 vero
659 2477 821 2513 simpliciter
835 2478 927 2512 posuit

131 2514 247 2540 οἰκίσαιξ
255 2511 312 2549 Ego
321 2520 375 2540 non
384 2511 482 2538 dubito
488 2513 554 2549 quin
566 2512 700 2549 Evagrius
706 2511 848 2547 scripserit
857 2515 926 2549 snt-

131 2549 221 2610 ῗίξαι.
235 2547 309 2610 [tigris
328 2552 416 2576 estea
430 2554 498 2574 voce
518 2548 652 2583 Evagrius
672 2547 700 2574 iu
723 2555 784 2582 cap.
811 2548 824 2575 1
855 2555 887 2575 ac
909 2548 927 2574 2

142 2592 218 2610 1111115
246 2592 252 2610 l
278 2592 312 2610 ΓΙ.

131 2584 218 2616 liuius
235 2583 313 2616 libri,

168 2593 512 2654 iltll?)ll'lgl.7'ajioo'xpdqc.
547 2617 732 2645 Scribendum
763 2622 806 2654 est
824 2619 921 2652 procul

131 2654 220 2682 dubio
236 2653 426 2690 Ταμχησρόηξζ
445 2655 491 2681 Sic
502 2654 578 2680 enim
598 2654 686 2690 paulo
710 2657 776 2690 ante
790 2653 925 2688 Evagrius

130 2697 197 2717 eum
212 2687 439 2717 vocatIMéminit
452 2690 535 2724 hujus
555 2687 636 2716 dueis
662 2687 812 2716 Menander
832 2694 925 2724 prote-

980 2448 1041 2480 ctor
1055 2444 1082 2470 in
1097 2444 1242 2479 Excerptis
1255 2444 1437 2480 legationum,
1452 2451 1482 2473 et
1505 2443 1729 2480 Theopbylactus
1746 2445 1774 2472 in

981 2479 1053 2506 libro
1065 2487 1103 2506 ιιι.
1120 2480 1247 2513 Qualiter
1264 2479 1329 2507 vero
1344 2480 1371 2507 in
1394 2480 1490 2514 prtelio
1511 2480 1645 2507 adversus
1669 2479 1775 2506 Mauri-

981 2515 1055 2541 cium
1071 2515 1235 2550 interfectus
1250 2515 1297 2546 sit,
1315 2515 1402 2543 refert
1421 2515 1494 2542 idem
1511 2514 1734 2550 Theophylactus
1748 2515 1775 2541 in

980 2557 1042 2584 cap.
1058 2549 1092 2576 18
1115 2550 1179 2577 libri
1195 2558 1235 2577 ιιι.
1252 2550 1338 2585 idque
1364 2555 1472 2586 gestum
1487 2558 1548 2586 esse
1575 2549 1698 2586 testatur
1714 2555 1777 2586 post

981 2589 1100 2612 mortem
1127 2584 1302 2620 imperatoris
1319 2584 1434 2618 Jus'tini,
1452 2585 1564 2613 Tiberio
1576 2585 1633 2619 jam
1666 2584 1700 2612 ad
1717 2585 1774 2612 Au-

979 2624 1089 2654 gustum
1106 2621 1216 2648 cultncn
1232 2626 1339 2649 evecto.
1357 2621 1386 2648 ln
1405 2620 1502 2650 codice
1529 2620 1684 2648 Tclleriano
1705 2620 1775 2647 scri-

980 2660 1057 2690 ptttm
1067 2661 1111 2683 est
1121 2657 1240 2691 χοσρόις.

867 2760 1060 2790 VAlilOl‘tL'M.

171 2821 216 2855 (1)
235 2823 456 2857 Ἀλαμουδᾰρου
476 2823 730 2857 καταπροδόντος.
754 2823 922 2852 Alatnumla-

132 2865 191 2891 rus,
211 2857 395 2887 Romanorum
415 2859 445 2887 in
465 2859 516 2888 hac
527 2859 701 2895 expeditione
712 2867 815 2895 comes,
829 2868 925 2888 eorum

980 2825 1093 2852 consilia
1115 2826 1259 2852 Persarum
1278 2825 1333 2859 regi
1355 2825 1511 2859 prodidisse
1539 2824 1635 2852 fertur.
1669 2823 1770 2859 l'agius

980 2860 1130 2889 ίιιυιὙιιίςῑι
1150 2869 1222 2888 anno
1241 2861 1301 2894 fiSl,
1321 2869 1348 2887 ιι.
1366 2861 1405 2888 H.
1768 2866 1769 2869 ‘
