1966 3068
209 119 282 151 “2813

799 120 959 151 EVAGRII
981 119 1226 151 SCHOLASTICI

1779 120 1845 152 28H

245 175 289 204 VI.
309 175 454 209 Quomodo
474 175 624 210 imperator
643 171 736 201 denuo
751 173 935 208 Pbilippicum
953 174 996 200 mi

1091 175 1136 207 ς’.
1156 174 1198 206 Ὠς
1212 174 1225 200 ὁ
1238 173 1364 209 βασιλεὺς
1375 174 1538 202 Φιλιππικὸν
1552 174 1633 202 πάλιν
1645 174 1843 209 ἰξαπέστειὶαν,

204 222 255 255 sit,
271 226 356 257 utque
372 222 511 249 exercitus
521 228 585 248 eum
605 219 746 254 suscipere
762 218 911 246 recusavit.

244 267 299 296 VII.
321 268 358 295 De
371 267 503 303 Gregorio
513 266 666 295 Antiochia:
680 266 821 301 episcopo.
832 265 921 300 deque
936 273 1000 293 con-

206 315 316 342 cinnata
330 313 463 341 adversus
475 321 539 341 cum
560 312 714 344 calumnia,
735 316 763 339 et
784 311 923 347 quomodo
940 319 1000 339 eam

206 362 265 390 fulsi
288 362 450 390 convicerit.

243 408 309 435 \‘III.
334 407 477 441 Quomodo
499 406 646 434 Antiochia
665 410 746 434 terrae
766 406 888 434 motibus
908 405 1000 433 denuo

205 457 301 480 vexata
320 458 372 480 est.

240 499 284 526 IX.
300 498 444 531 Quomodo
461 497 574 524 Barbari
592 496 691 523 ﬁducia
707 499 815 530 sumpta
828 504 861 523 ex
877 503 911 523 eo
925 495 999 531 quod

203 544 305 572 milites
320 544 354 571 ab
372 544 539 578 imperatore
557 541 739 575 defecissent,
753 542 866 569 eosdem
882 542 998 578 egressi,

203 600 217 618 a
233 590 370 618 Germano
385 589 507 624 superati
524 592 597 616 sunt.

238 635 273 663 X.
296 635 334 663 De
352 635 527 670 imperatoris
542 635 569 662 in
587 633 704 661 rebelles
719 633 877 661 clementia.

236 723 282 751 XI.
306 723 449 757 Quomodo
466 722 616 757 Gregorius
636 721 832 750 Antiochensis
851 722 997 758 episcopus

202 770 235 797 ad
252 770 388 805 pacandos
402 769 504 796 milites
523 769 646 797 directus
661 773 712 797 est.

237 816 295 843 XII.
321 815 445 851 Gregorii
464 816 552 843 oratio
567 815 600 843 ad
619 817 780 843 exercitam.

238 860 307 889 XIII.
331 861 474 894 Quomodo
491 866 551 896 post
566 861 719 889 orationem
731 861 865 896 Gregorii,
882 861 995 892 milites.
1013 853 1033 880 Β

202 907 326 942 deposita
338 908 430 942 priore
440 908 586 940 sententia,
601 907 784 943 Pbilippicum
796 907 895 935 ducent
905 907 997 935 denuo

201 958 394 987 susceperunt.

237 999 308 1027 XIV.
326 999 472 1033 Quomodo
489 1003 569 1035 capta
587 999 623 1027 sit
634 998 834 1035 Martyropolis.

237 1046 295 1074 XV.
311 1046 349 1073 De
369 1046 543 1074 Comentiolo
559 1047 689 1082 magistro
704 1046 835 1079 militum,
851 1050 879 1072 et
896 1045 930 1073 de
947 1052 995 1072 ex-

202 1091 368 1126 pugnatione
383 1092 486 1119 castelli
505 1091 625 1119 IIoebas.

238 1137 305 1165 XVI.
325 1138 363 1166 De
376 1138 449 1166 aede
463 1138 627 1166 Hormisdaa.

236 1183 317 1211 XVII.
343 1184 382 1211 De
398 1184 518 1220 junioris
544 1184 677 1212 Cliosrois
703 1183 736 1211 ad
764 1183 902 1211 Romanos
921 1182 994 1218 fuga.

236 1279 329 1308 XVIII.
348 1279 471 1313 Qualiter
495 1279 647 1315 imperator
663 1278 826 1314 Gregorium
848 1285 881 1305 ac
901 1276 995 1304 Domi-

202 1325 307 1353 tianum
328 1324 444 1352 Chosroi
456 1325 566 1352 obviam
581 1325 621 1352 ire
632 1325 726 1360 jussit.

237 1369 308 1397 XIX.
335 1369 480 1403 Quomodo
513 1369 651 1398 Chosroes
679 1370 865 1397 Romanorum
891 1367 996 1396 auxilio

202 1416 318 1451 regnum
337 1424 417 1444 suum
433 1416 617 1451 recuperavit.

237 1461 296 1489 XX.
321 1462 359 1489 De
373 1466 467 1489 saneta
482 1466 570 1489 matre
584 1461 756 1494 Golanduch,
775 1468 836 1497 quae
852 1460 906 1488 illis
923 1465 994 1488 tem-

203 1507 318 1542 poribus
334 1508 411 1534 vixit.

240 1554 309 1581 XXI.
332 1555 370 1581 De
386 1554 508 1582 donariis
540 1563 601 1590 quae
623 1553 761 1582 Chosroes
789 1554 862 1582 misit
881 1555 914 1582 ad
933 1563 998 1583 san-

204 1605 278 1628 ctum
295 1606 441 1637 martyrem
460 1601 597 1637 Sergium.

240 1647 321 1674 XXII.
346 1647 383 1674 De
398 1647 536 1675 Naamaue
552 1647 698 1675 Saracena.

239 1694 334 1722 XXIII.
360 1695 398 1722 De
424 1694 502 1722 obitu
530 1694 617 1722 sancti
656 1693 796 1721 Simeonis
822 1693 926 1729 Stylita:
950 1693 997 1730 ju-

203 1741 302 1768 moris.

240 1786 332 1814 XXIV.
352 1787 389 1814 De
412 1787 488 1814 obitu
508 1786 633 1822 Gregorii
653 1786 848 1814 Antiochensis
863 1785 997 1821 episc0pi,

202 1837 231 1860 ct
246 1833 420 1860 restitutione
435 1832 582 1860 Anastasii.
987 1822 993 1831 ”

409 1989 490 2027 453
515 1989 627 2019 CAPUT
647 1988 792 2018 PRIMUM.

353 2047 392 2074 De
409 2047 506 2082 nuptiis
524 2047 646 2074 Mauricii
661 2051 686 2073 et
703 2046 840 2082 Anguem.

236 2103 386 2131 Mauricius
410 2103 491 2131 simul
518 2108 601 2138 atque
625 2103 772 2137 imperium
798 2102 914 2137 adeptus
940 2105 992 2134 est,

199 2155 264 2178 ante
277 2149 368 2177 omnia
381 2149 541 2184 nuptiarum
556 2157 670 2176 suarum
683 2152 845 2184 apparatum
862 2147 992 2176 instituit.

200 2198 351 2233 Augustam
376 2196 469 2232 igitur,
493 2203 554 2230 quae
580 2199 609 2223 et
630 2193 812 2222 Constantina
838 2194 992 2226 dicebatur,

200 2242 315 2272 solemni
332 2243 527 2278 imperatorum
541 2248 618 2268 more
632 2248 745 2268 uxorem
761 2240 851 2272 duxit,
876 2239 993 2275 nuptiali

201 2297 322 2328 pompa,
348 2293 376 2316 et
401 2287 521 2323 publicis
545 2286 635 2321 epulis
660 2293 693 2313 ac
718 2285 915 2314 festivitatibus
945 2292 995 2320 per

201 2341 285 2363 totam
309 2334 405 2361 urbem
429 2331 700 2368 magniﬁcentissime
724 2331 881 2359 celebratis.
907 2330 994 2358 Inter-

200 2381 314 2408 l'uerunt
329 2380 372 2407 his
389 2379 495 2414 nuptiis
514 2378 602 2413 pietas
620 2382 648 2405 et
667 2377 846 2413 imperatoria
863 2377 992 2413 dignitas,

201 2427 398 2456 ilecentissimo
427 2425 556 2453 satellitio
590 2424 753 2452 Mauricium
784 2428 814 2452 et
841 2424 993 2459 Augustam

201 2474 348 2509 stipantcs,
369 2476 398 2499 et
420 2469 621 2506 pretiosissima
642 2469 683 2496 eis
699 2476 815 2496 munera
832 2468 992 2495 olI'erentes.

200 2521 268 2548 Nam
285 2519 330 2546 illa
341 2517 465 2553 quidem,
481 2515 555 2551 quod
571 2514 641 2542 nulli
656 2521 778 2549 unquam
794 2514 993 2549 imperatorum

199 2566 332 2602 obtigisse
350 2563 477 2600 legimus,
493 2566 600 2597 patrem
616 2561 697 2588 simul
712 2568 744 2587 ac
762 2564 877 2587 matrem
892 2560 994 2588 Mauri-

200 2612 236 2640 cii
247 2611 383 2643 exhibuit,
396 2610 442 2645 qui
454 2609 553 2636 decora
566 2607 667 2634 canitie
684 2606 814 2641 rupisque
829 2606 994 2634 venerandis

200 2659 312 2694 nuptias
324 2658 530 2685 sanctilicareut
542 2665 548 2683 :
566 2656 666 2682 fratres
681 2654 744 2682 item
762 2654 849 2681 forma
863 2661 893 2681 ac
906 2661 992 2680 venu-

198 2709 270 2732 state
284 2704 412 2736 eximios,
433 2702 479 2737 qui
495 2701 651 2737 nuptiarum
671 2707 797 2735 pompam
815 2704 991 2727 exornarem.

1055 220 1069 246 ὁ
1085 220 1112 246 δὲ
1128 219 1244 255 στρατὸς
1259 220 1353 247 τοῦτον
1373 221 1403 247 οὺ
1419 229 1456 247 πα
1462 220 1598 255 ρεδέξατο.

1089 266 1124 292 Z'.
1143 266 1209 301 Περὶ
1233 266 1382 302 Γρηγορίου
1395 267 1442 294 τοῦ
1456 266 1640 300 Θεουπόλεως,
1657 266 1705 293 καὶ
1722 267 1770 302 τῆς
1786 269 1845 295 κατ’

1052 311 1136 338 αὐτοῦ
1159 313 1310 348 γενομένης
1331 313 1525 348 συκοφαντίας,
1542 313 1590 340 καὶ
1604 313 1679 345 ὅπως
1696 321 1728 339 τε
1744 313 1844 350 ταύτην

1051 358 1137 394 ψευδῆ
1151 358 1300 393 διήλεγξεν.

1088 403 1130 431 II'.
1154 401 1197 436 Ὦς
1214 404 1294 431 πάλιν
1319 405 1372 432 ὑπὸ
1395 405 1517 442 σεισμῶν
1537 407 1553 442 ὴ
1569 406 1716 439 Θεούπολις
1735 407 1846 434 ἔπαθεν.

1087 490 1126 518 6'.
1158 491 1202 522 Ὠς
1225 490 1250 517 οἱ
1279 490 1416 526 Βάρόαροι
1444 490 1632 527 οαρῤήσαντες
1649 492 1681 526 τῇ
1698 490 1744 518 τοῦ
1763 499 1846 526 στρα-

1049 537 1186 573 τοῦηκατὰ
1207 537 1254 564 τοῦ
1275 537 1408 572 βασιλέως
1423 538 1584 570 ἀποστάσει,
1598 537 1704 569 τούτοις
1727 537 1847 573 προσϐα-

1049 583 1152 616 λόντες,
1169 584 1222 610 ὑπὸ
1234 584 1375 620 Γερμανιιῦ
1390 583 1557 620 ἡττήθησαν.

1084 631 1114 657 1'.
1140 631 1208 666 Περὶ
1235 630 1285 666 τῆς
1309 630 1358 657 τοῦ
1379 630 1512 666 βασιλέως
1540 632 1580 663 εις
1600 631 1662 662 τοὺς
1689 630 1846 661 ἀποστάτας

1050 677 1266 713 φιλανθρωπίας.

1085 722 1137 750 ΙΔ¹.
1161 724 1203 755 Ὧς
1227 724 1375 760 Γρηγόριος
1402 725 1415 751 ὁ
1439 723 1614 755 Θεουπόλεως
1639 723 1679 755 εἷς
1698 722 1844 757 διαλλαγὰς

1048 769 1218 805 ἐξαπεστάλη
1235 770 1282 796 τοῦ
1303 769 1429 805 στρατοῦ,
1828 778 1832 780 ’

1084 816 1134 843 IB'.
1154 814 1314 852 Δημηγορια
1328 816 1481 852 Γρηγορίου
1497 815 1564 852 προς
1581 816 1627 843 τὸν
1643 816 1766 852 στρατόν.

1087 863 1214 890 1Γ’.”Ὀτι
1237 863 1306 898 μετὰ
1338 862 1368 889 τὸ
1389 863 1583 898 δημηγορῆσαι
1601 862 1761 898 Γρηγόριον,
1782 870 1847 897 μετ-

1051 908 1143 936 έθεντο
1157 909 1217 940 ταῖς
1232 908 1357 943 γνώμαις
1369 909 1393 935 οἱ
1411 908 1588 944 στρατιῶται,
1599 909 1646 935 καὶ
1661 908 1741 935 πάλιν
1752 907 1847 943 δέχου·-

1050 964 1095 982 ται
1110 955 1274 982 Φιλιππικὸν
1290 955 1454 990 στρατηγόν.

1086 1002 1136 1028 ΙΔ’.
1159 1001 1228 1037 Περὶ
1245 1001 1294 1036 τῆς
1314 1001 1443 1033 ἁλώσεως
1467 999 1718 1036 Μαρτυροπόλεως.

1087 1048 1137 1075 IE’.
1153 1049 1221 1083 Περὶ
1242 1049 1292 1082 τῆς
1309 1047 1478 1084 στρατηγίας
1494 1047 1691 1083 Κομεντιόλου,
1707 1045 1754 1073 καὶ
1770 1045 1845 1073 ἀλώ-

1051 1103 1120 1126 σεως
1141 1094 1188 1121 τοῦ
1203 1095 1318 1127 Ὀκὸας.

1085 1140 1142 1175 IG".
1158 1142 1226 1178 Περὶ
1239 1142 1289 1177 τῆς
1306 1141 1473 1178 ἀναιρέσεως
1494 1139 1650 1177 ’ορμῑσδου.

1084 1187 1134 1214 [Z'.
1159 1187 1228 1222 Περὶ
1255 1187 1304 1222 τῆς
1322 1187 1392 1222 πρὸς
1415 1187 1489 1222 ἡμᾶς
1520 1187 1610 1221 φυγῆς
1630 1185 1677 1213 τοῦ
1705 1185 1766 1212 νέου
1789 1185 1846 1213 Xo-

1050 1233 1142 1268 σρόου.

1085 1279 1139 1305 III’.
1168 1278 1212 1310 Ὠς
1233 1278 1247 1305 ὁ
1267 1278 1396 1313 βασιλεὺς
1424 1278 1576 1314 Γρηγόριον
1607 1278 1653 1304 καὶ
1679 1277 1848 1313 Δομετιανὸν

1049 1325 1090 1356 εἰς
1105 1325 1261 1360 ἀπάντησιν
1280 1325 1403 1360 Χοσρόου
1421 1324 1624 1356 ἐξαπέστειλεν.

1084 1370 1135 1397 ῙΘ’.
1159 1370 1203 1400 Ὡς
1222 1370 1304 1397 πάλιν
1321 1371 1371 1406 τὴν
1384 1370 1471 1406 ἀρχὴν
1488 1369 1602 1406 Περσῶν
1615 1370 1738 1406 Χοσρόης
1752 1369 1848 1403 ἓλαὸε.

1056 1416 1199 1452 Ῥωμαίων
1215 1417 1289 1452 αὑτῷ
1305 1416 1510 1452 συναραμένων.

1084 1463 1127 1491 κ’.
1146 1463 1206 1490 Ὀτι
1219 1464 1280 1490 κατ’
1297 1464 1385 1490 ἐκεῖνο
1396 1462 1494 1499 καιροῦ
1508 1465 1524 1499 ἡ
1540 1463 1606 1498 ἁγία
1628 1463 1719 1499 μήτηρ
1734 1461 1769 1498 ἦν
1793 1463 1846 1490 Γοο

1048 1509 1174 1546 λανδούχ.

1088 1556 1154 1584 KA’.
1180 1557 1249 1592 Περὶ
1275 1553 1312 1583 ὧν
1337 1556 1443 1592 ἔπεμψε
1457 1555 1583 1592 Χοσρόης
1608 1554 1791 1590 ἀναθημάτων
1806 1554 1849 1590 τῷ

1052 1602 1123 1637 ἁγίῳ
1141 1601 1261 1637 μάρτυρι
1282 1602 1398 1638 Σεργίῳ.

1088 1648 1153 1674 KB’.
1169 1648 1239 1683 Περὶ
1257 1648 1409 1683 Νααμάνου
1423 1647 1471 1675 τοῦ
1488 1648 1660 1684 Σαρακηνοῦ.

1087 1693 1151 1720 Kl".
1170 1693 1238 1728 Περὶ
1247 1693 1297 1729 τῆς
1312 1693 1441 1729 τελευτῆς
1455 1693 1502 1721 τοῦ
1515 1695 1544 1720 ἐν
1560 1694 1648 1728 ἁγίοις
1663 1693 1778 1729 Συμεὼν
1796 1693 1848 1720 τοῦ

1052 1738 1113 1765 νέου
1129 1738 1269 1766 Στυλετου.

1088 1784 1224 1819 ΚΔ’.ῐῙερὶ
1235 1785 1284 1820 τῆς
1297 1784 1425 1820 τελευτῆς
1434 1785 1587 1820 Γρηγορῑου
1597 1785 1745 1813 ἐπισκόπου
1756 1785 1846 1812 Geo-J-

1051 1831 1167 1863 πόλεως,
1182 1831 1230 1857 καὶ
1242 1830 1492 1864 ἀποκαταστάσεως
1512 1832 1699 1859 Ἀναστασιου.

1265 1990 1464 2018 ΚΕΦΔΛΔΙΟΝ
1487 1990 1509 2017 Π
1515 1990 1633 2018 ΡΩΤΟΝ.

1007 2055 1032 2085 D
1091 2045 1161 2080 Περὶ
1177 2045 1229 2072 τοῦ
1246 2045 1341 2081 γάμου
1353 2048 1520 2081 Μαυρικίου
1532 2048 1581 2075 καὶ
1592 2048 1782 2083 Αὐγούστης.

1083 2102 1237 2138 Μαυρίκιος
1258 2102 1296 2135 δὲ,
1313 2103 1374 2129 ἐπεὶ
1396 2103 1551 2138 παρέλαϐεν
1563 2104 1611 2139 τὴν
1625 2105 1724 2140 ἀρχὴν,
1741 2105 1843 2139 πρῶτα

1047 2147 1096 2182 μὲν
1114 2146 1148 2173 τὰ
1173 2147 1240 2183 περὶ
1264 2147 1310 2174 τὸν
1333 2147 1422 2182 γάμον
1441 2147 1605 2183 ὲξηρτύετιν
1621 2148 1670 2176 καὶ
1689 2149 1760 2176 κατὰ
1774 2150 1844 2182 τοὺς

1046 2193 1204 2229 βασιλικοὺς
1217 2194 1336 2229 θεσμοὺς
1354 2193 1524 2228 Αὖγοῦσταν,
1539 2194 1589 2230 τὴν
1602 2195 1649 2222 καὶ
1663 2196 1844 2223 Κωνσταντι-

1045 2249 1104 2274 ναν,
1124 2240 1298 2273 ὲσοικίζεται·
1312 2240 1362 2276 τῆς
1382 2249 1412 2267 τε
1433 2241 1488 2268 τῶν
1504 2242 1601 2277 γάμων
1623 2242 1735 2278 πομπῆς
1750 2251 1844 2278 μεγα-

1044 2286 1189 2322 λοπρεπῶς
1201 2287 1401 2323 γεγενημένης,
1418 2287 1592 2323 δημοθοινίαις
1604 2296 1644 2320 τε,
1663 2289 1710 2315 καὶ
1731 2289 1846 2324 ἀγερω-

1045 2334 1107 2369 χίας
1123 2333 1277 2368 ικασταχοῦ
1293 2334 1343 2368 τῆς
1363 2334 1480 2365 πόλεως.
1499 2334 1629 2370 Παρῆσαν
1649 2334 1678 2362 δὲ
1693 2335 1730 2370 τῷ
1744 2335 1843 2371 γάμῳ,

1045 2379 1188 2406 θεοσέϐειά
1213 2388 1244 2406 τε
1271 2380 1319 2406 καὶ
1336 2379 1459 2414 βασιλεία
1481 2379 1678 2415 δορυφοροῦσαι
1692 2389 1722 2407 τε
1737 2381 1846 2416 ἐκπρε-

1045 2425 1186 2456 πέστατα,
1202 2425 1251 2452 καὶ
1271 2425 1475 2461 δωροφοροῦσαι
1499 2425 1535 2452 τὰ
1553 2425 1717 2460 τιμιώτατα.
1738 2427 1770 2452 'H
1788 2428 1846 2461 μὲν

1045 2472 1100 2507 γὰρ
1123 2471 1229 2507 πατέρα
1252 2472 1299 2498 καὶ
1324 2472 1431 2507 μητέρα
1464 2472 1624 2508 παρείχετο,
1640 2474 1726 2508 σεμνῇ
1744 2472 1844 2508 πολιᾷ,

1045 2517 1178 2552 αἰδεσιμῳ
1192 2526 1222 2544 τε
1238 2517 1325 2552 ῥυτίδι
1340 2517 1385 2544 τὸν
1398 2518 1487 2551 γάμον
1502 2517 1676 2551 ἀγιάσοντας,
1696 2518 1745 2552 οὐχ
1764 2519 1844 2544 ἱστο-

1047 2562 1127 2598 ρηθὲν
1143 2563 1171 2594 ἐς
1187 2562 1210 2578 ³³
1226 2562 1353 2597 βασιλέας
1378 2561 1488 2588 πώποτε
1503 2582 1510 2594 ,
1525 2561 1658 2596 ἀδελφούς
1680 2570 1709 2587 τε
1737 2562 1844 2593 καλοῖς

1045 2610 1091 2636 καὶ
1103 2608 1222 2644 ὼραὶους
1236 2608 1285 2644 τὴν
1310 2609 1444 2644 γαμήλιον
1457 2608 1572 2643 πομπὴν
1588 2608 1778 2643 σεμνύνοντας.
1807 2608 1843 2634 Ὶι

1044 2655 1070 2681 δέ
1084 2663 1126 2688 γε,
1142 2655 1304 2690 ἀμπεχόνην
1320 2655 1520 2690 χρυσόπαστον,
1537 2654 1676 2689 ἁλουργίδι
1691 2654 1738 2680 καὶ
1752 2654 1844 2686 licet;

1051 2700 1140 2727 Ίίδῶι
1159 2701 1380 2736 κεκοσμημένην,
1406 2701 1556 2734 στεφάνους
1581 2708 1609 2726 τε
1629 2699 1721 2735 χρυσῷ
1746 2699 1844 2734 πολλῷ

854 2770 968 2798 mnta:
990 2770 1194 2800 LEC‘t'wms.

237 2834 260 2853 ³⁸
276 2830 307 2858 C.
323 2830 354 2858 C.
371 2830 418 2861 ὠί.
