1966 3068
229 184 1434 207 W

914 184 1837 205 Μ

816 291 901 313 ANNO
920 291 1033 314 DOMINI
1055 291 1258 314 DLXX-DCVHI.

413 392 950 484 SANCTUS
1055 395 1674 486 EULOGIUS

510 573 979 619 ALEXANDBINUS
1028 573 1560 621 ARCHIEPISCOPUS.

952 765 1116 796 ΝΟΤΙΤΙΛ.

725 849 867 884 (αικιιλξω.
883 849 1004 877 Biblioth.
1022 849 1143 882 Patrum,
1159 856 1178 877 ι,
1191 849 1247 881 ΧΗ,
1264 858 1290 886 p.
1306 849 1371 885 xu.)

264 1014 285 1042 1.
300 1013 442 1048 Eulogium
457 1012 545 1047 primo
563 1012 692 1040 Ecclesiae
707 1012 885 1040 Antiochenze
900 1013 1090 1048 presbyterum
1107 1013 1202 1045 fuisse,
1219 1013 1318 1041 deinde
1334 1013 1534 1042 monasterium
1552 1012 1655 1039 rexisse
1671 1011 1850 1039 sanctissima

170 1052 174 1056 ’
229 1057 352 1091 Deipara:
369 1056 614 1088 Justinianeorum,
631 1065 662 1084 ac
679 1057 788 1083 demum
810 1057 902 1083 sedem
917 1057 1115 1084 Antiochenam
1134 1057 1217 1085 fuisse
1235 1058 1375 1092 adeptum,
1392 1066 1426 1085 ex
1441 1057 1540 1085 Photio
1553 1056 1735 1090 intelligimus
1751 1056 1800 1090 (α).
1821 1056 1850 1083 In

229 1101 390 1136 episcopatu
413 1099 510 1127 Joauni
529 1100 537 1126 Ι
552 1100 683 1127 successit
698 1108 770 1127 anno
785 1100 835 1127 579
850 1104 983 1131 vertente.
997 1105 1027 1128 ut
1044 1109 1077 1128 ex
1098 1102 1198 1128 tabulis
1211 1102 1388 1136 Theophanis
1407 1107 1434 1129 et
1449 1101 1594 1135 Nicephori
1609 1100 1746 1127 laterculo
1763 1101 1852 1134 arguit

231 1143 388 1179 Lequicnus
406 1143 452 1178 (b).
469 1144 552 1171 Paulo
577 1144 657 1170 aliter
683 1144 790 1177 Pagins.
807 1144 853 1178 qui
870 1151 932 1170 enm
947 1144 980 1170 ad
998 1145 1128 1171 thronum
1145 1145 1361 1172 Alexandrinum
1375 1153 1448 1172 anno
1466 1145 1524 1172 580
1541 1148 1666 1172 evectum
1685 1143 1770 1170 fuisse
1784 1143 1852 1170 scri—

230 1187 330 1223 bit(c).
355 1188 538 1220 Quamobrem
563 1195 652 1221 neque
677 1187 812 1216 Bollandi.
830 1195 919 1221 neque
941 1186 1050 1214 Sollerii
1068 1189 1204 1216 sententia
1233 1194 1275 1216 est
1301 1189 1486 1221 admittenda;
1506 1196 1624 1223 quorum
1650 1187 1720 1214 alter
1746 1187 1851 1221 Eulogii

231 1231 395 1266 prmsnlatus
411 1231 520 1258 initium
541 1230 575 1258 ad
593 1239 694 1257 annuat
711 1230 762 1257 576
777 1230 893 1257 retrahit
907 1230 962 1264 id);
978 1230 1048 1258 alter
1067 1240 1133 1259 vero
1158 1233 1190 1259 ad
1209 1241 1311 1259 annum
1335 1233 1386 1260 577
1409 1237 1604 1266 mortuumque
1628 1239 1702 1258 anno
1718 1231 1780 1262 601,
1796 1234 1853 1256 tra-

230 1274 271 1301 dit
288 1275 332 1308 (e).
361 1274 529 1301 Statuendns
544 1274 637 1308 itaque
664 1282 753 1301 annus
781 1274 888 1309 Eulogii
914 1275 1074 1302 cmortnalis
1094 1275 1155 1304 607.
1182 1276 1273 1310 Ipsum
1291 1277 1365 1303 enim
1382 1283 1470 1303 annos
1486 1275 1520 1303 27
1542 1275 1702 1310 episcopatu
1728 1274 1853 1301 functum

230 1319 326 1350 fuisse,
345 1323 403 1346 tum
420 1327 453 1346 ex
472 1318 649 1353 Theophanis
668 1318 778 1350 tabulis,
802 1323 859 1345 tum
883 1326 915 1346 ex
940 1319 1095 1353 Niccpltoro
1111 1319 1217 1346 Callisti
1241 1319 1385 1346 erudimur
1399 1320 1443 1354 (ι’),
1465 1319 1536 1354 apud
1554 1326 1637 1354 quem
1661 1318 1778 1353 legimus
1803 1317 1851 1351 ἐτη

230 1363 299 1389 ἑπτὰ
313 1363 380 1397 πρὸς
396 1364 451 1394 τοῖς
468 1363 580 1393 εἴκοσιν,
602 1362 648 1389 ubi
669 1369 812 1396 perperam
830 1362 967 1396 interpres
979 1363 1006 1395 vi1

1087 1363 1209 1397 quinque.
1228 1363 1296 1390 lltnc
1314 1363 1430 1398 proinde
1447 1363 1473 1389 in
1490 1362 1637 1397 Nicephori
1654 1361 1787 1389 laterculo
1801 1368 1852 1396 pro

231 1407 264 1438 ις’
277 1406 478 1433 emendandum
507 1413 619 1440 prorsus
635 1405 689 1437 1;";
707 1405 732 1432 id
753 1410 805 1436 est,
831 1413 879 1439 pro
897 1406 926 1432 l7
945 1406 1150 1432 rescribendum
1169 1406 1212 1437 “27.
1231 1406 1407 1433 librariorum
1427 1407 1502 1441 lapsu
1532 1406 1604 1432 haud
1623 1404 1802 1439 infrequenti.
1822 1406 1853 1431 tn

231 1449 331 1476 tabulis
345 1448 539 1476 ecclesiasticis
562 1450 622 1484 ejus
646 1448 779 1475 memoria
809 1449 941 1476 recolitur
961 1449 1006 1476 dic
1023 1449 1055 1475 15
1074 1449 1246 1484 Septembris
1260 1459 1266 1477 :
1281 1450 1308 1477 in
1336 1450 1490 1485 Menologio
1517 1453 1609 1477 autem
1627 1448 1785 1476 Grmcorum
1806 1447 1854 1474 die

231 1493 264 1520 15
280 1493 421 1520 Februarii
439 1493 486 1528 (gi.

265 1537 295 1563 ll.
314 1536 362 1564 Vir
390 1536 441 1563 fuit
465 1536 598 1571 Eulogius
626 1536 728 1570 pietate
760 1543 791 1563 ac
820 1535 934 1563 scicntia
963 1539 1107 1570 praestans.
1135 1537 1173 1564 De
1202 1544 1235 1564 eo
1261 1537 1393 1563 nonnulla
1421 1537 1492 1564 scitu
1518 1536 1600 1571 digna
1625 1535 1708 1563 refert
1733 1536 1855 1562 Joannes

229 1580 357 1608 Moschus
372 1580 408 1616 (It)
423 1589 430 1607 ε
447 1580 518 1607 inter
534 1588 594 1614 qure
611 1579 677 1606 illud
703 1579 731 1606 in
748 1579 855 1614 primis,
870 1579 943 1614 quod
969 1587 1030 1607 cum
1053 1580 1126 1607 idem
1143 1581 1243 1616 prmsul
1260 1581 1462 1608 Alexandrinus
1478 1576 1745 1615 Constantixiopolim
1762 1580 1854 1614 prote-

230 1630 291 1652 ctus
305 1629 387 1655 esset.
406 1624 588 1651 contubernio
605 1631 672 1650 usus
695 1623 785 1650 fuerat
807 1623 994 1651 archidiaconi
1021 1623 1136 1651 Romani
1158 1625 1260 1652 domini
1277 1625 1425 1660 Gregorii,
1451 1625 1551 1652 summi
1577 1629 1605 1651 et
1629 1624 1776 1659 singularis
1801 1624 1854 1650 viri

229 1669 360 1702 omnique
371 1668 472 1695 virtute
491 1667 593 1700 ornati,
608 1667 656 1702 qui
670 1667 722 1694 sibi
737 1674 881 1694 enarrasse
896 1667 1060 1700 affirmabat,
1078 1668 1172 1695 haberi
1194 1669 1324 1703 scriptam
1340 1669 1367 1696 in
1383 1668 1501 1696 ecclesia
1516 1668 1638 1696 Romana
1653 1668 1751 1695 miram
1768 1667 1857 1693 histo-

231 1712 299 1739 riam
317 1712 351 1739 de
367 1711 453 1739 sancti
471 1711 570 1738 Leonis
586 1718 662 1746 papae
683 1710 798 1745 epistola
821 1710 854 1737 ad
870 1710 1030 1738 Flavianum
1044 1710 1381 1747 Constantinopolitanum
1399 1711 1570 1746 episcopum.
1588 1718 1671 1737 manu
1688 1709 1763 1737 beati
1779 1710 1856 1736 Petri

229 1755 415 1790 apostolorum
432 1755 563 1789 principis
579 1754 735 1781 emendata.
752 1755 789 1781 De
805 1755 855 1781 hac
872 1754 938 1782 item
953 1755 1076 1790 ejusdem
1094 1757 1180 1783 sancti
1203 1749 1344 1790 pontilicis
1355 1756 1472 1791 epistola
1488 1763 1569 1790 quatit
1584 1754 1716 1789 Eulogius
1731 1753 1858 1787 suscepit

229 1807 261 1826 ac
288 1799 419 1831 laudavit,
444 1799 518 1826 aliud
543 1799 675 1834 quiddam
698 1799 824 1826 mirabile
850 1800 878 1826 in
905 1800 1217 1835 CrmorumMenologio
1242 1801 1425 1835 narratur(t').
1451 1799 1587 1827 Caeterum
1618 1803 1712 1826 noster
1738 1798 1859 1825 antistes

229 1843 432 1870 Alexandrinus
455 1843 507 1870 fuit
530 1851 595 1870 sane
611 1843 744 1878 Gregorio
758 1844 949 1877 charissimus,
971 1849 1001 1871 ut
1024 1852 1058 1872 ex
1082 1844 1168 1879 ipsius
1192 1844 1368 1879 epis-telarum
1392 1843 1501 1879 Regesto
1521 1842 1636 1878 intelligi
1660 1846 1760 1877 potest.
1788 1842 1860 1876 Ejus

230 1888 318 1914 zelum
331 1888 387 1915 sive
403 1888 430 1914 in
446 1887 637 1923 oppugnandis
652 1889 709 1915 sive
726 1888 752 1915 in
767 1889 961 1916 convertendis
976 1889 1113 1916 haereticis
1133 1887 1306 1922 potis~imum
1322 1886 1414 1914 laudat
1433 1894 1557 1914 summus
1572 1886 1709 1921 pontifex;
1724 1885 1857 1920 illiusque

229 1931 359 1966 precibus
377 1932 526 1966 Anglorum
544 1932 752 1959 conversionem
768 1932 880 1959 ascribit
895 1932 943 1967 (j).
960 1932 1050 1967 Ipsum
1064 1936 1196 1967 pratterea
1212 1931 1258 1958 Dei
1272 1938 1415 1965 organum,
1429 1930 1551 1957 veritatis
1566 1930 1722 1957 ministrum
1737 1935 1765 1956 et
1779 1929 1860 1957 Petri

222 1982 375 2009 sequacem
391 1975 510 2010 appellat
526 1975 573 2010 (Ir).

263 2018 308 2045 lll.
333 2018 481 2053 Complura
501 2018 605 2046 litteris
626 2018 798 2053 consignavit
819 2018 967 2054 Eulogius,
992 2027 1051 2053 qua;
1068 2023 1157 2046 tamen
1173 2019 1264 2045 omnia
1282 2018 1367 2045 ferme
1383 2018 1603 2049 interciderunt,
1619 2017 1715 2052 paucis
1731 2017 1860 2052 exceptis

223 2061 391 2097 fragmentis
414 2069 474 2096 qua:
497 2067 605 2089 servata
627 2062 743 2089 Photius
766 2067 891 2089 recensct
907 2062 948 2097 tl).
971 2063 1010 2090 Ex
1038 2063 1071 2091 iis
1097 2063 1169 2090 inter
1192 2063 1245 2089 alia
1263 2066 1370 2089 exstant
1395 2062 1484 2096 capita
1514 2061 1559 2088 Vll
1581 2061 1619 2088 De
1634 2061 1733 2088 duabus
1749 2063 1857 2088 naturis

227 2105 335 2132 Domini
350 2105 447 2140 Deique
459 2114 490 2132 ac
502 2105 649 2133 Saluatoris
665 2106 758 2138 nostri,
776 2106 848 2133 inter
861 2105 998 2141 Opnscula
1016 2106 1170 2142 theologica
1183 2111 1210 2133 et
1225 2106 1358 2140 polemica
1373 2106 1460 2132 sancti
1478 2105 1586 2133 Maximi
1609 2105 1775 2132 confessoris
1790 2106 1859 2140 (in);

227 2157 289 2184 qua:
306 2149 368 2176 inde
390 2149 554 2183 protulimus
573 2157 607 2177 ex
628 2149 857 2184 interpretatione
886 2149 1023 2177 Francisci
1047 2150 1216 2178 Combeﬁsii.
1239 2150 1346 2183 Quibus
1368 2149 1480 2184 quidem
1504 2149 1643 2184 capitibus
1668 2149 1862 2183 praemisimus

229 2192 317 2227 ipsius
331 2191 482 2219 Orationem
493 2193 520 2219 in
533 2192 601 2219 diem
616 2194 713 2227 festum
727 2193 894 2225 Palmarum,
913 2194 1008 2221 eodem
1021 2193 1188 2221 Combciisio
1207 2193 1358 2229 interprete
1376 2194 1414 2228 (η)
1427 2193 1472 2228 qui
1488 2200 1547 2220 eam
1562 2185 1709 2227 descripsit
1723 2200 1755 2219 ex
1769 2193 1863 2228 Regio

225 2235 324 2262 codice
344 2235 504 2268 Parisiensi,
530 2237 658 2272 notisque
685 2237 843 2264 illustravit.
862 2237 939 2264 Edita
961 2238 1074 2272 quidem
1099 2238 1202 2265 dudum
1227 2238 1318 2265 fuerat
1335 2245 1368 2264 ex
1391 2237 1539 2265 Oxoniensi
1565 2237 1669 2269 codice,
1697 2244 1729 2263 ac
1752 2236 1864 2271 Cyrillo

225 2279 414 2314 Alexandrino
431 2280 544 2313 tributa,
561 2281 605 2308 cui
620 2288 729 2316 quoque
752 2281 901 2308 ascribitur
916 2282 944 2308 in
959 2282 1054 2309 codice
1078 2282 1131 2309 285
1151 2281 1317 2309 Bibliothecw
1336 2280 1507 2309 Coislim'anw
1521 2282 1556 2317 (ο)
1572 2290 1579 2308 :
1602 2291 1611 2307 ι
1634 2281 1687 2309 Sed
1708 2280 1780 2315 stylo
1797 2280 1864 2315 ipso

227 2328 411 2357 repugnante,
428 2324 518 2358 inquit
533 2324 660 2351 laudatus
673 2324 856 2352 Combelisius
872 2325 921 2360 (p),
935 2330 965 2352 ut
978 2325 1199 2360 deprehenderat
1212 2325 1272 2360 ejus
1287 2325 1359 2359 apud
1374 2324 1507 2360 Cyrillum
1525 2324 1671 2360 interpres.
1690 2324 1736 2351 Sic
1752 2325 1863 2359 pas~im

216 2366 365 2408 fcelebrior
386 2367 448 2402 quis
464 2368 575 2403 scriptis
590 2368 683 2401 editis,
706 2368 791 2396 etiam
803 2369 919 2397 aliorum
941 2369 975 2397 ad
998 2377 1027 2397 se
1049 2370 1149 2404 scripta
1169 2368 1263 2401 trahit,
1287 2369 1333 2396 ubi
1361 2368 1479 2396 maxime
1503 2369 1608 2404 aliquid
1634 2368 1675 2396 eis
1702 2376 1765 2395 cum
1797 2368 1864 2403 ipso

263 2443 636 2481 (o)l’hot.Bibl.7cod.‘2‘26.
725 2479 746 2481 ἢ
823 2479 861 2481 _7

725 2479 746 2481 _7
823 2479 828 2481 7
856 2480 861 2481 7
1105 2445 1134 2480 (ἰ)
1148 2445 1277 2481 Menolog.
1294 2445 1378 2473 Crwc.
1393 2445 1412 2472 l.
1424 2454 1449 2473 c.

263 2480 299 2516 (7b)
317 2479 448 2516 Lequiett.
463 2479 509 2507 Or.
527 2479 629 2516 C7It7risl.7
643 2485 708 2506 tum.
725 2479 757 2512 ll,
774 2487 800 2514 p.
816 2479 877 2507 442.

1104 2484 1135 2515 υ]
1152 2481 1234 2516 Greg.
1251 2479 1298 2508 lib.
1312 2489 1360 2513 vn,
1374 2481 1454 2516 epist.
1469 2480 1513 2512 40,
1528 2485 1556 2508 et
1569 2480 1618 2508 lib.
1631 2487 1686 2511 vni.
1708 2479 1792 2514 epist.
1812 2482 1862 2515 50,

263 2514 297 2550 (ε)
316 2515 388 2550 Pagi.
410 2515 443 2541 ad
463 2523 528 2542 ann.
543 2515 605 2546 581,
620 2515 634 2550 ἐξ
648 2515 690 2541 1⁸2.
739 2549 746 2550 7
790 2549 797 2550 7
958 2549 962 2550 7
1067 2523 1130 2542 nov.
1144 2514 1280 2543 etlitCBB.

262 2552 300 2584 td)
319 2549 442 2587 Bolland.
474 2551 532 2577 Act.
560 2550 609 2578 SS.
637 2558 704 2577 tom.
738 2549 759 2576 ll
785 2549 866 2582 Jan.,
896 2558 923 2584 p.
950 2549 1012 2582 497,
1104 2551 1139 2587 (tt)
1156 2551 1584 2587 1ι1.1ἱ1).](,«ῖρὶδιχζὲιῧξειζξὶϋΔ
1621 2567 1673 2587 ____‘

197 2616 199 2618 _
224 2593 304 2614 num.
324 2585 366 2612 M.
1102 2584 1133 2620 (ι)
1157 2586 1236 2614 Ριιυι.
1261 2585 1328 2613 Bibl.
1348 2585 1428 2613 codd.
1453 2586 1515 2617 l8‘2,
1534 2584 1596 2617 208,
1620 2585 1682 2618 223,
1705 2586 1769 2618 2‘36,
1793 2587 1863 2618 227,

263 2622 296 2655 (ρ)
317 2620 414 2647 5ὶ111ιῖΐ.
434 2621 508 2648 ⁴11ἱδι.
527 2621 617 2647 chron.
641 2620 786 2655 patriarch.
812 2620 955 2649 Alemndr.
979 2620 1012 2647 ad

534 2621 617 2647 :Itron.
641 2620 786 2655 patriarch.
812 2620 955 2649 Alemndr.
979 2620 1012 2647 ad
1065 2621 1126 2653 250,
1148 2621 1210 2647 260.
1308 2649 1310 2652 ,

225 2657 284 2684 Act.
367 2661 432 2683 tom.
448 2656 470 2683 V
486 2656 561 2685 Jun.,
588 2664 647 2690 pag.
671 2656 715 2686 (il,
733 2663 809 2682 num.
828 2655 890 2682 559.
1102 2655 1148 2691 (m)
1164 2656 1234 2683 Max.
1255 2656 1320 2691 Opp.
1340 2661 1405 2682 tom.
1424 2655 1457 2687 ll,
1470 2655 1641 2691 p.71457seq7

201 2695 203 2698 ‘
264 2692 293 2726 if)
311 2691 425 2725 Nil-eph.
443 2691 509 2718 Hist.
528 2691 589 2717 eccl.
605 2691 654 2717 lib.
672 2698 746 2722 mu,
764 2698 813 2724 cap
836 2691 880 2717 56.
916 2724 937 2726 77
955 2725 962 2726 7
1101 2693 1139 2726 (η)
1157 2691 1279 2718 (lambef.
1294 2692 1369 2718 Auct.
1388 2699 1446 2717 nov.
1466 2690 1534 2717 Bibl.
1552 2690 1606 2717 PP.
1622 2690 1668 2718 Gr.
1685 2690 1714 2717 L.
1742 2695 1812 2719 tom.
1838 2691 1864 2724 1.

262 2724 299 2760 (ω
317 2726 413 2753 Δυρηοι.
438 2726 522 2754 erc.
548 2731 619 2761 part.
644 2734 674 2757 tl,
703 2734 729 2760 p.
751 2726 811 2758 180,
830 2725 897 2752 edit.
916 2724 1012 2753 Urbin.
1065 2734 1092 2761 p.
1111 2724 1236 2753 (iiii—678.

225 2759 290 2787 ann.
310 2761 387 2788 1727.
549 2759 556 2761 ’
704 2759 711 2760 ί
819 2794 823 2795 7

819 2794 823 2795 7
1065 2759 1072 2761 ’
1101 2761 1137 2795 (ο)
1153 2761 1235 2787 Monl'.
1256 2760 1323 2788 Bibl.
1345 2759 1424 2788 Coisl.
1443 2768 1469 2794 p.
1484 2759 1544 2788 5-02.

263 2796 301 2831 (hi7
320 2796 465 2831 J7.7Mosch.
487 2796 564 2823 Prat.
591 2797 656 2831 spir.
683 2804 761 2830 capp.
779 2794 911 2828 “6—148;
941 2797 1013 2830 apud

693 2804 761 2830 “app.
779 2794 911 2828 “6—148;
941 2797 1013 2830 apud
1101 2799 1137 2830 (ρ)
1152 2796 1275 2824 Combcl'.
1294 2796 1310 2822 l.
1328 2805 1351 2822 (τ.
1366 2804 1391 2830 p.
1409 2796 1469 2822 677.

221 2830 314 2866 [Μαι.
328 2830 403 2863 Διεῗτι-Ι.
418 2831 463 2858 Gr.
481 2831 596 2858 Monum.
606 2830 683 2860 tum.
698 2831 728 2858 ll.
750 2836 776 2864 ρ.
789 2831 915 2858 lli-M6.

496 2830 683 2860 Ionumftom.
698 2831 728 2858 ll.
750 2836 776 2864 ρ.
789 2831 915 2858 lli-M6.
1269 2839 1272 2841 '
