1966 3068
117 131 188 164 2929

648 138 776 168 SERMO
796 137 835 167 IN
856 136 983 167 RAMOS
1004 137 1227 168 PALMARUM.

1678 139 1747 170 52930

120 189 213 226 νήσῃς·
234 189 290 224 ἐγὼ
313 190 341 218 δὲ
358 191 438 218 τοῦτο
453 192 555 227 τρέμω,
572 193 608 228 μὴ
632 193 748 228 θεότητα
765 193 906 220 παθοῦσαν

961 198 1082 222 metuere
1091 194 1206 227 videris,
1222 202 1256 221 ne
1268 202 1330 221 cum
1348 195 1399 222 Dei‘
1411 202 1510 230 corpus
1523 202 1632 230 passum
1645 196 1747 231 aliquid

119 236 167 263 καὶ
182 235 315 263 θανοῦσαν
330 237 409 270 sine),
422 239 468 264 καὶ
480 239 511 264 τὸ
526 239 579 265 πᾶν
591 239 638 274 τῆς
652 239 767 274 Τριάδος
780 240 908 274 ἀτιμάσω

121 282 281 316 μυστήριον.
305 282 336 308 Εἰ
353 282 401 317 μὲν
418 283 472 318 γὰρ
487 284 499 310 ό
515 284 602 318 Λόγος
616 284 728 316 ἔπαθεν,
741 285 755 311 ὁ
770 285 798 311 δὲ
813 285 908 321 Πατὴρ

119 328 243 360 ἀπαθοῦς
258 329 316 356 ἐστι
343 330 460 363 φύσεως,
478 333 588 362 πάντως
612 332 679 367 ἄλλη
703 330 737 368 ἦν
757 333 836 360 οὐσία
860 333 908 360 τοῦ

119 375 218 409 Λόγου,
235 376 282 402 καὶ
298 376 363 411 ἄλλη
380 377 396 411 ὴ
412 376 458 402 τοῦ
472 377 540 404 Θεοῦ
561 378 678 412 Πατρός.
699 379 753 405 Καὶ
769 379 796 405 τί
815 379 909 405 λοιπὸν

127 420 275 456 Ἀρειανοῖς
291 422 424 456 μάχεσθαι
439 423 482 449 διὰ
496 423 588 457 toﬁ-co;
602 425 626 450 εί
642 424 670 450 δὲ
688 424 736 459 μία
759 424 837 452 οὐσία
853 426 909 451 Πα-

120 467 195 501 τρὺς,
222 467 269 493 καὶ
297 467 343 494 τοῦ
377 468 476 501 Λόγου,
504 470 550 495 καὶ
569 469 617 495 τοῦ
637 470 716 504 ἁγίου
738 470 907 506 Πνεύματος,

120 510 204 538 ἔπαθε
221 511 249 538 δὲ
263 513 277 538 ὁ
290 513 337 538 τοῦ
353 513 420 540 Θεοῦ
434 514 521 548 Λόγος
541 515 572 541 ὲν
589 516 681 551 σαρκὶ,
701 516 826 552 παθητῆς
843 517 908 544 πάν-

119 566 174 588 τως
185 558 280 590 οὐσίας
294 559 341 585 καὶ
356 559 466 595 θνητῆς,
483 561 528 587 καὶ
543 562 557 587 ὁ
570 562 676 598 Πατὴρ,
692 563 781 590 καὶτὸ
798 563 910 596 Πνεῦμα

120 603 151 630 τὸ
167 604 254 638 ἅγιον.
273 605 303 631 Εἰ
314 605 369 640 γὰρ
387 607 539 642 συνέπασχε
554 609 587 643 τῇ
604 609 687 644 σαρκὶ
701 610 716 635 ὁ
730 609 827 642 Λόγος,
844 610 910 636 πάν-

121 659 174 682 τως
191 651 239 678 καὶ
257 652 431 688 συντέθνηκε,
455 653 510 680 Καὶ
537 654 561 680 εἰ
588 654 761 691 συν-τέθνηκε,
786 655 845 688 πῶς
864 656 910 682 τὸν

121 697 187 732 ᾅδην
202 697 366 731 ἑσκύλευσες
380 698 438 730 πῶς
446 699 509 730 τοὺς
519 700 632 733 νεκροὺς
647 701 794 737 ἀνέστησεν
807 711 813 734 ;
830 702 909 738 εὑρε-

122 742 233 778 θήσεται
249 743 276 769 δὲ
294 743 340 770 καὶ
355 743 442 770 θανὼν
466 745 610 781 χωρισθεὶς
625 747 732 777 πάντως
746 745 794 773 τοῦ
809 746 909 780 ζῶντος

121 790 237 824 Πατρός.
252 790 307 817 Καὶ
323 791 347 817 εἰ
361 790 449 823 τοῦτο,
461 792 511 818 οὐκ
523 792 562 818 ἔτι
576 792 668 820 λοιπὸν
683 793 768 829 Τριὰς
783 795 811 820 ὲν
827 794 909 829 οὐρπμ

119 835 158 870 νῷ
177 836 249 863 κατὰ
264 836 309 863 τὸν
329 836 376 863 τοῦ
394 837 497 869 πάθους
509 839 614 872 καιρὶν,
628 839 695 866 ἀλλὰ
713 839 790 872 δυὰς,
807 840 910 875 ἀναμέ-

120 888 202 907 νουσα
219 880 263 907 τὸν
276 881 371 915 Λόγον,
390 882 434 908 ἵνα
448 882 501 909 ἀπὸ
513 883 559 909 τοῦ
575 884 680 919 Πατρδς
693 885 807 920 ἀναστῇ,
823 886 870 912 καὶ
881 887 909 913 ἐν

117 925 227 961 οὐρανῷ
236 926 346 962 ἀνέλθῃ.
367 927 398 953 Ὢ
412 928 461 963 τῆς
474 928 604 964 ἀθεμίτου
618 929 737 965 τόλμηςῑ
753 932 830 963 ποῖος
848 931 909 967 ὖςρις

117 969 265 1006 ψιθυρίσας
288 971 414 1008 ὴπάτησε
442 973 503 1005 τοὺς
536 974 686 1010 θεομάχους
715 975 836 1011 παθητὸν
863 977 908 1002 τὸν

117 1016 211 1050 ἀπαθῆ
234 1017 443 1053 ἁποςρήνασϐαι;
464 1019 488 1046 οἳ
513 1019 558 1046 τὸν
581 1021 701 1056 Κτίστην
723 1021 829 1048 ποιοῦσι
854 1022 909 1048 τῶν

119 1062 276 1097 κτισμάτων
293 1063 495 1099 ἀσθενέστερον.
512 1064 570 1091 Οὐκ
591 1065 720 1102 ὲντρέπῃ,
737 1064 760 1093 ὢ
774 1067 906 1102 αἱρετιχὲ,

118 1107 195 1142 ἥλιον
217 1109 245 1134 ὲν
269 1109 369 1144 δένδρῳ
388 1110 574 1145 τυγχάνοντα,
599 1112 646 1138 καὶ
669 1112 700 1139 τὺ
727 1113 776 1147 μὲν
801 1113 910 1148 δένδρον

119 1154 296 1189 τεμνόμενον,
308 1155 354 1181 τὸν
368 1155 397 1181 δὲ
409 1155 484 1190 ἥλιον
496 1157 556 1183 οὐδὲ
565 1157 760 1193 χωριζόμενον,
773 1158 834 1185 οὐδὲ
844 1167 908 1186 συν-

119 1200 302 1235 τεμνόμενον·
317 1201 362 1228 τὸν
381 1201 409 1228 δὲ
428 1203 477 1237 τῆς
489 1203 665 1238 δικαιοσύνης
678 1204 772 1231 Ἥλιον
790 1205 909 1240 παθητὸν

119 1249 208 1283 λέγων
223 1250 252 1275 ἐν
262 1249 300 1284 τῷ
316 1250 374 1285 ἰδίῳ
387 1250 494 1285 σώματι
505 1251 650 1286 γενόμενον
662 1260 670 1285 ;
681 1253 741 1279 οὐδὲ
755 1253 839 1288 φονέα
849 1254 910 1281 τινὰ

119 1295 137 1331 ἢ
151 1295 316 1331 κακοῦργον,
333 1294 356 1322 ὧ
370 1297 521 1333 κακοῦργε,
539 1297 666 1334 ἑώρακας
681 1299 801 1336 κεφαλὴν
815 1300 831 1335 ἢ
851 1302 908 1336 χεῖ-

122 1350 172 1377 ρας
186 1342 378 1377 στερούμενον,
394 1343 443 1379 τὴν
455 1343 484 1370 δὲ
501 1344 633 1372 ἀθάνατον
648 1350 659 1363 Ζ
673 1345 762 1381 ψυχὴν
773 1346 856 1374 αὐτοῦ
871 1348 909 1383 μὴ

121 1388 399 1424 συναποθνήσκουσαν
414 1390 453 1425 τῷ
474 1389 599 1425 σώματι;
616 1389 676 1418 εἶτα
695 1391 790 1419 ἔλαϐον
807 1399 819 1413 η
837 1391 909 1420 οῦτοι

119 1435 232 1470 καιρίαν
246 1436 296 1470 τὴν
317 1436 426 1471 πληγὴν
441 1436 494 1463 ὑπὸ
508 1436 555 1463 τοῦ
574 1437 674 1471 Λόγου,
700 1439 747 1465 καὶ
763 1439 909 1467 πέπτωκεν

118 1481 134 1507 ὁ
150 1480 292 1517 θεομάχος·
305 1482 386 1509 πάλιν
401 1482 566 1510 ἀνέπνευσεν
577 1484 591 1510 ό
607 1484 810 1520 Χριστομάχος·
829 1486 910 1513 πάλιν

118 1528 293 1563 ἀναισχυντεῖ
313 1529 326 1555 ό
347 1529 481 1562 Ἰουδαῖος.
497 1531 530 1557 Τί
543 1531 645 1566 λέγων;

960 241 1049 271 audis,
1072 242 1173 268 nudam
1195 245 1348 268 creaturam
1371 240 1480 273 adores,
1494 241 1575 276 eique
1591 241 1747 268 communi-

959 294 1005 313 ces
1019 295 1025 312 :
1041 292 1068 314 at
1088 295 1138 321 ego
1157 286 1223 314 illud
1245 285 1405 320 reformido,
1428 295 1462 314 ne
1486 287 1616 314 deitatem
1640 295 1747 322 possant

959 336 1041 367 atque
1064 337 1200 360 mortuam
1224 333 1323 365 dicam,
1348 337 1491 368 totumque
1520 331 1664 360 Trinitatis
1688 340 1748 368 my-

959 376 1075 403 sterium
1097 377 1200 412 probro
1213 376 1340 404 alliciam.
1355 377 1384 403 Si
1402 377 1514 412 quidem
1540 377 1613 404 enim
1627 377 1748 405 Verbum

959 430 1070 457 passum
1096 427 1149 454 est,
1173 422 1253 449 Pater
1275 426 1367 450 autem
1393 426 1436 449 est
1453 418 1614 456 impatibilis
1631 425 1748 453 naturae,

960 467 1072 495 omnino
1086 468 1139 495 erit
1159 468 1211 495 alia
1231 467 1314 495 Verbi
1334 467 1463 499 essentia,
1491 475 1523 494 ac
1547 466 1599 494 alia
1624 466 1672 494 Dei
1696 466 1748 493 Pa-

961 514 1021 542 tris.
1048 513 1120 546 Quid
1143 521 1208 541 vero
1223 514 1279 549 jam
1303 521 1336 540 eo
1366 514 1479 540 nomine
1504 513 1655 541 habeamus
1684 520 1750 540 cum

960 560 1224 596 Arianispugnare?
1239 559 1318 593 Quod
1335 559 1357 586 si
1382 567 1436 587 una
1464 563 1506 586 est
1522 559 1642 587 essentia
1660 558 1749 586 Patris

961 610 989 633 et
1010 605 1091 632 Verbi
1106 613 1138 633 ac
1156 605 1276 640 Spiritus
1292 605 1391 637 sancti,
1407 612 1518 640 passum
1535 609 1627 631 autem
1640 609 1683 631 est
1699 604 1748 631 Dei

960 653 1081 681 Verbum
1096 654 1124 680 in
1140 660 1245 684 carne;
1263 652 1358 686 utique
1380 655 1463 678 erunt
1485 654 1513 678 et
1533 651 1625 682 Pater,
1648 650 1750 684 etSpi-

961 701 1031 728 ritus
1053 704 1175 732 sanctus,
1190 699 1313 734 patibilis
1328 706 1359 726 ac
1379 697 1502 725 mortalis
1528 696 1699 724 substantiae.
1722 696 1749 723 Si

960 746 1033 774 enim
1049 745 1168 774 Verbum
1189 752 1245 772 una
1259 752 1321 771 cum
1335 751 1419 771 carne
1438 751 1547 777 passum
1560 747 1612 774 est,
1635 741 1750 770 omnino

960 793 1043 820 etiam
1057 800 1119 820 cum
1131 792 1181 818 illa
1195 796 1337 818 mortuum
1352 794 1404 817 est.
1416 789 1494 822 Quod
1506 793 1550 816 cst
1562 790 1666 824 pariter
1677 796 1750 815 mor-

961 843 1049 871 tuum,
1069 837 1208 873 quomodo
1221 837 1350 872 spoliavit
1368 835 1491 863 inferos?
1517 835 1660 868 Quomodo
1675 842 1750 862 mor-

961 890 1022 912 tuos
1033 883 1183 911 excitavit?
1197 883 1250 910 Sed
1266 887 1294 910 et
1312 882 1385 917 quod
1407 886 1532 908 mortuus
1547 881 1592 913 sit,
1613 881 1693 916 plane
1709 881 1752 907 in-

960 930 1088 958 venietur
1100 938 1116 957 a
1133 930 1214 957 Patre
1227 929 1338 956 vivente
1353 933 1507 963 separatus.
1522 927 1600 961 Quod
1612 927 1634 954 si
1647 927 1685 954 ita
1697 930 1749 958 est,

960 985 1016 1004 non
1029 977 1147 1012 amplius
1168 981 1226 1004 erat
1239 975 1265 1002 in
1281 975 1351 1003 cutio
1368 975 1492 1001 Trinitas
1507 978 1630 1009 tempore
1644 973 1750 1006 passio—

960 1023 1013 1055 nis,
1029 1022 1077 1050 sed
1093 1022 1204 1054 binitas,
1217 1025 1381 1055 exspectans
1398 1024 1429 1047 ut
1443 1019 1564 1047 Verbum
1582 1019 1746 1046 excitaretur

960 1078 975 1097 a
991 1070 1081 1101 Patre,
1106 1072 1134 1095 et
1150 1058 1253 1095 rediret
1277 1067 1303 1094 in
1324 1066 1435 1094 caelum.
1463 1065 1485 1093 0
1501 1065 1647 1093 nefandam
1664 1064 1744 1092 auda-

960 1115 1052 1142 ciam?
1066 1113 1133 1147 Quis
1143 1120 1258 1148 serpens
1271 1112 1352 1140 sibilo
1367 1119 1417 1138 suo
1434 1111 1544 1138 deitatis
1559 1110 1652 1138 hostes
1669 1110 1752 1137 dece-

959 1161 1010 1197 pit,
1021 1165 1051 1189 ut
1061 1161 1202 1196 patibilem
1213 1167 1284 1192 esse,
1295 1158 1475 1194 impatibilem
1485 1157 1573 1184 Deum
1583 1161 1750 1188 assererem,

961 1208 1009 1243 qui
1019 1207 1188 1240 Creatorem,
1206 1205 1307 1232 creatis
1322 1205 1405 1232 rebus
1421 1203 1524 1231 facient
1548 1203 1751 1231 infirmiorem?

960 1254 1021 1282 Non
1037 1258 1064 1280 te
1080 1252 1177 1288 pudet,
1198 1260 1214 1280 ο
1226 1252 1367 1283 haeretice,
1383 1256 1413 1278 ut
1428 1251 1515 1278 solem
1533 1249 1644 1285 quidem
1660 1249 1687 1276 in
1703 1257 1750 1276 ar-

960 1301 1027 1328 bore
1041 1299 1230 1331 exsistentem,
1241 1306 1310 1326 cmsa
1324 1297 1433 1330 arbore,
1445 1304 1497 1324 nec
1511 1296 1632 1331 separari
1645 1295 1679 1323 ab
1692 1295 1750 1328 illa,

964 1353 1015 1373 nec
1027 1344 1131 1380 pariter
1145 1344 1223 1376 caedi,
1235 1343 1328 1376 dicas;
1344 1342 1434 1370 Solem
1450 1350 1516 1369 vero
1529 1341 1654 1377 iustitiae,
1664 1341 1691 1368 in
1701 1348 1752 1368 suo

961 1399 1069 1420 asseras
1091 1397 1206 1425 corpore
1231 1389 1334 1417 factum
1357 1389 1519 1424 patibilem?
1535 1387 1641 1423 Neque,
1654 1395 1671 1414 ο
1687 1394 1752 1422 per-

961 1440 1029 1472 dite,
1052 1439 1158 1471 vidisti,
1177 1438 1218 1465 sic
1238 1437 1408 1465 homicidam
1429 1442 1477 1464 aut
1493 1436 1682 1463 facinorosum
1699 1434 1748 1462 ali-

961 1494 1054 1521 quem,
1080 1485 1170 1520 capite
1186 1488 1233 1512 aut
1246 1483 1374 1512 manibus
1388 1483 1521 1515 truncari,
1544 1486 1574 1509 ut
1590 1486 1681 1509 tamen
1700 1481 1751 1508 im-

924 1532 945 1561 C
962 1532 1087 1561 mortalis
1102 1532 1163 1567 ejus
1183 1531 1274 1558 anima
1300 1529 1374 1558 haud
1397 1528 1524 1556 interiret
1541 1528 1596 1564 (12)
1619 1535 1672 1555 una
1688 1535 1750 1555 cum

118 1575 254 1608 corpore?
268 1575 430 1610 Quanquam
453 1577 481 1603 hi
498 1577 600 1605 lethale
622 1579 723 1606 vulnus
741 1586 903 1615 argumento
923 1581 975 1608 hoc
996 1582 1174 1614 acceperunt,
1211 1577 1371 1612 corruitque
1406 1576 1456 1603 Dei
1480 1579 1670 1610 oppugnator;
1685 1582 1750 1602 rur.

119 1630 181 1650 sum
210 1626 300 1649 tamen
325 1622 432 1650 animos
459 1624 606 1659 resumpsit
631 1630 806 1661 oppugnator
834 1626 938 1656 Christi

119 1669 172 1697 bus
190 1669 303 1696 verbis?

155 1718 185 1747 Ρ,
203 1719 284 1754 Ὅρα,
312 1719 405 1755 φησὶν,
422 1720 463 1747 ὅτι
479 1719 510 1747 οὺ
526 1720 603 1754 Θεὸν,
622 1722 679 1749 ἀλλ’
696 1723 841 1760 ἄνθρωπον
854 1727 911 1753 ἁπ-

119 1764 290 1800 εκτείναμεν.
305 1765 377 1800 Πρὸς
389 1765 418 1792 ὃν
442 1765 545 1799 εὐθέως
562 1767 645 1796 καλὸν
665 1770 765 1804 εἰπεῖν,
789 1772 889 1800 Σιώπα
901 1781 907 1788 '

118 1810 276 1845 πεφίμωσο
289 1818 296 1826 ·
318 1811 385 1838 λάὃε
400 1812 527 1847 κατόχιον
543 1813 590 1840 ἐπὶ
601 1813 639 1849 τῷ
656 1815 782 1851 στόματι.
800 1818 891 1846 Ἔστω
902 1827 909 1835 ·

118 1855 202 1891 νόμον
227 1856 384 1892 ὴϐέτησας·
411 1857 491 1891 ἔστω,
523 1860 681 1894 προφήτας
710 1861 908 1898 ἀπέκτεινας·

118 1903 179 1930 οὐδὲ
194 1903 240 1930 τὸν
251 1904 333 1930 Δαῦὶδ
349 1904 480 1941 ἐρυθριᾷς
495 1905 558 1941 περὶ
572 1906 621 1933 τοῦ
635 1908 754 1942 Χριστοῦ
774 1909 888 1945 λέγοντα
900 1919 908 1927 ⁸

125 1949 177 1976 Ἐκ
188 1949 319 1983 γαστρὸς
336 1949 394 1984 πρὸ
411 1950 568 1985 ἑωσφόρον
578 1952 726 1987 ἐγέννησέ
737 1963 792 1990 pe;
812 1956 841 1983 '0
853 1958 908 1984 Πα-

117 1995 170 2031 τὴρ
189 1995 255 2024 ἀνω.
279 1995 335 2022 Καὶ
352 1996 434 2023 πάλιν
445 2005 453 2013 ·
471 1998 580 2032 Κύριος
597 1997 664 2026 εἷπε
685 2003 760 2035 πρός
769 2011 808 2037 με
820 2011 827 2018 '
843 2004 914 2037 Υἱός

115 2051 175 2078 μου
194 2040 224 2069 εἷ
237 2043 288 2077 σὺ,
304 2043 362 2078 ἐγὼ
387 2044 522 2080 σήμερον
541 2046 706 2082 γεγέννηκά
721 2055 769 2076 σε.
784 2049 837 2076 Δύο
852 2050 909 2086 ἔχει

117 2087 262 2123 γεννήσεις
278 2088 292 2123 ὁ
308 2086 348 2120 εἷς
363 2089 409 2116 καὶ
426 2090 507 2126 μόνος
520 2091 639 2127 Χριστός
649 2100 656 2107 ·
669 2092 734 2128 μίαν
749 2094 782 2120 ἐκ
802 2094 909 2131 Πατρδς

117 2133 251 2168 ἅχρόνως,
269 2134 316 2161 καὶ
332 2134 416 2170 ἄλλην
438 2137 470 2163 ἐκ
488 2137 592 2172 μητρὸς
606 2138 736 2175 ἀσπόρως
752 2147 759 2154 ⁸
777 2140 842 2168 ὅταν
862 2139 910 2169 οὖν

117 2179 192 2214 λέγει
206 2187 213 2194 ·
236 2180 296 2208 Τὸν
307 2180 404 2209 νῶτόν
415 2191 476 2217 μου
485 2183 600 2211 δέδωκα
616 2186 660 2218 εις
677 2186 840 2222 μάστιγας,
856 2188 911 2221 τὰς

117 2225 152 2252 δὲ
166 2227 313 2262 σιαγόνας
335 2237 396 2262 μου
417 2229 461 2261 εἰς
484 2229 660 2265 ῥαπίσματα
674 2239 681 2245 ·
701 2231 788 2259 ταῦτα
816 2234 848 2260 ἐκ
861 2234 910 2269 τῆς

51 2276 56 2310 ς
76 2272 86 2278 ’
102 2271 227 2306 ’Μαρίας
255 2273 305 2308 τῆς
324 2273 355 2305 ἐξ
386 2273 471 2301 Ἰούδα
487 2275 568 2302 ἔλαϐε
580 2284 586 2290 ·
612 2277 660 2303 καὶ
676 2277 749 2314 ειπερ
769 2278 799 2311 ἐξ
825 2279 910 2306 Ἰούδα

976 1636 982 1654 :
1016 1632 1114 1654 rursus
1141 1624 1317 1660 impudenter
1353 1622 1464 1651 Judaeus
1488 1621 1656 1657 aggreditur.
1682 1621 1750 1655 Qui-

997 1727 1030 1754 Χ.
1051 1725 1130 1760 Vide,
1156 1725 1256 1760 inquit,
1281 1728 1310 1751 ut
1334 1731 1390 1750 non
1413 1723 1510 1755 Deum,
1537 1723 1585 1750 sed
1610 1719 1751 1749 hominem

961 1773 1195 1802 interfecerimus.
1212 1771 1262 1800 Cui
1280 1770 1412 1800 continuo
1430 1777 1521 1805 operae
1543 1769 1661 1804 pretium
1677 1767 1753 1795 dice-

961 1829 1023 1849 mus
1036 1830 1043 1848 :
1064 1820 1140 1852 Tace,
1156 1820 1302 1846 obmutesce
1315 1818 1347 1851 °';
1361 1817 1404 1845 ori
1419 1817 1526 1844 frenum
1540 1816 1651 1844 adhibe.
1666 1815 1750 1842 Esto:

960 1867 1050 1902 legem
1069 1869 1232 1901 aspernatus
1253 1864 1292 1892 sis
1317 1873 1324 1891 :
1350 1866 1427 1895 esto,
1444 1863 1584 1898 prophetas
1601 1861 1723 1888 occideris
1744 1868 1752 1887 :

962 1921 1019 1942 non
1041 1912 1178 1940 revereris
1203 1910 1334 1938 Davidem
1350 1909 1488 1938 dicentem
1504 1909 1538 1936 de
1560 1908 1671 1935 Christo
1689 1916 1695 1934 :
1711 1907 1753 1934 Ea:

963 1963 1037 1987 utero
1052 1963 1114 1986 ante
1129 1957 1270 1992 luciferum
1285 1957 1375 1992 genuit
1388 1964 1429 1982 me
1445 1955 1486 1981 “‘l
1498 1955 1602 1989 Nempe
1615 1961 1754 1988 supernus

963 2005 1055 2033 Pater.
1083 2004 1117 2031 Et
1138 2010 1249 2030 rursum
1268 2011 1274 2029 :
1298 2002 1424 2029 Dominus
1443 2001 1509 2028 dixit
1532 2000 1566 2027 ad
1588 2007 1653 2026 me:
1670 1998 1752 2025 Filius

965 2059 1037 2078 meus
1053 2058 1079 2077 es
1093 2053 1139 2078 tu:
1159 2057 1205 2084 ego
1219 2048 1294 2076 hodie
1311 2048 1389 2084 genui
1407 2052 1431 2074 te
1445 2047 1477 2074 “.
1498 2047 1572 2073 Duas
1584 2045 1669 2072 habet
1681 2044 1753 2071 nati-

964 2097 1073 2130 vitates,
1090 2104 1164 2124 unus
1179 2096 1237 2130 ipse
1250 2102 1282 2122 ac
1295 2093 1443 2129 singularis
1460 2093 1604 2126 Christus;
1623 2098 1704 2118 unam
1720 2099 1753 2118 ex

961 2143 1042 2171 Patre
1066 2143 1126 2170 sine
1151 2146 1284 2176 tempore,
1303 2140 1439 2175 aliamque
1457 2147 1490 2167 ex
1517 2143 1605 2166 matre
1628 2138 1687 2166 sine
1708 2145 1753 2165 se-

960 2189 1046 2216 mine.
1061 2188 1130 2216 Cum
1143 2195 1209 2223 ergo
1225 2187 1279 2214 ait:
1293 2186 1361 2214 Dedi
1374 2186 1481 2213 dorsum
1490 2193 1576 2213 meum
1586 2185 1614 2212 in
1631 2183 1752 2220 ﬂagella,

959 2240 984 2263 et
999 2243 1080 2271 genus
1094 2243 1166 2262 mea:
1182 2235 1217 2261 αιι
1236 2233 1332 2269 alapas
1342 2233 1365 2249 “
1378 2242 1385 2266 ;
1401 2233 1460 2261 haec
1478 2240 1512 2260 ex
1525 2231 1609 2259 Maria
1622 2239 1655 2259 cx
1679 2230 1752 2258 tribu

959 2283 1029 2310 Juda
1044 2282 1184 2317 suscepit:
1203 2286 1231 2309 et
1246 2289 1308 2316 quae
1330 2289 1364 2308 ex
1382 2280 1453 2308 Juda
1479 2279 1612 2314 suscepit,
1630 2279 1688 2306 haec
1701 2278 1752 2306 Ju-

118 2317 209 2352 ἐλαὸε,
226 2319 313 2346 ταῦτα
331 2319 469 2353 Ἰουδαίοις
487 2321 614 2357 ῥαπίζειν
630 2323 678 2350 καὶ
705 2324 848 2359 μαστίζειν
862 2325 907 2352 δέ’

961 2328 1026 2357 dacis
1043 2328 1224 2363 percutienda
1249 2335 1281 2354 ac
1307 2326 1468 2362 ﬂagellanda
1484 2325 1606 2354 tradidit.
1623 2324 1689 2358 Quae
1705 2332 1754 2351 au-

116 2364 202 2391 δωκεν
216 2373 225 2407 ί
243 2365 261 2392 ἃ
275 2365 302 2393 δὲ
318 2366 356 2398 ὡς
373 2366 439 2399 Θεὸς
456 2369 528 2394 κατὰ
543 2368 624 2402 φύσιν
637 2368 707 2404 ἔχει,
721 2371 783 2398 οὐκ
803 2371 908 2406 ὄψεται

962 2380 1017 2403 tem
1045 2379 1075 2402 ut
1099 2375 1170 2402 Deus
1199 2381 1248 2408 per
1274 2377 1401 2400 naturam
1430 2372 1523 2405 habet,
1538 2379 1571 2399 ea
1596 2371 1682 2398 Homo
1701 2379 1753 2398 non

116 2410 272 2445 ἄνθρωπος
289 2412 402 2445 ἐκεῖνα,
430 2413 479 2440 καὶ
500 2413 631 2449 ζήσεται.
655 2416 724 2442 Ἀλλ’
744 2417 759 2443 ό
783 2417 909 2451 Ἰουδαῖος

116 2456 198 2484 πάλιν
208 2465 216 2474 ·
234 2457 296 2490 Πῶς
309 2456 356 2485 οὖν
370 2459 384 2485 ὁ
399 2460 543 2496 προφήτης
560 2462 682 2495 περὶτοῦ
698 2463 909 2499 Σταυρωθέντος

153 2524 175 2540 ⁸⁸
193 2525 272 2553 Marc.
294 2534 329 2558 ιν,
345 2527 390 2555 59.
428 2528 450 2544 ⁸³
469 2528 541 2556 Psal.
554 2536 607 2562 εις,
621 2529 649 2557 3.
688 2530 710 2546 “
730 2531 800 2560 Psal.
818 2540 846 2566 ιι,
862 2534 887 2560 7.

937 2533 960 2549 ⁸⁸
973 2533 1026 2561 Isa.
1040 2542 1066 2565 1.,
1075 2534 1102 2561 6.

962 2419 1069 2452 videbit,
1084 2424 1108 2446 et
1123 2419 1190 2445 vivet
1199 2418 1232 2444 “.
1245 2417 1298 2445 Sed
1314 2417 1397 2444 instat
1407 2425 1516 2444 rursum
1533 2416 1665 2444 Iudaeus:
1680 2415 1754 2448 Quo—

963 2465 1045 2493 modo
1063 2472 1129 2500 ergo
1143 2464 1278 2500 prophetat
1299 2463 1334 2491 de
1358 2463 1497 2491 ει·υοίίίκο
1515 2463 1571 2490 ait:
1589 2462 1622 2489 Et
1641 2462 1752 2489 uidimus

1148 2534 1170 2549 “
1188 2533 1275 2560 Exod.
1290 2540 1381 2565 xxxiii,
1392 2532 1436 2559 20.

778 2602 894 2631 νΑιιιΑε
914 2602 1118 2630 LECTIONES.

156 2644 168 2659 ι
182 2643 214 2668 Δὲ
235 2643 377 2672 ἀθάνατον.
392 2645 460 2674 Male
474 2646 562 2673 Oxon.
575 2646 625 2673 διὰ⁴
637 2647 762 2674 θάνατον.

801 2655 813 2668 ι
834 2647 911 2676 Εἶτα.
937 2649 1019 2677 Forte
1033 2651 1100 2677 εἴτε.
1151 2654 1154 2657 “

875 2718 990 2748 NOTAE.

155 2757 213 2801 ςΙΞ)
228 2757 307 2785 Haud
319 2760 438 2801 interiret
453 2770 507 2788 una
521 2771 581 2801 gum
593 2771 712 2801 corpore.
728 2763 773 2801 illi)
791 2771 908 2791 συναπο-

117 2793 288 2834 ονή-σκουταν
311 2794 350 2830 τῷ
375 2795 492 2834 σῲματι.
517 2797 604 2834 Quam
631 2793 703 2825 bona
730 2793 834 2831 (ξιξερο,
854 2803 907 2827 tam

118 2829 190 2869 mala
208 2828 306 2870 Latina
322 2828 387 2858 novi
402 2828 562 2867 interpretis
576 2833 682 2869 Cyrilli,
697 2833 800 2870 omissa
824 2828 908 2870 nega-

120 2870 186 2898 tiva,
204 2868 234 2892 ut
248 2868 368 2894 animam
389 2875 442 2895 una
460 2875 522 2896 cum
547 2868 664 2906 corpore
687 2869 800 2897 interire
816 2868 908 2904 dicat;

963 2774 1011 2793 seu
1030 2767 1123 2801 potius
1143 2767 1249 2800 prelum
1268 2771 1298 2793 ut
1313 2766 1373 2801 ejus
1395 2768 1587 2800 repraesentet,
1609 2765 1681 2801 quod
1699 2765 1754 2792 sal-

965 2807 1018 2834 tem
1031 2800 1160 2829 collectis
1172 2802 1213 2830 vel
1223 2801 1256 2828 ad
1267 2800 1371 2828 calcem
1381 2801 1500 2833 tuendis,
1514 2801 1604 2835 iisque
1621 2800 1661 2827 sic
1673 2807 1755 2828 enor-

964 2837 1054 2865 mibus
1069 2845 1100 2865 ac
1114 2836 1293 2872 periculosis,
1310 2836 1460 2865 voluissem
1473 2836 1648 2872 castigatum.
