1966 3068
101 109 170 142 2345

670 110 903 141 FRAGMENTA
925 111 1151 142 DOGMATICA.

1659 115 1729 148 2916

101 168 220 201 ἑκάστην
244 167 497 203 χαρακτηριστικὴν
513 167 668 194 ὑπόστασιν
684 167 834 199 ἀνελλιπῶς
856 167 892 194 τὰ

947 169 1015 196 notis
1027 169 1197 204 obsignatam
1211 169 1322 197 deitatis
1333 170 1450 206 insignia
1460 171 1614 206 possidere,
1626 178 1655 200 ut
1665 173 1727 200 nul—

100 213 148 246 τῆς
169 211 297 246 θεότητος
321 211 393 246 ἔχειν
412 211 608 247 γνωρίσματα,
632 211 662 238 τὸ
680 211 887 247 δημιουργικὸν,

101 257 147 284 καὶ
162 258 210 284 ὅσα
226 257 289 292 περὶ
302 257 350 292 τὴν
364 258 490 284 ἄκτιστον
502 258 583 292 φύσιν
596 258 723 292 ὑπάρχει.
733 257 812 284 Οὕτω
823 259 887 293 γὰρ,

101 304 148 329 καὶ
176 303 318 337 ὁμοούσιον
344 303 394 338 τὴν
419 303 523 338 Τριάδα
547 303 655 339 φαμὲν,
680 304 717 334 ὡς
738 305 787 340 τῆς
803 305 889 339 αὐτῆς

101 349 195 380 οὐσίας
213 349 343 380 ὁλοτελῶς
365 349 394 375 ὲν
408 350 482 384 τρισὶ
498 349 656 385 προσώποις
671 350 887 385 γνίυριζομένης.

102 396 157 421 Καὶ
181 395 235 430 γὰρ
260 395 274 421 ὁ
294 394 388 430 Πατὴρ
411 395 522 427 τελείως
546 395 602 430 ἔχει
626 396 674 430 τὴν
695 396 745 430 τῆς
764 396 889 430 θεότητος

100 439 195 466 οὐσίαν
207 447 213 454 ·
238 439 338 474 ὁμοίως
354 439 368 464 ὁ
384 438 458 476 ϊίὺς,
475 439 575 474 ὁμοίως
588 439 618 465 et
631 439 743 474 Πνεῦμα
755 440 786 465 τὸ
801 440 888 473 ἅγιον.

101 485 223 516 Τούτοις.
239 485 286 511 καὶ
299 486 312 511 ὸ
324 486 374 519 τῆς
387 484 516 519 ἀληθείας
528 485 563 520 κή
570 484 616 520 ρυξ
629 484 734 516 Παῦλος
745 486 892 520 συνηγορεῖ

101 531 223 564 φάσκων·
245 531 296 557 Ἐν
312 530 391 563 αὐτῷ
406 531 461 565 γὰρ
479 531 614 557 κατοικεῖ
625 531 687 557 πᾶν
701 530 734 557 τὸ
745 531 890 565 πλήρωμα

100 576 156 610 τῆς
168 577 306 610 θεότητος
315 576 506 610 σωματικῶς.
522 577 558 603 Οὐ
572 577 628 612 γὰρ
643 577 687 603 τὸν
701 577 810 612 Πατέρα
825 577 890 612 φησὶ

101 622 294 655 σεσαρκῶσθαι
305 643 311 654 ,
333 622 399 648 ἀλλ’
415 623 457 648 ὅτι
474 622 548 648 πᾶσα
563 623 579 656 ἡ
594 622 689 656 θεότης
705 622 733 647 ὲν
747 623 808 652 ταῖς
824 623 891 648 ὐπο-

101 668 229 694 στάσεσιν
245 667 390 703 ἀνελλιπὴς
406 668 524 702 ὑπάρχει
535 688 542 700 ,
568 668 597 693 ὲν
613 667 716 702 Πατρὶ,
734 668 763 693 ὲν
778 667 843 702 Υίῷ,
862 668 891 693 ὲν

101 715 172 748 ἁγίῳ
193 714 332 749 Πνεύματι
344 735 350 747 ,
378 716 407 740 ἐν
424 715 535 750 ’ἑκάστῃ
558 715 708 741 ὑποστάσει
723 714 833 745 τελείως
847 716 892 741 ὲν-

102 761 273 795 υπέρχουσα,
289 761 359 787 κατὰ
373 761 423 796 τὴν
435 761 529 795 φωνὴν
543 760 588 787 τοῦ
603 755 729 795 Σωτῆρος
742 760 872 794 λέγουσαν
882 768 890 775 ·

102 807 204 833 Πάντα
225 807 260 833 τὰ
281 808 334 833 τοῦ
348 807 463 841 ’Πιιτρῦς
481 806 536 840 ἐ]ιά
551 807 608 833 εισι
641 815 648 822 ·
674 807 823 838 τουτέστιν,
842 806 892 833 ὅσα

942 214 999 241 lum
1025 215 1050 241 ei
1075 215 1164 248 desit;
1193 220 1258 250 puta
1282 215 1451 249 bonitatem,
1475 217 1586 245 creandi
1607 218 1680 250 vim,
1700 222 1729 244 et

942 269 1112 296 quaecunque
1124 261 1250 289 increataa
1265 267 1370 289 natura:
1387 263 1565 290 conveniunt.
1577 263 1641 290 ldeo
1655 264 1728 290 enim

943 305 1106 344 Trinitatem
1123 314 1184 334 esse
1195 307 1457 335 consubstantialem
1467 308 1652 342 profitentur;
1666 308 1730 342 quia

943 351 1098 378 substantia
1121 353 1218 382 eadem
1249 353 1276 380 in
1299 353 1388 380 tribus
1406 355 1531 388 personis
1553 354 1731 389 integerrime

944 398 1128 432 cognoscitur.
1157 398 1238 425 Pater
1255 399 1329 426 enim
1355 400 1487 434 integram
1507 399 1619 427 deitatis
1636 407 1731 426 essen-

944 443 1008 470 tiam
1024 443 1118 476 habet,
1134 444 1219 470 veluti
1236 443 1331 476 Filius,
1350 448 1377 471 et
1392 444 1512 479 Spiritus
1526 448 1647 471 sanctus.
1666 444 1730 477 Qum

943 489 1044 516 Paulus
1061 490 1189 517 veritatis
1203 497 1293 524 praeco
1308 490 1462 521 confirmat,
1477 490 1523 517 ubi
1545 491 1582 517 ait
1598 498 1604 516 :
1622 491 1654 517 In
1674 491 1731 525 ipso

942 536 1074 563 inhabitat
1099 536 1183 562 omnis
1206 536 1340 571 plenitudo
1364 535 1510 562 diuinitatis
1543 536 1728 570 corporaliter.

943 581 1002 608 Non
1017 581 1089 608 enitn
1107 582 1279 608 incarnatum
1295 581 1402 607 Patrem
1417 588 1476 607 esse
1492 581 1606 612 annuit,
1624 581 1670 608 sed
1689 585 1732 608 to-

944 631 999 654 tam
1024 627 1197 654 divinitatem
1225 627 1300 654 nullo
1321 626 1430 653 defectu
1452 626 1479 652 in
1499 626 1588 653 tribus
1608 626 1732 660 personis

944 677 1053 700 exstare
1069 681 1076 699 :
1094 673 1196 708 quippe
1213 680 1273 707 qua:
1288 672 1315 698 in
1329 672 1424 703 Patre,
1443 676 1470 698 et
1486 671 1569 704 Filio,
1586 678 1614 698 et
1627 671 1731 706 Spiritu

945 723 1057 750 sancto,
1077 723 1105 746 et
1121 719 1148 745 in
1164 725 1327 752 unaquaque
1339 725 1456 752 persona
1473 717 1595 751 perfecte
1607 717 1731 748 exsistat,

945 761 1097 788 secundum
1118 761 1270 788 Salvatoris
1297 768 1392 787 vacem
1415 769 1420 786 :
1442 761 1538 787 Omnia
1562 769 1619 796 qua-
1642 761 1732 788 Patris

946 808 996 834 mei
1018 812 1089 839 sunt,
1106 815 1165 833 mea
1187 810 1266 838 sunt;
1283 807 1336 833 hoc
1360 810 1410 837 est,
1426 814 1596 841 quaecunque
1607 807 1734 834 esscntizn

101 854 151 887 τῆς
167 853 214 879 τοῦ
229 853 335 887 Πατρὺς
351 853 445 883 οὐσίας
462 853 580 891 φπάρχει
593 852 770 888 γνωρίσματα
781 873 787 885 ,
806 852 892 879 ταῦτα

947 852 1035 879 Patris
1049 852 1177 887 insignia,
1194 851 1290 878 eadem
1307 855 1335 878 et
1343 850 1427 878 'Verbi
1440 851 1487 877 Dei
1504 856 1578 884 sunt,
1594 852 1676 879 etiam
1692 852 1733 879 in-

102 898 150 924 τοῦ
171 898 238 924 Θεοῦ
254 898 358 931 Λόγου,
385 899 432 924 καὶ
454 897 641 933 σαρκωθὲντος
660 898 752 924 ἐστίν·
782 898 831 933 οὐχ
856 897 894 929 ὡς

102 943 150 970 τοῦ
173 943 279 979 Πατρὸς
303 943 379 975 ὄντος
399 944 479 976 Υἱοῧ,
505 943 520 979 ἢ
540 943 587 969 τοῦ
607 943 671 970 Υἱοῦ
685 943 761 974 ὄντος
776 942 892 977 Πατρός.

103 987 197 1014 Ταῦτα
220 990 273 1023 γὰρ
299 988 417 1023 ὀνόματα
434 988 590 1023 σημαντικὰ
612 988 661 1023 τῆς
679 989 747 1024 πρὸς
764 989 894 1023 ἀλλήλους

105 1033 223 1067 σχέσεως
240 1033 366 1068 ὑπάρχει.
398 1033 459 1065 Πῶς
475 1033 521 1059 οὖν
546 1033 582 1069 μὴ
600 1034 722 1067 εἴπωμεν
737 1034 786 1069 τὴν
799 1034 893 1061 οὐσίαν

103 1078 154 1112 τῆς
170 1077 296 1112 θεότητος
314 1078 509 1110 ὰνελλιπῶςὲν
525 1078 564 1113 τῷ
582 1078 696 1113 Χριστῷ
710 1076 795 1110 εῖναι,
813 1079 894 1105 ὁπότε

103 1122 207 1150 τέλειον
221 1123 286 1149 Θεὸν
300 1123 379 1149 αὐτὸν
391 1122 461 1150 εἷναί
474 1131 582 1158 φαμενς
599 1123 660 1155 Πῶς
674 1124 711 1156 δὲ,
728 1124 774 1150 καὶ
788 1125 843 1154 τοῖς
851 1124 896 1150 τὲρ
918 1136 921 1139 ·

105 1168 177 1195 λειον
186 1169 266 1194 αὐτὴν
275 1169 321 1195 ἀνθ
327 1177 416 1204 ρωπον
422 1169 608 1204 ὁμολογοῦσιν,
617 1169 646 1195 οὐ
657 1170 747 1195 πᾶσαν
755 1169 802 1196 ἀνθ
808 1169 895 1204 ρωπὸ-

99 1220 187 1246 ante;
204 1212 298 1239 οὐσίαν
319 1214 482 1248 ἐνυπάρχειν
498 1213 573 1248 αὐτῷ
602 1214 893 1249 προσομολογήσομενς

106 1259 146 1284 Οὐ
161 1259 215 1293 γὰρ
232 1259 315 1293 μέρος
330 1259 414 1294 αὐτῆς
434 1260 616 1294 προσείληφεν
626 1279 633 1292 ,
660 1260 696 1291 ὡς
707 1260 894 1294 ’Λπολινάριός

106 1312 191 1338 φησι,
218 1305 306 1338 σάρκα
328 1303 388 1339 δίχα
403 1304 514 1339 λογικῆς
529 1304 618 1339 ψυχῆς
631 1323 637 1335 .
656 1305 724 1331 ἀλλὰ
740 1305 831 1330 πᾶσαν
845 1305 895 1339 τὴν

105 1349 212 1380 οὐσίαν,
226 1349 240 1375 ὅ
254 1351 312 1386 ἐστι
328 1349 396 1384 σὰρξ
408 1349 592 1385 ὲμψυχωμένη
608 1350 681 1384 ψυχῇ
695 1350 789 1385 λογικῇ
803 1358 832 1376 τε
848 1350 896 1376 xui.

106 1403 149 1421 νοε
155 1396 201 1430 ρᾷ.

143 1441 217 1476 Αὕτη
233 1442 288 1477 γὰρ
304 1442 400 1473 κοινῶς
419 1442 448 1468 ὲν
462 1443 517 1474 τοῖς
534 1442 595 1468 καθ’
611 1442 725 1468 ἕκαστον
740 1441 895 1476 ἀνθρώποις

105 1486 216 1518 τελείως
243 1487 433 1522 ἐνυπάρχουσα
443 1507 450 1519 ,
478 1488 568 1514 οὐσία
586 1488 706 1520 εἰκότως
721 1486 760 1514 ἂν
770 1487 876 1520 ,ῥηθείη
888 1496 894 1502 ο
909 1509 931 1539 C

106 1531 270 1567 χωρίζονται
284 1532 338 1568 γὰρ
351 1532 472 1567 ἀλλήλων
486 1533 511 1559 οἱ
524 1533 595 1559 κατὰ
608 1533 701 1568 μέρος,
714 1533 745 1559 οὐ
758 1535 791 1568 τῇ
804 1534 893 1569 οὐσίᾳ,

105 1580 164 1609 τοῖς
178 1578 206 1604 δὲ
220 1579 421 1613 παρεπομένοις
439 1578 566 1613 ἰδιώμασι
577 1598 584 1610 ,
612 1578 736 1613 μεγέθει,
760 1579 808 1604 καὶ
823 1578 894 1613 χρώ-

107 1632 173 1659 ματι
183 1644 190 1654 ,
213 1625 259 1650 καὶ
275 1624 367 1655 ἁπλῶς
382 1625 479 1654 εἰπεῖν,
496 1627 554 1654 ταῖς
569 1625 828 1658 χαρακτηριστικοῑς
842 1623 896 1649 τῶν

107 1670 265 1706 προσώπων
278 1670 413 1704 ποιότησι.
430 1669 496 1700 Πῶς
511 1669 539 1695 δὲ
554 1670 600 1696 καὶ
615 1670 647 1695 ἐκ
661 1669 707 1695 δύο
720 1669 827 1703 φύσεων
842 1670 895 1704 φή-

109 1724 188 1742 σουσι
202 1715 246 1741 τὸν
260 1715 389 1750 Χριστὸν,
404 1716 429 1741 εί
445 1715 482 1749 μὴ
496 1715 556 1740 ἀντὶ
569 1714 668 1741 οὐσιῶν
683 1715 774 1746 αὐτοῖς
787 1715 895 1750 νοηθείη

106 1762 138 1788 τὸ
163 1761 211 1795 τῆς
235 1762 341 1794 φύσεως
367 1761 474 1795 δνομα;
503 1759 533 1785 οὐ
557 1759 611 1795 γὰρ
638 1759 698 1785 ἀντὶ
720 1759 896 1785 ὑποστάσεων

106 1807 376 1844 χαρακτηριστικῶν,
389 1806 556 1842 τολμήσουσι
567 1806 667 1839 λέγειν·
681 1806 742 1832 ἐπεὶ
752 1806 798 1832 καὶ
809 1807 841 1831 ἐκ
851 1805 896 1832 δύο

107 1854 265 1890 προσώπων
276 1853 531 1888 ἀναγκασθήσονται
541 1853 638 1879 εἰπεῖν·
655 1854 670 1887 ἡ
683 1853 737 1887 γὰρ
748 1852 897 1883 ὑπόστασις

103 1903 126 1937 ἡ
141 1901 390 1937 χαρακτηριστικὴ.
403 1900 549 1935 πρόσωπον
564 1899 671 1925 δίδωσιν
686 1899 795 1924 ὲννοεῖν·
812 1899 840 1924 ὲν
852 1906 897 1933 χα-

69 1963 75 1969 ρ
109 1947 229 1982 ρακτῆρι
244 1947 272 1972 δὲ
289 1955 359 1981 φημι
371 1966 378 1978 ,
397 1947 495 1980 μήπως
511 1947 543 1980 τῇ
560 1945 669 1979 συνήθει
685 1945 738 1970 τῶν
752 1944 896 1979 αἱρετικῶν

107 1993 202 2028 ἀπάτῃ
224 1992 286 2026 δίχα
307 1992 480 2027 χαρακτῆρος
494 1990 650 2016 ὑποθῶνται
667 1991 716 2025 τὴν
730 1990 878 2016 ὑπόστασιν
888 1997 896 2005 ·

105 2039 169 2065 τότε
183 2039 236 2072 γὰρ
250 2037 299 2072 τὴν
314 2038 363 2071 τῆς
374 2037 468 2068 οὐσίας
483 2036 622 2071 σημασίαν
639 2035 817 2070 ἀποφέρεται.
834 2035 898 2065 Πῶς

106 2085 137 2111 δὲ
163 2084 210 2110 καὶ
235 2079 376 2118 ὁμοούὰιον
394 2082 431 2118 τῷ
449 2083 536 2116 Πατρὶ
552 2082 599 2108 καὶ
614 2083 679 2116 ἡμῖν
693 2081 837 2115 ὁμοούσιον
851 2082 898 2108 τὸν

108 2129 228 2165 Χριστὸν
241 2129 310 2164 μετὰ
320 2129 368 2164 τὴν
379 2129 476 2155 ἕνωσιν
487 2128 675 2160 ὑποτίθενται;
690 2128 738 2154 καὶ
748 2128 778 2154 οὐ
790 2127 897 2163 ναρκῶ-

946 897 1070 930 earnati;
1092 905 1148 924 non
1166 901 1196 924 ut
1210 897 1291 924 Pater
1306 896 1392 923 Filius
1406 896 1456 928 sit,
1475 901 1522 923 aut
1538 897 1624 923 Filius
1640 897 1732 924 Pater.

945 942 1008 969 Πωο
1022 949 1140 976 namque
1155 941 1266 968 nomina
1281 940 1443 967 relationem
1462 940 1635 967 solummodo
1649 940 1733 975 signi-

945 987 1039 1015 ﬁcant.
1061 987 1155 1014 Eccur
1170 994 1235 1021 ergo
1257 994 1313 1013 non
1330 986 1454 1013 dicamus
1470 986 1623 1013 divinitatis
1637 993 1732 1012 essen-

942 1036 1023 1068 tiam,
1045 1035 1149 1069 absque
1169 1035 1225 1061 ullo
1242 1033 1362 1063 defectu,
1381 1033 1512 1067 integram
1527 1040 1586 1059 esse
1603 1032 1631 1058 in
1644 1032 1731 1064 Filio;

945 1081 1168 1116 quandoquidem
1196 1079 1286 1114 ipsum
1310 1086 1369 1106 esse
1386 1077 1538 1112 perfectum
1557 1077 1642 1104 Deum
1666 1084 1732 1111 pro-

945 1126 1127 1153 nuntiamus?
1153 1125 1204 1157 Qui
1229 1132 1296 1151 vero
1315 1131 1377 1150 cum
1394 1123 1436 1150 his
1455 1123 1500 1157 qui
1517 1122 1666 1157 perfectum
1682 1122 1733 1148 ho-

942 1172 1048 1199 :minem
1074 1171 1150 1198 illum
1167 1178 1228 1198 esse
1243 1170 1384 1201 fatentur,
1400 1173 1487 1195 totam
1505 1175 1614 1202 quoque
1633 1168 1733 1194 huma-

946 1217 1042 1244 nitatis
1065 1216 1248 1243 substantiam
1272 1215 1300 1241 in
1324 1222 1357 1241 eo
1376 1221 1436 1241 esse
1460 1221 1514 1240 non
1532 1213 1734 1240 conﬁteamur?

942 1263 1005 1290 Non
1027 1263 1099 1290 enim
1123 1266 1228 1297 partem
1248 1261 1382 1287 duntaxat
1397 1259 1458 1294 ejus
1473 1258 1590 1293 accepit,
1609 1262 1639 1285 ut
1653 1257 1734 1285 docet

946 1309 1143 1344 Apollinarius,
1154 1308 1201 1334 sed
1214 1306 1394 1334 substantiam
1407 1305 1540 1339 integrant
1555 1304 1611 1331 sive
1622 1311 1732 1330 carnem

946 1356 1037 1383 anima
1052 1354 1181 1381 rationali
1196 1357 1224 1381 et
1238 1352 1409 1386 intelligente
1423 1351 1582 1378 animatam.

981 1441 1045 1469 Haec
1069 1441 1141 1468 enim
1168 1439 1353 1467 communiter
1380 1439 1407 1466 in
1433 1438 1548 1473 singulis
1573 1435 1734 1464 hominibus

947 1487 1067 1522 perfecte
1082 1485 1227 1516 exsistens,
1244 1483 1321 1509 οὐσία
1337 1483 1447 1514 εἰκότως
1463 1482 1496 1509 ἂν
1511 1481 1615 1517 ῥηθείη,
1637 1480 1664 1508 id
1680 1485 1732 1511 est.

948 1534 1021 1557 recte
1044 1533 1086 1555 est
1108 1528 1271 1555 substantia.
1295 1526 1401 1561 Singuli
1419 1526 1494 1553 enim
1515 1525 1732 1560 distinguuntur.

946 1576 1004 1604 sive
1024 1579 1186 1609 separantur
1207 1574 1279 1600 inter
1300 1580 1329 1600 se
1345 1580 1401 1600 non
1416 1571 1568 1599 substantia
1586 1592 1592 1604 ,
1607 1571 1654 1598 sed
1671 1579 1736 1606 pro-

947 1620 1113 1655 prietatibus
1127 1618 1372 1652 consequentibus,
1391 1618 1448 1644 sive
1462 1617 1661 1644 comitantibus
1675 1624 1735 1643 ma-

946 1665 1103 1702 gnitudine,
1121 1665 1223 1696 colore,
1240 1668 1280 1696 et,
1299 1668 1329 1690 ut
1346 1671 1401 1690 uno
1415 1663 1500 1690 verbo
1517 1662 1619 1695 dicam,
1635 1663 1734 1689 chara-

947 1711 1094 1739 cteristicis
1107 1717 1287 1745 personarum
1304 1709 1491 1744 qualitatibus.
1505 1709 1647 1742 Quomodo
1660 1707 1733 1735 enim

947 1766 980 1786 ex
1004 1758 1111 1785 duabus
1133 1756 1240 1784 naturis
1260 1755 1400 1783 Christum
1416 1763 1476 1783 esse
1490 1755 1593 1787 dicent.
1613 1755 1665 1783 nisi
1685 1762 1736 1782 no-

948 1813 1010 1831 men
1026 1808 1131 1831 naturte
1145 1811 1195 1838 pro
1209 1802 1371 1830 substantiis
1386 1802 1559 1837 intelligant?
1580 1802 1638 1829 Non
1660 1802 1734 1828 enim

948 1849 1090 1877 audebunt
1109 1849 1202 1876 dicere
1224 1856 1273 1883 pro
1295 1848 1491 1883 hypostasibus
1505 1848 1736 1876 characteristicis

948 1896 1002 1923 dici
1030 1903 1064 1922 ex
1090 1895 1198 1922 duabus
1219 1894 1336 1926 naturis,
1363 1902 1398 1922 ne
1424 1899 1557 1929 cogantur
1581 1895 1676 1922 dicere
1701 1902 1736 1922 ex

948 1942 1054 1969 duabus
1071 1940 1206 1976 personis.
1226 1940 1386 1976 llypostasis
1412 1940 1485 1967 enim
1512 1939 1735 1968 characteristica

948 1994 1066 2023 persona
1083 1986 1265 2020 intelligitur:
1290 1985 1352 2012 dico
1371 1989 1462 2012 autem
1479 1985 1645 2020 liypostasim
1669 1985 1734 2013 cha-

948 2033 1156 2063 racteristicam,
1174 2032 1231 2058 sive
1250 2031 1276 2058 in
1292 2031 1466 2064 charactere,
1491 2038 1535 2062 ne,
1562 2030 1657 2058 fraude
1683 2031 1735 2058 liae-

948 2079 1042 2106 retieis
1059 2082 1200 2110 consueta,
1225 2077 1394 2112 hypostasim
1418 2077 1478 2104 sine
1495 2077 1656 2103 charactere
1671 2084 1736 2111 sup—

947 2128 1060 2159 ponant.
1078 2123 1156 2150 Tunc
1172 2123 1245 2150 enim
1262 2122 1491 2158 significationem
1508 2123 1667 2150 substantiae
1682 2123 1735 2150 fert

109 2183 155 2207 σι,
178 2174 224 2200 δύο
247 2175 295 2209 μὲν
315 2174 444 2209 ὁμηούσια
461 2173 668 2209 ὁμολογοῦντες,
689 2174 852 2209 ἀρνούμενοι
867 2172 893 2199 δὲ

948 2171 1111 2206 hypostasis.
1139 2169 1281 2203 Quomodo
1297 2175 1387 2196 autem
1402 2169 1666 2196 consubsxantialem
1683 2169 1734 2196 Pa—

107 2222 158 2252 τὰς
174 2220 220 2247 δύο
234 2220 347 2253 obsim;

116 2373 279 2406 Ἀντίθεσις
303 2373 378 2406 πρὸς
402 2373 472 2406 τοὺς
492 2373 646 2407 λέγοντας,
663 2373 763 2405 Ζὸικὴν
788 2371 898 2399 οὐσίαν

144 2407 221 2435 εἶναι
235 2409 289 2435 τοῦ
306 2408 438 2442 Πατρός,
465 2410 513 2434 καὶ
534 2406 637 2441 ⁷ιδικὴν
661 2407 714 2435 τοῦ
738 2407 818 2440 Υἰοῦ,
847 2406 895 2432 καὶ

147 2444 254 2478 ὁμοίως
270 2443 323 2470 τοῦ
338 2443 424 2478 ἁγίου
438 2443 620 2479 Πνεύμιιτος⁷

147 2498 178 2526 Εἰ
204 2499 218 2525 ὁ
229 2499 324 2532 Λόγος,
350 2497 411 2524 καθ’
429 2498 442 2524 ὁ
466 2498 551 2532 Λόγος
566 2498 649 2530 ἐστὶν,
669 2498 748 2532 φύσις
765 2499 848 2530 ἐστὶν,
865 2499 896 2525 οὐ

111 2544 174 2570 καθ’
187 2543 202 2569 ὂ
215 2544 290 2574 Θεός·
307 2544 354 2569 καὶ
368 2543 382 2568 ὁ
395 2542 499 2577 Πατὴρ,
510 2543 571 2569 καθ’
584 2543 598 2568 ὃ
615 2543 719 2578 Πατὴρ,
733 2542 811 2576 φύσις
826 2543 896 2574 ἐστὶ,

110 2589 158 2615 καὶ
175 2588 206 2614 οὐ
222 2588 282 2614 καθ’
296 2588 311 2614 ὃ
326 2587 391 2620 Θεός
404 2596 410 2603 ·
429 2586 522 2614 καὶτὸ
538 2588 649 2622 Πνεῦμα
665 2589 694 2615 τ),
707 2589 794 2623 ἅγιον,
810 2589 870 2615 καθ’
883 2589 897 2615 ὖ

108 2633 276 2668 ἐκπορευτὴ,
293 2634 373 2667 φύσις
386 2634 455 2666 ἐστὶ,
467 2635 513 2660 καὶ
528 2634 558 2660 οὐ
573 2633 634 2660 καθ’
646 2634 661 2660 ὃ
675 2634 750 2665 Θεὸς,
764 2634 818 2660 οὐδ’
831 2634 896 2660 ὁπό-

106 2687 189 2713 τερος
201 2678 290 2704 αὐτῶν
302 2678 378 2705 ἔσται
391 2680 470 2713 φύσει
481 2680 546 2711 Θεός
558 2688 565 2696 ·
582 2680 660 2714 εἴπερ
670 2680 700 2706 τὸ
711 2679 792 2713 Θεὸς,
803 2681 896 2706 οὐκέτι

108 2724 160 2752 καὶ
180 2723 318 2759 πατρὸτης
335 2725 380 2751 καὶ
394 2725 487 2760 υἱότης
503 2727 549 2752 καὶ
563 2726 725 2760 ὲκπόρευσις
739 2734 746 2742 ·
773 2725 796 2752 ει
812 2726 840 2752 δὲ
860 2727 896 2761 μὴ

108 2769 188 2801 Θεὶις,
206 2768 308 2803 κτίσμα
323 2769 440 2800 πάντως.
465 2770 519 2796 Καὶ
536 2770 646 2799 πάλιν·
673 2771 717 2797 Ἑν
733 2768 773 2802 οἷς
789 2771 895 2806 διακρί-

111 2822 184 2840 νεται
210 2813 256 2839 τοῦ
280 2814 386 2848 Πατρὺς
408 2816 421 2841 ὁ
442 2815 536 2849 Λόγος,
557 2815 659 2846 τούτοις
673 2817 718 2842 καὶ
733 2815 813 2850 φύσις
826 2816 895 2848 ἐστὶ,

949 2216 983 2241 tri
1012 2219 1040 2242 et
1065 2214 1145 2241 nobis
1173 2213 1312 2240 Christum
1336 2217 1399 2248 post
1417 2213 1547 2240 unionem
1572 2217 1687 2248 ponunt,
1707 2217 1735 2240 et

948 2268 1002 2287 non
1026 2265 1091 2287 sunt
1114 2259 1216 2294 stupidi
1239 2259 1401 2286 confitentes
1421 2259 1531 2293 quidem
1547 2259 1602 2286 duo
1616 2259 1734 2287 consub-

949 2306 1096 2338 stantialia,
1113 2310 1245 2341 negantes
1259 2313 1325 2332 vero
1339 2305 1407 2332 duas
1420 2305 1608 2333 substantias?

949 2372 1081 2408 Oppositia
1100 2374 1127 2399 in
1140 2372 1213 2408 illas,
1232 2373 1276 2407 qui
1295 2372 1384 2399 dicunt
1400 2373 1586 2408 particularem
1611 2373 1736 2400 sul-stans

983 2409 1117 2442 tiamresse
1135 2407 1232 2439 Patris,
1260 2413 1285 2434 et
1309 2407 1496 2442 particularem
1514 2407 1583 2440 Filii,
1601 2408 1735 2434 similiter-

983 2451 1032 2478 que
1048 2441 1161 2477 Spiritus
1181 2443 1275 2470 sancti.

983 2499 1011 2526 Si
1026 2499 1156 2531 Verbum,
1171 2498 1323 2526 secundum
1339 2498 1413 2533 quod
1430 2503 1471 2526 est
1488 2498 1620 2528 Verbum.
1638 2501 1735 2531 natura

948 2549 1000 2576 est,
1016 2553 1070 2571 non
1083 2545 1234 2572 secundum
1248 2544 1321 2579 quod
1335 2545 1408 2572 Deus
1420 2549 1478 2577 est;
1493 2549 1521 2571 et
1532 2543 1622 2575 Pater,
1638 2551 1735 2570 secun-

948 2591 1012 2617 dum
1025 2591 1098 2625 quod
1112 2591 1202 2622 Pater,
1219 2595 1314 2617 natura
1327 2595 1378 2622 est,
1394 2595 1486 2624 etnon
1497 2589 1647 2616 secundum
1662 2589 1734 2623 quod

949 2636 1022 2663 Deus
1047 2639 1109 2668 est;
1135 2640 1163 2664 et
1187 2635 1307 2670 Spiritus
1337 2640 1457 2668 sanctus,
1476 2635 1627 2662 secundum
1660 2635 1734 2669 quod

948 2681 1102 2716 procedens
1117 2686 1215 2708 natura
1231 2686 1283 2714 est,
1300 2678 1329 2708 et
1345 2689 1399 2708 non
1412 2673 1564 2708 secundum
1576 2680 1648 2714 quod
1662 2681 1735 2707 Deus

948 2731 1005 2760 est;
1031 2727 1129 2753 horum
1160 2731 1258 2754 neuter
1284 2731 1382 2754 natura
1409 2727 1481 2754 Deus
1506 2726 1573 2759 erit;
1598 2725 1734 2759 siquidem

948 2772 1034 2804 Deus,
1059 2773 1172 2800 minime
1211 2773 1375 2808 paternitas,
1410 2772 1504 2799 tiliatio
1536 2777 1564 2799 et
1594 2771 1736 2806 processio

948 2822 1003 2849 est;
1029 2817 1102 2852 quod
1128 2818 1150 2844 si
1175 2826 1229 2844 non
1249 2818 1321 2845 Deus
1342 2822 1394 2848 est,
1411 2822 1534 2845 creatura
1558 2817 1679 2844 omnino.
1701 2815 1740 2843 Et
