1966 3068
235 131 304 163 2951

685 130 701 143 ⁴
746 129 778 159 S.
798 126 956 158 EULOGlI
976 125 1151 155 ARCHIEP.
1173 125 1362 158 ALEXAND.

1793 125 1861 157 2952

237 190 294 218 sive
307 187 471 216 substantiis
484 195 545 222 quo
557 186 709 214 secundum
723 185 929 213 subsistentiam
941 183 1024 210 unita:

1080 182 1164 218 5ροὦς
1178 183 1250 219 ἔχειν
1267 185 1387 220 ἠγοῦμαι
1403 183 1549 218 τὸνλόγον·
1568 184 1613 210 ἐπὶ
1623 183 1651 210 δὲ
1665 182 1718 210 τῶν
1729 183 1758 209 ὲν
1768 183 1862 209 συνθέ-

236 242 292 262 ιιοη
310 239 388 266 sunt;
411 237 439 260 at
458 233 552 268 procul
573 231 651 259 abest
668 238 684 258 a
697 239 774 263 vero,
788 231 811 257 si
828 237 918 257 sermo
932 232 974 256 est
989 228 1023 255 de

237 279 344 306 naturis
359 286 420 312 ante
441 285 490 312 per
513 277 741 311 compositionem
756 281 784 302 et
803 275 829 302 in
844 273 1022 307 subsistentia

232 324 412 358 copulantur.
438 323 539 350 Verum
559 322 634 349 enim
656 322 683 349 in
699 322 751 348 hoc
765 324 873 349 constat
890 329 897 346 :
913 319 1023 355 quando

233 369 397 396 .ditferentes
417 372 527 395 natura:
549 367 712 394 indivisibili
732 367 834 394 unione
852 366 1023 394 coadunatze.

239 422 319 442 unam
335 421 479 448 personam
492 418 520 441 et
535 421 618 440 unam
634 413 840 440 subsistentiam
856 411 1022 446 perﬁciunt;

238 461 259 488 si
277 465 395 495 quatuor
409 461 465 488 sint
480 460 626 492 elementa,
641 460 801 487 diﬂ'erentes
816 463 880 487 sunt
894 459 1022 485 substan-

239 505 292 538 tite,
314 505 362 532 sed
385 505 512 532 similiter
535 512 621 531 unum
646 503 770 531 ctiiciunt
789 511 891 538 corpus
906 503 933 529 in
950 502 1024 537 ligno

233 555 285 578 .aut
306 551 398 586 lapide
420 550 625 585 particulariter
651 554 773 584 sumpto,
794 548 867 583 quod
895 552 937 575 est
958 547 1024 574 sub-

234 597 373 624 sistentia.

274 643 326 670 Sed
342 650 404 669 eum
422 642 476 669 hoc
489 642 644 676 exemplum
656 642 778 669 breviter
790 646 817 669 et
831 641 914 668 nimis
927 641 1024 668 confu-

236 697 269 715 se
285 688 440 716 adhibitum
456 688 578 720 videtur,
594 688 758 715 sumendum
785 688 866 714 nobis
881 693 923 714 est
935 695 1027 714 exem-

241 734 316 768 plum
330 733 357 760 in
371 733 482 760 homine
498 740 551 759 una
569 732 750 759 subsistentia
767 732 894 766 praedito.
909 732 938 757 ln
953 738 1024 757 uno-

242 786 352 813 quoque
380 782 504 806 nostrum
535 779 633 805 animae
665 779 818 805 substantia
851 778 903 804 alia
927 782 969 804 est
995 784 1027 803 ac

243 824 367 859 corporis
383 824 555 857 substantia;
568 824 615 852 sed
631 828 721 850 tamen
740 824 780 850 lue
797 823 858 850 dua:
866 823 1026 850 substantiae

239 870 392 904 conjuncta}
416 869 443 896 in
474 870 589 905 singulis
618 878 699 897 unam
725 877 869 904 personam
894 869 1025 906 cilicium,

237 915 317 942 J'erbi
346 915 448 949 gratia,
480 915 612 942 Joannem
642 920 690 943 aut
717 915 832 942 Paulum
867 919 915 941 aut
941 915 1025 955 aliqu

237 959 374 994 quemvis,
389 960 450 987 duae
463 965 618 987 manentes.
639 960 698 987 Non
712 960 784 987 enim
797 960 887 987 anima
900 960 968 987 facta
986 965 1027 987 cst

241 1013 318 1037 caro,
341 1014 432 1040 neque
454 1013 518 1032 caro
534 1007 623 1033 anima
640 1006 709 1033 facta
723 1011 775 1033 est.
793 1006 880 1040 Hujus
894 1006 934 1032 rei
951 1007 1027 1033 testis

242 1055 285 1078 est
308 1051 409 1078 Paulus
431 1052 555 1079 veritatis
582 1059 680 1086 prreco,
702 1059 765 1079 cum
802 1052 886 1085 dicit;
917 1053 1028 1078 interior

240 1098 316 1124 homo
328 1101 352 1124 et
369 1098 542 1131 exterior-Lm
556 1098 740 1125 diﬂ‘erentiam
753 1098 887 1132 signiticet
900 1099 1028 1126 substan-

242 1144 353 1171 tiarum.
382 1144 502 1179 Vestigia
520 1146 580 1180 ejus
598 1151 710 1172 secutus
730 1145 849 1172 Joannes
867 1144 1027 1172 Constanti-

242 1190 349 1224 nopolis
361 1190 507 1224 episcopus
519 1195 546 1217 et.
557 1190 693 1218 universa:
706 1190 835 1218 Ecclesia:
847 1190 954 1222 doctor,
963 1190 1028 1217 talia

242 1235 340 1262 scribit
354 1235 380 1263 in
394 1244 444 1263 suo
458 1236 561 1271 scripto
576 1244 704 1264 sermone
722 1236 750 1263 ln
763 1236 961 1264 obscuritatem
976 1236 1029 1263 Ve—

244 1282 311 1309 teris
337 1282 517 1310 Testamenti.
539 1282 643 1318 Duplex
653 1283 723 1310 enim
745 1282 814 1309 illud
835 1281 938 1309 animo!
952 1283 1028 1309 homo

243 1327 344 1355 duabus
366 1333 490 1355 constans
516 1328 680 1361 substantiis.
706 1329 833 1356 sentiente
858 1338 923 1361 una,
942 1329 1028 1356 altera

243 1378 332 1401 autem
349 1375 490 1410 cogitante,
506 1376 624 1403 animum
650 1375 707 1402 dico
722 1380 747 1402 et
760 1383 867 1411 corpus,
882 1377 950 1402 ενι-επ
966 1375 1029 1403 caelo

243 1421 305 1447 etin
321 1423 393 1447 terra
409 1421 590 1455 cognationem
602 1421 709 1448 habens.
730 1421 799 1448 Nam
811 1430 857 1456 per
871 1422 1029 1456 cogitantem

243 1466 420 1493 substantiam
430 1467 605 1493 communicat
618 1467 739 1502 supernis
750 1467 898 1499 virtutibus,
913 1475 959 1501 per
968 1475 1030 1493 senm

1076 238 1117 255 σει
1131 231 1178 256 καὶ
1192 231 1382 263 ἐνυποστάτως
1393 231 1554 266 ἠνωμιὲνων,
1566 231 1660 266 πόρρω
1672 230 1721 264 τῆς
1734 229 1862 263 ἀληθείας

1074 276 1254 312 καθέστηκεν.
1270 278 1347 304 Ἔστι
1362 277 1415 312 γὰρ
1431 278 1475 303 ὅτε
1489 277 1611 311 διάφοροι
1625 276 1721 310 φύσεις
1734 275 1863 310 συνερχό-

1076 331 1156 356 μεναι
1172 323 1243 349 κατὰ
1257 322 1306 358 τὴν
1319 323 1470 357 ἀδιαίρετον
1482 323 1590 354 ¹ένωσιν,
1610 321 1638 347 ἓν
1652 322 1805 356 πρόσωπονο
1815 321 1863 347 καὶ

1077 368 1141 402 μίαν
1154 368 1332 394 ἀποτελοῦσιν
1346 369 1504 400 ὑπόστασιν,
1518 368 1541 393 εἰ
1553 368 1586 393 τὰ
1597 368 1720 401 τέσσαρα
1732 368 1862 401 στοιχεῖα,

1074 414 1198 449 διάφοροι
1214 415 1384 450 ὑπάρχουσιν
1399 413 1499 444 οὐσίαι,
1516 413 1574 439 ἀλλ’
1588 413 1661 447 ὅμως
1675 412 1703 438 ἒν
1718 412 1863 439 ἁπτιτελοῦε

1076 469 1102 486 σι
1120 461 1198 494 σῶμα
1214 461 1290 487 τοίδε
1305 461 1386 496 τυχὸν
1400 461 1446 487 τοῦ
1459 460 1537 493 ξύλου
1560 460 1577 495 ἦ
1597 459 1671 485 λίθου
1686 458 1740 484 τῶν
1755 460 1784 485 ἐν
1799 458 1862 484 ἰδιόο

1075 516 1136 542 τητι
1150 508 1349 542 θεωρουμένου,
1368 508 1436 541 ὅπερ
1449 507 1523 533 ἐστὶν
1537 507 1694 537 ὑπόστασις.

1118 640 1195 666 Ἂλλ¹
1219 639 1335 675 ἐπεῖπερ
1350 640 1524 675 παράδειγμα
1540 641 1638 675 κρᾶσιν
1652 641 1726 667 δοκεῖ
1741 650 1798 668 mo:
1813 643 1863 676 ὲμο

1077 686 1183 719 φαίνειν
1199 686 1247 712 καὶ
1261 687 1404 721 σύγχυσιν,
1422 686 1540 721 ληπτέον
1553 687 1619 721 ἡμῖν
1632 686 1662 713 τὸ
1676 687 1746 713 κατὰ
1759 687 1805 713 τὸν
1818 687 1865 714 ἇν-

1077 731 1184 767 θρωπον
1198 732 1375 767 παράδειγμα
1385 733 1430 758 τὸν
1441 733 1470 758 ὲν
1483 733 1531 767 μιᾷ
1541 733 1702 759 ὑποστάσει·
1716 734 1744 759 ὲν
1756 734 1865 767 ἑκάστῳ

1077 778 1132 814 γὰρ
1146 778 1225 812 ἡμῶν
1247 779 1264 812 ἡ
1281 778 1359 805 οὐσία
1375 779 1425 812 τῆς
1438 778 1526 813 ψυχῆς
1542 779 1622 813 ἑτέρα
1636 779 1721 811 ἐστὶν,
1743 779 1781 810 ὡς
1796 781 1866 814 πρὸς

1077 823 1126 858 ’τὴν
1149 824 1243 850 οὐσίαν
1266 824 1313 850 τοῦ
1339 823 1474 858 σώματος.
1495 824 1566 850 Ἀλλ’
1585 825 1660 859 ὅμως
1674 826 1700 851 αἱ
1714 825 1760 851 δύο
1775 826 1866 852 οὐσίαι

1079 868 1255 895 συνελθοῦσαι
1272 870 1300 895 ὲν
1313 870 1369 901 τοῖς
1383 870 1443 895 καθ’
1455 870 1582 902 ἕκαστον,
1598 870 1627 897 ἓν
1642 871 1786 906 πρόσωπον
1799 873 1867 897 ἀπο-

1077 914 1217 946 τελοῦσιν,
1247 915 1313 950 φέρε
1337 917 1423 942 εἰπεῖν
1443 916 1565 943 Ἰωάννου
1589 917 1606 952 ἢ
1629 918 1734 944 Παύλου
1750 918 1766 953 ἢ
1784 918 1866 944 ἄλλου

1077 961 1161 991 τινος,
1178 961 1304 995 μείνασαι
1318 961 1374 988 δύο.
1393 961 1461 988 Οὔτε
1476 962 1531 998 γὰρ
1546 963 1562 997 ἡ
1576 962 1648 998 ψυχὴ
1666 963 1734 1000 σὰρξ
1746 964 1866 998 ἐγένετο,

1077 1004 1139 1031 οὔτε
1165 1005 1217 1040 μὴν
1243 1007 1258 1040 ἡ
1281 1006 1350 1041 σὰρξ
1367 1007 1440 1042 ψυχὴ
1456 1008 1584 1042 γέγονεν·
1605 1010 1710 1045 μάρτυς
1725 1010 1753 1036 δὲ
1769 1011 1866 1037 τούτου

1078 1050 1185 1082 Παῦλος
1207 1052 1222 1077 ὁ
1242 1053 1329 1087 κήρυξ
1344 1055 1392 1088 τῆς
1406 1054 1533 1088 ἀληθείας
1549 1055 1672 1089 φάσκων,
1694 1057 1722 1082 ’0
1737 1056 1798 1083 ἔσω
1812 1057 1865 1082 ἇν-

1079 1098 1194 1130 θριυπος
1218 1098 1268 1124 καὶ
1290 1100 1307 1125 ὀ
1326 1099 1401 1132 ἔξω,
1427 1099 1469 1126 ἴνα
1485 1101 1514 1127 τὺ
1531 1101 1657 1136 διάφορον
1675 1102 1795 1139 σημαίνῃ
1813 1104 1868 1129 τῶν

1078 1142 1193 1168 οὐσιῶν
1211 1143 1298 1178 τούτῳ
1320 1145 1381 1170 κατ’
1399 1145 1471 1179 ἴχνος
1488 1146 1619 1180 ἑπόμενος
1635 1147 1771 1181 Ἰωάννης,
1787 1147 1802 1173 ό
1818 1149 1867 1182 τῆς

1080 1188 1390 1222 Κωνσταντινουπόλεως
1423 1191 1573 1222 ἐπίσκοπος
1608 1192 1655 1218 καὶ
1684 1192 1774 1228 πάσης
1805 1193 1868 1219 Ἐκ-

1080 1231 1194 1266 κλησίας
1213 1233 1391 1267 διδάσκαλος,
1410 1236 1523 1262 τοιαῦτα
1540 1236 1640 1271 γράφει
1667 1237 1696 1263 ὲν
1716 1237 1754 1271 τῷ
1770 1238 1866 1271 ἐπιγε-

1079 1278 1231 1314 γραμμένῳ
1241 1279 1312 1314 λόγῳ
1325 1280 1364 1311 εἰς
1375 1281 1423 1315 τὴν
1437 1281 1567 1315 ἀσάφειαν
1579 1281 1629 1316 τῆς
1641 1282 1761 1313 Παλαιᾶς
1770 1282 1868 1317 Διαθή-

1080 1332 1131 1359 κης
1142 1332 1149 1339 ·
1170 1326 1301 1353 Διπλοῦν
1315 1327 1370 1360 γὰρ
1384 1327 1472 1354 τοῦτο
1494 1327 1527 1353 τὸ
1543 1327 1615 1358 ζῶον
1631 1329 1647 1354 d
1659 1327 1814 1362 ἄνθρωπος
1834 1329 1868 1355 ὲκ

1079 1369 1134 1396 δύο
1147 1372 1347 1406 συγκείμενον
1361 1372 1484 1405 οὐσιῶν,
1502 1372 1558 1406 τῆς
1568 1373 1625 1407 μὲν
1637 1374 1869 1407 αἱσθητῆς,·τῆς

1080 1414 1113 1441 δὲ
1124 1415 1245 1450 νοητῆς,
1260 1416 1374 1450 ψυχῆς,
1388 1417 1475 1451 λέγω,
1492 1417 1540 1444 καὶ
1552 1417 1697 1452 σώματος,
1708 1418 1756 1444 καὶ
1769 1419 1804 1445 ἑν·
1817 1419 1869 1446 οὐ·

1076 1461 1161 1494 ραν-ᾦ
1184 1461 1233 1488 καὶ
1257 1461 1291 1487 ἐν
1313 1460 1352 1496 τῇ
1375 1462 1554 1497 συγγένειαν
1570 1463 1654 1498 ἕχον.
1679 1464 1730 1491 Διὰ
1742 1465 1798 1499 γὰρ
1814 1465 1869 1499 τῆς

244 1513 362 1543 (tentem,
381 1512 545 1538 terrestribus
555 1517 725 1540 conversatur
736 1513 820 1545 rebus,
835 1518 939 1540 arctum
947 1513 1027 1548 factus

1081 1507 1193 1541 νοητῆς
1207 1508 1315 1540 οὐσίας
1329 1509 1466 1536 κοινωνεῖ
1479 1509 1543 1542 ταῖς
1556 1510 1616 1537 ἅνω
1628 1511 1804 1544 δυνάμεσιν·
1821 1511 1869 1539 διὰ

244 1557 381 1591 utriusque
395 1557 536 1584 creationis
555 1557 699 1584 vinculum.
725 1558 763 1585 lta
784 1566 850 1594 ergo
875 1559 902 1586 in
919 1558 1030 1586 Christo

244 1603 360 1635 duarum
375 1603 591 1631 substantiarum
608 1604 678 1632 facta
690 1609 731 1632 est
745 1605 812 1632 unio
827 1605 855 1632 in
870 1613 951 1632 unam
963 1605 1030 1632 sub-

245 1649 400 1677 sistentiam
424 1654 452 1677 ct
473 1658 555 1677 unam
583 1659 745 1686 personam;
768 1652 820 1680 etsi
849 1652 966 1680 obscure
983 1660 1031 1688 per

244 1697 367 1730 exempla
385 1695 603 1724 demonstratum
615 1697 668 1730 sit”;
684 1706 794 1726 omnem
811 1699 885 1726 enim
896 1690 1030 1726 unionem

245 1739 338 1767 habita
363 1740 391 1766 in
415 1739 527 1768 Christo
542 1741 686 1776 dispositio
704 1750 768 1770 vero
785 1751 918 1778 superans
935 1743 1033 1771 huma-

245 1793 306 1812 nam
325 1785 393 1820 fugit
408 1786 593 1814 collationem.

281 1915 334 1944 Sed
352 1916 452 1944 iterum
471 1917 567 1945 iisdem
580 1918 741 1952 cpidemicis
761 1919 874 1951 morbis,
888 1923 915 1946 et
931 1926 1031 1946 secun-

245 1961 310 1989 dum
335 1963 472 1990 rationem
492 1963 550 1990 luto
576 1963 707 1995 immersi,
723 1964 781 1991 hsce
794 1964 901 1995 diverse
914 1968 1032 1998 praeten-

245 2008 324 2036 dunt.
349 2007 449 2036 Dicunt
472 2009 567 2035 enim:
590 2017 645 2036 non
675 2014 716 2036 cst
735 2009 887 2036 substantia
913 2009 1032 2037 insubsi-

244 2059 337 2086 stcns;
355 2054 493 2088 quomodo
509 2061 574 2090 ergo
588 2062 643 2081 non
659 2054 807 2081 dicendum
822 2059 864 2082 est
879 2055 907 2082 iu
922 2055 1031 2082 duabus

244 2100 440 2132 subsistentiis.
473 2101 496 2128 si
523 2101 591 2128 duas
613 2100 779 2128 substantias
800 2101 912 2128 dicitis?
932 2101 1030 2129 Videte

245 2147 397 2186 peritorum
413 2147 511 2173 horum
528 2147 728 2182 ignorantiam;
744 2147 815 2175 hanc
833 2148 907 2175 enim
932 2148 1029 2175 incon-

1082 1551 1116 1578 δὲ
1141 1551 1195 1586 τῆς
1219 1553 1366 1587 αἰσθητῆς
1378 1573 1386 1585 ,
1413 1554 1477 1587 τοῖς
1492 1555 1540 1581 ἐπὶ
1556 1554 1612 1589 γῆς
1627 1555 1780 1589 συνῆπται
1794 1556 1870 1590 πρά-

1081 1605 1202 1631 γμασιν,
1216 1598 1390 1633 σύνδεσμος
1402 1599 1444 1626 ὢν
1457 1600 1581 1635 ἀκριϐὴς
1591 1601 1733 1636 ἑκατέρας
1743 1601 1799 1636 τῆς
1811 1603 1871 1629 κτί-

1081 1650 1167 1676 σεως.
1198 1643 1292 1676 Οὕτως
1304 1642 1351 1671 οὖν
1367 1645 1394 1671 ὲν
1403 1645 1574 1680 Χριστῷτῶν
1586 1645 1632 1672 δύο
1645 1646 1742 1672 οὐσιῶν
1756 1647 1870 1681 γέγονεν

1081 1690 1177 1723 ἓνωσις
1194 1692 1234 1723 εἰς
1251 1692 1315 1725 μίαν
1329 1692 1478 1718 ὑπόστασιν
1494 1692 1540 1718 καὶ
1554 1692 1583 1718 ἒν
1596 1693 1741 1728 πρόσωπον
1754 1702 1762 1709 ο
1781 1695 1806 1720 εἰ
1822 1694 1870 1720 καὶ

1082 1737 1210 1772 ἀμυδρῶς
1225 1738 1269 1764 διὰ
1282 1737 1336 1765 τῶν
1349 1738 1579 1773 παραδειγμάτων
1594 1739 1782 1765 ἀποδέδεικται
1791 1747 1798 1754 ·
1818 1740 1870 1766 πᾶ-

1083 1791 1132 1808 σαν
1155 1782 1210 1818 γὰρ
1233 1783 1330 1810 ἕνωσιν
1349 1784 1364 1818 ἡ
1382 1784 1411 1810 ἐν
1426 1784 1537 1820 Χριστῷ
1551 1784 1691 1819 οἰκονομία
1709 1785 1747 1816 ὡς
1760 1785 1870 1820 ἀληθῶς

1082 1829 1269 1864 ὑπεραίρουσα
1300 1830 1349 1863 τὴν
1378 1829 1552 1865 ἀνθρωπίνην
1576 1830 1758 1865 διαδιδράσκει
1782 1831 1869 1857 κατά-

1080 1873 1171 1908 ληψιν.

1118 1920 1199 1946 Ἀλλὰ
1209 1920 1289 1947 πάλιν
1304 1921 1358 1952 τοῖς
1370 1921 1462 1953 αὐτοῖς
1476 1921 1693 1956 ὲμφιλοχωροῦσι
1705 1923 1867 1956 νοσήμασιν,

1081 1968 1129 1993 καὶ
1145 1966 1215 1993 κατὰ
1229 1967 1273 1993 τὸν
1285 1967 1364 2000 λόγον
1379 1967 1418 2002 τῷ
1434 1967 1556 2003 βορϐόρῳ
1570 1968 1767 2002 ἐγκυλιόμενοι·
1782 1968 1869 1994 ταῦτα

1081 2014 1135 2048 γὰρ
1151 2013 1231 2039 πάλιν
1247 2013 1383 2049 διαφόρως
1399 2014 1597 2047 προὸάλλονται
1609 2023 1615 2029 ·
1635 2014 1701 2048 φασὶ
1717 2014 1788 2049 γὰρ,
1812 2015 1868 2040 Οὐχ

1081 2060 1155 2087 ἔστιν
1165 2059 1241 2086 οὐσία
1253 2060 1447 2091 ἀνυπόστατος.
1462 2059 1580 2092 Πῶςοῦν
1592 2060 1642 2087 οὐκ
1655 2061 1683 2086 ἐν
1695 2060 1740 2086 δύο
1751 2060 1869 2086 ὑποστά-

1082 2112 1140 2129 σεσι
1157 2104 1269 2138 ῥητέον,
1286 2104 1364 2139 εἴπερ
1380 2105 1434 2139 ἄρα
1449 2104 1495 2130 δύο
1507 2103 1601 2136 οὐσίας
1617 2104 1700 2138 (pars;
1717 2104 1798 2138 ὁρᾶτε
1815 2105 1868 2130 τῶν

1081 2149 1195 2184 κομψῶν
1211 2149 1313 2176 τούτων
1326 2150 1375 2185 τὴν
1389 2150 1499 2183 ἄγνοιαν
1512 2156 1520 2164 ⁸
1546 2151 1596 2184 τὴν
1617 2151 1672 2185 γὰρ
1693 2150 1779 2184 αὐτὴν
1802 2150 1869 2184 ἡμῖν

243 2184 507 2220 εἰᾱθηιιεοποτυηι
541 2193 766 2228 propositionem,
792 2194 901 2221 nomina
930 2195 1027 2221 iterum

1083 2195 1204 2229 ἀνοήτως
1229 2196 1375 2230 εἰσήγαγον
1400 2195 1550 2230 πρότασινς
1580 2195 1614 2221 τὰ
1643 2195 1762 2230 ὀνόματα
1788 2196 1870 2222 πάλιν

245 2238 432 2265 immolantes.
457 2237 523 2270 Quae
548 2242 589 2264 est
613 2238 687 2265 enim
707 2238 888 2266 substantiam
906 2240 978 2268 inter
1001 2245 1029 2268 et

244 2286 370 2309 naturam
396 2282 569 2309 differentia?
598 2283 672 2310 unde
712 2283 784 2311 idem
806 2284 886 2312 nobis
901 2286 983 2313 etiam
1000 2286 1027 2312 in

244 2336 273 2355 re
285 2329 410 2362 praesenti
425 2336 517 2356 sermo
526 2329 711 2364 suppleretur.
724 2330 847 2358 Dicerem
863 2331 935 2358 enim
950 2332 1025 2359 istis:

243 2373 300 2400 Etsi
324 2373 516 2401 consideretur
529 2375 557 2401 in
569 2376 785 2409 proprietatibus
800 2376 1027 2405 characteristicis

244 2418 326 2445 homo
339 2426 372 2445 ex
389 2419 480 2446 anima
501 2423 529 2446 et
545 2427 660 2455 corpore
676 2422 950 2456 constans,plurimas
966 2423 1031 2450 sub-

243 2465 383 2491 sistentias
398 2469 425 2491 et
439 2465 574 2499 plurimos
595 2466 721 2494 homines
740 2468 817 2496 illum
829 2467 936 2496 ellicere
951 2473 1031 2504 puta-

246 2513 296 2539 tis?
319 2508 378 2538 Non
393 2512 465 2539 enim
482 2512 515 2539 ad
536 2512 563 2539 id
584 2513 708 2541 stultitia:
720 2513 844 2546 venistis,
860 2519 890 2541 ut
902 2515 1032 2542 nesciatis

245 2557 327 2584 aliam
342 2564 402 2584 esse
415 2557 533 2584 animam
549 2558 576 2584 in
596 2558 747 2585 substantia
760 2566 792 2586 ac
807 2567 916 2594 corpus,
933 2560 1030 2587 aliam-

244 2610 296 2637 que
310 2610 409 2637 corpus
431 2603 502 2630 circa
519 2603 699 2630 substantiam
715 2604 848 2632 rationem
867 2613 986 2632 servare.
1000 2605 1028 2632 Si

244 2654 334 2676 autem
346 2657 460 2684 qumque
481 2649 635 2677 substantia
651 2650 802 2679 secundum
817 2658 866 2677 vos
882 2651 1030 2685 particula-

245 2703 302 2721 rcm
321 2694 528 2723 subsistentiam
556 2695 807 2723 characteristicam
835 2696 943 2731 recipit,
972 2697 1029 2731 jam

245 2739 311 2766 mihi
327 2739 427 2766 unione
438 2743 523 2771 caret.
539 2743 568 2766 et
580 2747 651 2766 unus
667 2738 697 2766 tit
710 2739 774 2771 duo,
789 2743 818 2766 ut
833 2740 910 2766 vobis
924 2744 952 2766 et
967 2739 1029 2766 ina-

244 2786 325 2811 nibus
341 2784 541 2812 subtilitatibus
554 2786 644 2812 visum
673 2785 718 2812 sit.
742 2785 789 2812 Sin
818 2790 907 2813 autem
931 2793 982 2821 ego
995 2793 1027 2813 ex

286 2838 293 2851 '
313 2837 335 2864 ll
347 2840 410 2867 Cor.
426 2846 461 2872 tv,
477 2837 523 2866 16.

1082 2239 1294 2273 ὑπαλλάξοιντες.
1313 2240 1362 2271 Τίς
1377 2240 1430 2275 γὰρ
1446 2240 1561 2275 διαφορὰ
1573 2240 1665 2271 οὐσίας
1680 2240 1726 2266 καὶ
1741 2239 1868 2273 φύσεωςς

1079 2287 1121 2318 τις
1134 2286 1162 2312 δὲ
1179 2285 1324 2320 προσώπου
1340 2285 1475 2320 προέστην
1491 2285 1519 2310 ὲν
1533 2285 1687 2320 χαρακτῆρι
1703 2284 1868 2315 ὑπόστασιν;

1080 2331 1163 2358 Ὅθεν
1181 2332 1194 2357 ὁ
1209 2331 1290 2362 αὐτὸς
1305 2331 1370 2365 ἡμῖν
1394 2330 1441 2356 καὶ
1462 2331 1509 2356 ἐπὶ
1530 2330 1576 2356 τοῦ
1601 2329 1731 2365 παρόντος
1753 2329 1869 2363 ἀρκέσει

1078 2378 1155 2412 λόγος
1169 2385 1175 2393 ·
1194 2377 1298 2412 εἴποιμι
1314 2376 1367 2411 γὰρ
1384 2377 1416 2404 ἂν
1431 2376 1498 2412 πρὸς
1513 2376 1612 2404 αὐτούς
1623 2384 1631 2391 ·
1650 2375 1703 2402 Καὶ
1717 2376 1741 2401 ει
1757 2375 1808 2410 μὲν
1823 2375 1870 2401 τὸν

1081 2423 1113 2448 ὲκ
1139 2422 1227 2457 ψυχῆς
1254 2423 1300 2448 καὶ
1325 2420 1451 2456 σώματος
1475 2422 1504 2447 ὲν
1530 2420 1671 2455 ἰδιώμασιν
1695 2416 1871 2455 χαρακτηρι-

1081 2469 1182 2499 mmet;
1196 2467 1382 2503 θεωρούμενον
1397 2467 1557 2502 ἄνθρωπον,
1586 2467 1686 2498 πολλὰς
1702 2466 1871 2497 ὑποστάσεις

1078 2515 1126 2541 καὶ
1150 2514 1265 2545 πολλοὺς
1290 2513 1448 2549 ἀνθρώπους
1468 2514 1573 2540 δοκεῖτε
1590 2515 1697 2545 ποιεῖν;
1717 2513 1747 2538 οὐ
1764 2512 1819 2548 γὰρ
1836 2513 1870 2547 δὴ

1079 2559 1204 2586 τοσοῦτον
1219 2559 1316 2594 ἠλίθιοι
1333 2559 1483 2593 πεφύκατε,
1502 2559 1571 2586 ὥστε
1587 2559 1692 2592 ἀγνοεῖν
1707 2558 1805 2592 ἑτέραν
1820 2558 1871 2594 μὲν

1083 2603 1152 2632 εἶναι
1167 2605 1227 2631 κατ’
1239 2605 1333 2631 οὐσίαν
1348 2606 1397 2640 τὴν
1410 2605 1498 2641 ψυχὴν
1514 2605 1580 2639 πρὸς
1593 2604 1621 2630 τὸ
1635 2604 1724 2638 σῶμα,
1734 2604 1829 2637 ἕτερον
1841 2603 1870 2629 δὲ

1082 2651 1112 2678 τὺ
1135 2650 1214 2685 σῶμα
1240 2651 1286 2677 τὸν
1309 2650 1375 2686 περὶ
1389 2651 1440 2685 τῆς
1451 2650 1545 2681 οὐσίας
1560 2650 1639 2683 λόγον
1652 2649 1761 2683 ἐπέχειν
1773 2657 1781 2664 ·
1802 2650 1828 2675 εί
1841 2648 1869 2674 δὲ

1083 2697 1184 2732 ἑκάστη
1197 2696 1275 2723 οὐσία
1288 2697 1349 2723 καθ’
1360 2697 1433 2730 ὑμᾶς
1446 2696 1532 2732 εδικὴν
1543 2697 1691 2723 ὑπόστασιν
1702 2703 1872 2731 χαρακτηρι-

1084 2742 1180 2778 στικὴν
1205 2742 1382 2777 ἀναδέχεται,
1411 2741 1477 2768 κενά
1500 2751 1544 2776 μοι
1562 2742 1594 2768 τὰ
1606 2743 1654 2777 τῆς
1665 2741 1803 2772 ιὲνώσεως.
1824 2741 1871 2766 aut

1082 2789 1096 2814 ὁ
1120 2786 1159 2819 εἷς
1183 2788 1280 2822 γέγονε
1302 2788 1360 2821 δύο,
1386 2789 1430 2815 ἴνα
1447 2788 1512 2823 ὑμῖν
1528 2788 1590 2823 δόξῃ
1608 2789 1653 2814 καὶ
1671 2789 1728 2818 τοῖς
1743 2786 1870 2822 puniet;
