1966 3068
115 63 186 96 2953

700 58 931 89 FRAGMENTA
951 56 1179 88 DOGMATICA.

1674 50 1746 86 2954

117 120 297 157 σκινδαλμοις.
329 121 360 147 Εἰ
386 120 413 147 δὲ
440 119 495 154 ἐγὼ
522 120 554 146 ὲκ
574 119 708 154 διαφόρων
733 118 834 145 οὐσιῶν
862 117 908 144 δύο

973 117 1152 146 iiil’erentibus
1167 117 1328 145 substantiis
1340 116 1447 145 duabus
1458 121 1596 148 constans.
1616 125 1670 144 non
1686 122 1747 144 sum

118 168 306 202 συγκείμενος,
319 166 369 193 οὐκ
380 165 438 202 είμὶ
456 166 502 193 δύο
512 165 559 193 ἄνθ
564 172 659 201 ρωποι,
672 164 741 192 ἀλλὰ
750 165 797 192 καὶ
804 165 852 197 τὰς
858 164 906 190 δύο

118 214 171 249 ἔχω
184 213 279 244 οὑσίιις
294 213 344 247 τῆς
355 211 446 248 ψυχῆς
461 212 508 239 καὶ
522 211 569 238 τοῦ
586 212 721 247 σώματος,
738 211 786 238 καὶ
801 212 829 237 ἐν
840 211 907 237 ὑπο-

120 259 213 286 στάσει
230 259 278 294 μιᾷ
295 258 451 293 θεωροῦμαι
463 278 470 290 ,
487 257 528 290 τίς
543 257 650 292 ἀνάγκη
665 257 713 284 καὶ
729 257 775 283 ἐπὶ
789 256 906 290 Χριστοῦ

119 306 168 338 τὰς
190 303 236 331 δύο
258 305 352 336 οὐσίας
371 304 571 340 ὁμολογοῦντα,
597 303 643 331 δύο
659 303 742 339 φάναι
757 303 805 330 καὶ
821 303 908 335 tam;

120 352 169 383 τὰς
185 350 367 383 ὕποστάσεις;
394 350 482 377 Αὑτοῦ
501 350 550 385 μὲν
565 350 620 385 γὰρ
634 351 668 385 τῇ
683 349 764 384 φύσει
786 349 820 376 τὰ
837 349 907 382 θεῖα,

122 396 204 423 αὑτοῦ
221 397 249 423 δὲ
263 396 308 423 διὰ
318 396 368 431 τὴν
383 396 566 423 ὲνυπόστατον
579 395 678 422 ἕνωσιν
691 395 725 422 τὰ
738 394 907 429 ἀνθρώπινα·

121 443 152 469 οὐ
169 442 223 477 γὰρ
247 442 276 468 ὲν
291 441 379 477 ἑτέρῳ
390 461 398 474 ,
426 441 484 468 ἀλλ’
501 442 530 468 ὲν
546 440 621 476 αὐτῷ
637 441 654 476 ἡ
673 440 745 476 ἰδικὴ
760 439 842 467 αὑτοῦ
859 439 910 466 ὑπ-

122 488 188 523 έστη
215 487 301 522 σὰρξ,
329 487 367 518 ὡς
390 486 572 522 προείρηται·
594 485 625 512 τδ
640 485 729 512 κοινὸν
744 485 798 520 γὰρ
811 485 911 520 ἔχουσα

121 533 173 569 τῆς
197 532 372 568 ἀνθρωπίνης
394 532 489 563 οὐσίας
507 531 606 563 τοῦτο,
631 532 662 558 τὸ
677 529 746 558 εἶναι
763 530 831 567 σὰρξ
843 531 910 565 ἐψυ-

123 579 233 616 χωμένη
250 578 324 614 ψυχῇ
337 579 452 613 λογικῇ,
472 579 501 604 ὲν
519 578 591 613 μόνῳ
608 577 647 613 τῷ
663 577 723 612 Θεῷ
738 577 817 612 Λόγῳ
833 576 912 611 ἔσχεν

123 626 157 653 τὰ
185 625 257 653 ῐδικὰ
270 644 278 657 ,
303 625 383 652 τοῦτό
408 626 467 652 ἐστι
483 624 513 651 τὸ
528 618 599 651 εῖναι
613 623 660 650 τοῦ
676 624 743 650 Θεοῦ
759 623 845 658 Λόγου
863 622 914 650 καὶ

123 673 172 707 οὺχ
187 671 282 707 ἑτέρου
298 670 376 707 σάρξ.
394 671 458 703 Πῶς
472 668 519 698 οὖν
534 670 617 706 ἑτέρα
643 669 803 703 ὑπόστασις,
817 670 834 705 ή
847 669 914 705 μηδ-

123 719 192 750 όλως
202 718 262 745 καθ’
274 717 372 754 ἑαυτὴν
387 717 543 750 bitas-rica;

161 764 265 796 ’Ἄλλως
277 771 307 790 τε
323 763 390 799 μηδὲ
402 763 481 790 τοῦτο
491 763 687 797 ἀγνοείτωσανί
697 763 739 790 ὅτι
751 761 810 788 ἀντὶ
821 761 915 793 οὐσίας

961 165 1017 193 duo
1033 165 1170 197 homines,
1185 163 1232 191 sed
1257 164 1326 191 duas
1349 164 1437 191 habeo
1454 163 1633 195 substantias,
1649 163 1748 190 animae

961 216 989 240 et
1002 211 1138 246 corporis,
1160 215 1188 238 et
1201 211 1228 237 in
1241 218 1295 237 una
1307 210 1484 237 subsistentia
1498 209 1671 242 consideror,
1689 216 1750 244 quas

961 258 1112 285 necessitas
1138 262 1180 284 est
1199 257 1268 284 duas
1289 257 1316 284 in
1338 256 1449 284 Christo
1470 257 1640 284 substantias
1668 255 1751 291 proﬁ-

963 306 1080 335 tentem,
1094 302 1163 329 duas
1173 310 1283 337 quoque
1296 302 1390 330 dicere
1412 307 1439 330 et
1457 303 1637 337 particulares
1664 303 1752 331 subsi-

963 349 1100 377 stentias?
1110 349 1145 376 ad
1163 349 1240 376 illum
1254 350 1327 376 cnim
1337 349 1478 383 pertinent
1491 353 1589 376 natura
1603 349 1707 381 divina,
1724 352 1753 375 et

964 395 998 423 ad
1012 395 1089 422 illum
1100 402 1149 430 per
1157 394 1392 421 subsistentiaiem
1405 395 1535 421 unionem
1544 394 1664 421 humana
1678 401 1753 425 :non

965 440 992 467 in
1004 440 1180 474 alio-nempe,
1196 439 1279 466 sedin
1294 440 1339 466 ilio
1355 439 1465 475 propria
1480 441 1540 475 ejus
1555 440 1663 468 exsistit
1677 447 1752 471 caro,

965 492 995 514 ut
1011 494 1094 522 supra
1116 485 1238 519 dicitur;
1261 493 1436 512 communem
1460 493 1524 513 caro
1558 485 1630 512 hanc
1648 485 1754 512 habens

965 534 1093 561 humana),
1110 532 1272 560 substantia:
1292 532 1500 567 proprietatem,
1519 531 1635 558 animari
1649 531 1756 559 scilicet

966 580 1000 608 ab
1016 581 1108 607 animo
1121 579 1259 611 rationali,
1281 579 1309 606 in
1330 578 1389 605 solo
1404 578 1460 605 Deo
1472 577 1563 606 Verbo
1579 578 1677 605 habuit
1693 585 1756 612 par~

968 627 1122 659 ticularem,
1144 634 1206 654 esse.
1230 626 1336 653 scilicet
1352 624 1400 654 Dei
1414 624 1498 652 Verbi
1528 628 1555 651 et
1571 632 1626 651 non
1641 625 1756 652 alterius

967 682 1089 702 carnem.
1114 672 1258 707 Quomodo
1283 681 1348 710 ergo
1366 672 1418 699 alia
1439 670 1628 704 subsistentia,
1643 670 1756 703 minimc

966 721 994 756 ju
1000 724 1042 747 xta
1054 720 1172 754 seipsam
1187 718 1359 746 subsistens?

1003 766 1091 794 Aliter
1104 774 1138 793 ne
1149 766 1208 792 hzec
1221 765 1359 800 ignorent,
1371 772 1421 799 pro
1430 763 1584 791 substantia
1604 762 1758 790 subsistcn‘

126 812 142 846 ἡ
153 811 301 842 ὑπόστασις
311 812 366 842 τοῖς
382 810 469 844 ἁγίοις
482 810 606 844 Πατρόισι
624 809 753 841 πολλάκις
768 807 916 844 ὲνῘνεν]όη-

973 811 1032 839 tiam
1047 819 1062 838 a
1077 811 1179 838 sanctis
1195 809 1323 837 Patribus
1340 809 1439 844 smpius
1455 808 1589 843 reputari,
1605 812 1635 835 ut
1646 812 1758 835 sanctus

124 865 180 891 ται,
189 857 226 889 ὡς
235 857 280 883 καὶ
290 855 415 891 Κυρίλ).ῳ
423 856 508 882 δοκεῖ·
521 857 549 882 ἐν
559 855 614 891 γὰρ
621 855 659 890 τῷ
670 855 693 890 γ’
701 854 915 890 ἀναθεματισμῷ

126 911 212 938 φησιν
226 909 232 915 ·
262 902 299 930 Et
322 910 367 934 τις
388 901 438 928 ἐπὶ
453 901 506 928 τοῦ
520 901 590 934 ἐνὸς
603 901 730 935 Χριστοῦ
745 900 852 935 διαιρεῖ
863 900 916 933 τὰς

125 947 313 979 ὑποστάσεις
327 947 401 982 μετὰ
416 946 473 980 τὴν
485 946 605 974 ἕνωσιν.
628 947 662 974 Τὸ
677 946 732 980 γὰρ
747 946 916 981 ὑφεστηκὸς

125 995 255 1022 ἐνταῦθα
270 994 361 1028 δηλοῖ
373 994 392 1028 ἡ
406 994 589 1026 ὑπόστασις·
607 995 643 1020 οὺ
659 993 713 1028 γὰρ
728 993 766 1020 ἂν
781 994 797 1020 ὁ
809 993 915 1027 θεοφό-

123 1050 180 1076 ρος
204 1040 253 1067 ἐπὶ
274 1041 327 1067 τοῦ
342 1040 411 1072 ἑνὸς
425 1039 554 1074 Χριστοῦ
568 1039 753 1071 ὑποστάσεις
767 1038 917 1073 ὠνόμαζεν

128 1089 145 1115 ό
160 1088 225 1120 ταῖς
240 1086 404 1122 Νεστορίου
415 1086 626 1120 ,βλασφημίαις
642 1086 688 1113 ἀεὶ
705 1085 862 1119 πολεμῶν,
890 1087 918 1112 εὶ

125 1132 169 1167 μὴ
184 1132 251 1160 ἀντὶ
264 1131 377 1159 οὐσιῶν
390 1132 484 1164 αὐτὰς
498 1131 629 1166 ἐδέχετο.
638 1130 754 1166 Ὁμοίως
766 1130 832 1157 καὶὸ
841 1130 918 1164 ἅγιος

130 1177 288 1209 ’Λθανάσιος
303 1178 331 1204 ἐν
345 1178 376 1212 τῇ
393 1177 461 1211 πρὸς
469 1178 590 1213 Ἀφρους
602 1176 731 1212 ἐπιστολῇ
743 1184 835 1211 φησιν·
844 1176 875 1203 Ἠ
884 1175 918 1202 δὲ

128 1223 300 1255 ὑπόστασις
317 1223 408 1249 οὐσία
419 1222 486 1248 ἐστὶ
496 1242 502 1252 .
512 1221 566 1249 Kai
581 1221 671 1248 οὐδὲν
682 1221 759 1248 ἄλλο
772 1221 918 1255 σημαινό-

127 1276 222 1303 μεγον
232 1267 306 1302 ἔχει,
321 1267 340 1300 ἢ
353 1268 426 1294 αὐτὸ
440 1267 473 1294 τὸ
486 1267 531 1294 όντ
547 1267 614 1302 ὅπερ
628 1267 642 1292 ό
658 1265 919 1302 Ἰερεμίας.ΰπαρξιν

130 1313 258 1349 ὀνομάζει
279 1313 383 1347 λέγων·
401 1312 456 1340 Καὶ
476 1313 531 1339 οὐκ
550 1311 688 1347 ἤκουσαν
706 1311 813 1346 φωνὴν
829 1311 921 1346 ὑπάρ-

130 1359 205 1392 ξεως
216 1367 223 1374 ·
246 1359 263 1394 ἡ
279 1359 333 1393 γὰρ
347 1358 495 1390 ὑπόστασις
509 1358 556 1384 καὶ
569 1359 586 1393 ἡ
599 1357 678 1385 οὐσία
699 1357 819 1393 ὕπαρξίς
834 1358 918 1384 ἐστιν·

130 1404 189 1431 ἐστι
216 1404 268 1440 γὰρ
302 1404 349 1430 καὶ
376 1403 503 1439 ὑπάρχει.
533 1404 564 1430 El
585 1401 631 1430 οὖν
655 1411 696 1435 τις
724 1403 922 1435 ἐνυποστάτους

131 1449 203 1477 κατὰ
218 1450 312 1477 τοῦτον
325 1449 371 1476 τὸν
385 1449 463 1482 λόγον
479 1449 552 1476 εἴποι
567 1449 617 1481 τὰς
629 1449 732 1482 οὐσίας,
752 1450 766 1475 ὃ
781 1449 856 1476 ἐστιν
868 1449 921 1476 ὑπ-

131 1495 280 1531 αρχούσας,
294 1495 355 1521 οὐδὲ
367 1477 449 1530 ἡμείς
461 1477 646 1530 ἀρνηθείημεν
655 1503 661 1509 ·
678 1496 695 1529 ἠ
773 1495 921 1526 ὑπόστασις
933 1477 956 1508 C

132 1540 201 1578 πρὸς
216 1542 264 1577 τὴν
280 1541 374 1568 οὐσίαν
392 1541 430 1577 τῷ
444 1539 513 1568 εἶναι
530 1541 579 1577 μέν
592 1550 620 1568 τι
637 1542 667 1567 οὺ
682 1541 806 1576 διαφέρει
819 1560 827 1573 ,
854 1541 922 1568 ἀλλὰ

131 1589 172 1624 τῷ
188 1589 238 1622 τὴν
255 1588 303 1623 μὲν
321 1587 417 1620 κοινῶς
433 1586 502 1614 εἶναι
512 1607 520 1620 ,
540 1587 612 1623 φημὶ
626 1587 654 1614 δὲ
668 1587 718 1622 τὴν
733 1587 827 1613 οὐσίαν
839 1595 845 1601 ·
872 1587 922 1622 τὴν

132 1636 161 1667 δ’
179 1635 328 1665 ὑπόστασιν
356 1634 459 1666 ῑδικῶς,
476 1634 540 1660 ὅταν
565 1634 634 1670 μετὰ
657 1633 711 1659 τῶν
733 1633 849 1659 καθόλου
877 1633 923 1659 καὶ

135 1682 219 1710 ιδικόν
237 1690 262 1707 τι
275 1680 342 1715 ἔχοι.
359 1679 395 1706 Οὺ
411 1679 482 1706 κατὰ
493 1682 571 1705 τοῦτο
583 1676 629 1705 οὖν
642 1686 734 1715 φαμεν
761 1678 810 1713 τὴν
827 1678 923 1713 ἡμετέ-

135 1736 187 1765 ραν
203 1728 231 1753 ὲν
245 1726 355 1762 Χριστῷ
370 1724 466 1752 οὐσίαν
482 1724 662 1751 ὲνυπόστατον
675 1720 744 1750 εἶναι
756 1743 763 1756 ,
782 1721 837 1749 οἷον
855 1723 922 1749 ὑπό-

135 1780 231 1800 στασιν
253 1771 314 1799 καθ’
332 1771 433 1806 ἑαυτὴν
448 1769 701 1806 χαρακτηριστικὴν
716 1770 763 1795 καὶ
777 1769 923 1804 πρόσωπον

134 1817 220 1846 οὖσαν
231 1832 244 1850 ,-
266 1818 334 1844 ἀλλά
360 1817 421 1844 καθ’
434 1817 448 1844 ὃ
465 1816 618 1851 ὑφέστηκέν
631 1824 660 1842 τε
676 1816 723 1842 καὶ
736 1815 793 1842 ἔστι
803 1823 811 1832 ·
838 1816 924 1842 ἐνίοτε

136 1865 191 1901 γὰρ
200 1865 229 1892 τὸ
243 1863 426 1899 ὑφεστηκέναι
438 1863 536 1898 δηλοῖὴ
551 1862 711 1895 ὑπόστασις,
723 1863 736 1889 ὃ
748 1863 823 1889 ἐστιν
836 1862 926 1894 οὐσία,

135 1912 174 1943 ὡς
194 1911 397 1942 ἀποδέδεικται,
423 1910 486 1936 ὅταν
506 1909 561 1936 τῶν
580 1909 838 1944 χαρακτηριστικῶν
857 1909 927 1936 ίδιω·

137 1957 232 1993 μάτων
249 1957 295 1983 καὶ
309 1956 373 1991 περὶ
386 1955 531 1990 πρόσωπον
547 1955 744 1991 θεωρουμένων
764 1955 924 1991 ἐστέρηται.

142 2015 194 2047 Ἐκ
210 2013 269 2044 τῶν
289 2012 437 2048 Εὑλογίου
465 2012 638 2047 Συνηγοριῶν
666 2013 732 2047 περὶ
755 2013 809 2040 τοῦ
832 2012 925 2040 αὑτοῦ

442 2049 570 2082 κεφαλαί
572 2057 607 2075 ου
612 2069 618 2076 .

967 857 1086 893 Cyrillus
1100 858 1195 890 docet;
1216 857 1244 883 in
1267 856 1320 883 isto
1334 856 1407 883 enim
1422 855 1651 882 anathematismo
1667 853 1751 881 dicit:

968 903 997 931 Si
1013 904 1070 938 quis
1093 903 1120 930 in
1145 910 1198 929 uno
1214 901 1317 929 Christo
1346 901 1482 936 distinguit
1504 900 1686 927 subsistentias
1700 901 1757 934 post

969 949 1103 975 unionem.
1122 947 1226 974 Etenim
1244 947 1424 973 ersistentiam
1442 947 1543 972 indicat
1562 946 1597 972 ibi
1617 945 1760 972 subsistet].

969 996 1024 1028 tia;
1041 1003 1092 1022 non
1115 995 1184 1022 enim
1199 995 1240 1022 hic
1253 995 1418 1030 Theophanis
1435 995 1463 1020 in
1484 1002 1536 1020 uno
1554 993 1656 1021 Christo
1673 993 1759 1019 subsie

969 1043 1080 1069 stentias
1090 1045 1206 1068 vocasset
1223 1041 1337 1068 Nestorii
1352 1040 1527 1075 btusp/icmias
1555 1048 1658 1075 semper
1672 1039 1760 1074 impu-

969 1097 1065 1124 gnans,
1077 1088 1127 1114 nisi
1141 1096 1188 1122 pro
1207 1087 1360 1114 substantiis
1376 1086 1438 1113 illas
1455 1086 1604 1121 accepisset.
1625 1085 1761 1112 Similiter

969 1138 1117 1161 etsanctus
1124 1133 1290 1160 Athanasius
1304 1133 1331 1159 in
1343 1140 1391 1159 sua
1405 1132 1438 1159 ad
1455 1132 1533 1159 Afros
1547 1131 1662 1166 cpistola
1671 1130 1759 1158 dicit:

971 1179 1146 1206 Subsistentia
1171 1178 1318 1205 substantia
1343 1182 1391 1210 est,
1417 1185 1498 1213 neque
1516 1177 1598 1204 aliam
1625 1175 1763 1216 signiﬁca-

971 1226 1068 1252 tionem
1090 1225 1176 1256 habet,
1204 1233 1235 1251 ac
1260 1225 1346 1259 ipsum
1372 1233 1432 1256 ens;
1448 1223 1522 1258 quod
1538 1222 1673 1250 Jeremias
1688 1222 1762 1250 exsi-

972 1272 1100 1300 stentiam
1109 1275 1187 1298 vocat
1196 1271 1291 1298 dicens
1300 1279 1306 1297 :
1316 1270 1373 1297 Non
1384 1270 1526 1297 audierunt
1535 1277 1621 1296 vocem
1637 1268 1763 1295 exsistan-

972 1319 1036 1346 tiw'
1058 1326 1145 1345 :nam
1170 1317 1349 1345 subsistentia
1372 1321 1399 1343 et
1423 1315 1575 1344 substantia
1601 1314 1763 1343 exsistentia

973 1368 1056 1397 sunt;
1072 1368 1137 1391 sunt
1152 1363 1255 1390 clcnim
1283 1367 1312 1390 ct
1326 1362 1473 1390 exsistunt.
1494 1361 1521 1389 Si
1537 1361 1599 1396 quis
1616 1368 1681 1396 ergo
1700 1361 1764 1387 sub-

973 1410 1102 1437 sistentes
1117 1409 1269 1436 secundum
1287 1409 1359 1436 hanc
1375 1408 1510 1436 rationem
1536 1412 1616 1435 vocat
1638 1407 1765 1435 substan-

975 1455 1036 1485 tias.
1058 1454 1085 1481 id
1101 1458 1143 1481 est
1155 1454 1331 1486 exsistentes,
1343 1461 1396 1480 nos
1408 1453 1519 1483 minime
1528 1453 1764 1480 contradicemus.

975 1499 1162 1527 Subsistentia
1173 1499 1247 1526 enim
1261 1498 1288 1525 in
1301 1499 1340 1532 τῷ
1354 1506 1407 1525 esse
1420 1498 1500 1530 nihil,
1515 1506 1530 1525 a
1545 1498 1698 1525 substantia
1712 1497 1766 1525 dif-

974 1545 1039 1579 fert,
1061 1545 1109 1572 sed
1125 1545 1151 1572 in
1167 1544 1206 1577 τῷ
1219 1552 1395 1574 communem
1418 1553 1482 1577 esse,
1499 1544 1532 1572 de
1547 1544 1702 1572 substantia
1724 1544 1767 1571 io-

975 1599 1061 1626 quor;
1080 1591 1259 1618 subsistentia
1287 1594 1378 1618 autem
1398 1591 1572 1625 particularis
1587 1594 1629 1617 cst
1647 1597 1708 1618 cum
1724 1597 1768 1625 ge-

975 1636 1107 1664 neraliter
1125 1640 1233 1670 sumpta
1257 1636 1424 1670 particularc
1448 1636 1551 1671 aliquid
1575 1636 1685 1663 habeat.
1707 1635 1767 1662 Non

976 1689 1041 1717 ergo
1060 1681 1122 1708 ideo
1139 1681 1257 1710 dicimus
1272 1686 1394 1709 nostram
1411 1682 1438 1708 in
1451 1682 1562 1709 Christo
1581 1681 1767 1710 substantiam

976 1727 1172 1757 subsistentem
1188 1735 1259 1761 esse,
1288 1733 1319 1755 ut
1343 1728 1553 1756 subsistentiam
1581 1736 1643 1763 qua:
1664 1737 1714 1763 per
1737 1737 1768 1759 se

979 1773 1203 1801 characteristica
1217 1779 1243 1801 et
1268 1774 1422 1808 personalis
1447 1775 1492 1806 sit,
1514 1775 1562 1802 sed
1588 1775 1614 1802 in
1634 1778 1769 1810 quantum
1783 1794 1789 1800 ι

978 1820 1085 1848 exsistit
1101 1824 1129 1847 et
1148 1824 1200 1847 est.
1230 1820 1384 1855 Aliquoties
1406 1820 1480 1847 enim
1507 1820 1640 1852 exsistere
1664 1820 1769 1847 indicat

978 1865 1168 1898 subsistentia,
1194 1865 1221 1892 id
1236 1869 1279 1893 est
1302 1866 1468 1898 Substantia,
1495 1870 1523 1893 ut
1547 1866 1768 1897 demonstratum

978 1916 1030 1944 est,
1040 1912 1150 1947 quando
1161 1912 1393 1940 characteristicis
1403 1912 1619 1948 proprietatibus
1629 1916 1657 1939 et
1670 1912 1696 1939 in
1710 1920 1769 1947 per:

979 1963 1046 1983 sona
1059 1956 1242 1983 consideratis
1256 1956 1389 1991 privatur.

1014 2013 1057 2041 Ex
1071 2013 1178 2049 Eulogii
1189 2014 1402 2047 Defensionibus
1414 2013 1453 2040 De
1461 2013 1551 2040 eadem
1564 2019 1730 2049 argumenta.

750 2099 819 2134 Aug.
840 2098 904 2131 MM,
925 2099 944 2126 1.
962 2108 988 2126 c.
1005 2106 1032 2134 p.
1053 2097 1097 2131 59,
1112 2097 1155 2128 60.

180 2157 209 2184 '0
226 2156 323 2189 κοινῶς
338 2158 386 2184 καὶ
400 2158 428 2184 ὲν
456 2157 564 2189 πολλοῖς
590 2157 744 2193 θεωρεῖται,
760 2158 792 2185 οὐ
806 2158 860 2184 τινὶ
879 2159 919 2193 μὲι

1015 2158 1102 2186 Omne
1119 2157 1193 2194 quod
1215 2157 1367 2185 universim
1396 2162 1424 2184 et
1440 2158 1468 2185 in
1485 2156 1613 2192 pluribus
1641 2156 1770 2184 conside-

138 2204 231 2237 πλέον,
247 2204 300 2230 τινὶ
313 2203 342 2230 δὲ
359 2203 479 2237 ἔλαττον,
511 2204 645 2239 ὑπάρχον.
659 2204 737 2231 οὐσία
754 2204 927 2239 ὀνομάζεται.

144 2251 222 2277 Ἐπεὶ
233 2250 279 2276 οὖν
291 2250 329 2285 τῷ
341 2249 511 2276 καοέκαστον
527 2250 663 2286 ἀνθρώπῳ
677 2251 706 2284 ἐξ
726 2251 784 2278 ἴσου
797 2251 928 2286 πρόσεστι

137 2296 169 2323 τὸ
184 2294 253 2322 εἶναι
279 2295 368 2330 σάρκα
392 2294 594 2331 ὲμψυχωμένην
615 2296 687 2332 ψυχῇ
703 2296 810 2332 λογικῇ,
825 2296 839 2323 ὃ
853 2297 927 2323 ἐστιν

138 2339 328 2376 ἀνθρωπότης,
346 2340 415 2366 κατὰ
427 2340 506 2366 τοῦτο
520 2340 569 2376 τὴν
593 2341 802 2377 ἁνθρωπότητα,
820 2343 866 2369 καὶ
880 2341 928 2368 δύο

138 2387 237 2413 οὐσιῶν
253 2386 430 2421 ὑπάρχουσαν
444 2386 600 2422 γνώρισμα,
625 2388 690 2422 μίαν
704 2389 796 2424 φαμὲν
821 2388 927 2422 οὐσίαν,

139 2433 178 2464 ὡς
191 2432 289 2463 κοινῶς
305 2433 333 2458 ὲν
355 2432 438 2458 πᾶσιν
450 2431 613 2466 ἀνθρώποις,
628 2435 676 2460 καὶ
690 2434 720 2467 ἐξ
737 2434 794 2461 ἴσου
808 2435 928 2471 θεωρου-

141 2477 237 2513 μένην.
256 2477 317 2503 Ἐπὶ
327 2476 357 2503 δὲ
373 2476 421 2511 τῆς
438 2477 614 2510 ὑποστάσεως
629 2479 676 2506 τοῦ
695 2480 881 2516 Ἐμμανουήλ,
897 2481 928 2508 οὔ

139 2531 230 2558 φαμεν
246 2522 358 2557 ποιῆσαι
373 2521 437 2557 μίαν
450 2522 541 2551 οὐσίαν
553 2523 711 2559 τὴννὲνωσιν
740 2526 790 2560 τῆς
803 2526 931 2562 θεότητος

140 2569 187 2596 καὶ
202 2568 252 2602 τῆς
268 2567 492 2603 ἀνθρωπότητος’
520 2570 581 2596 ἐπεὶ
595 2570 702 2604 ἀνάγκη
719 2572 767 2598 καὶ
779 2573 807 2599 tv
821 2573 934 2605 πολλοῖς

141 2613 314 2649 θεωρεῖσθαι,
331 2613 368 2644 ὡς
392 2614 593 2642 ἀποδέδεικται.
617 2615 648 2642 ΕΙ
668 2616 715 2643 οὖν
743 2617 808 2652 μίαν
834 2619 928 2646 οὐσίαν

142 2659 208 2693 φασὶ
224 2657 349 2692 γενέσθαι
360 2658 394 2685 τὰ
413 2658 469 2691 δύο,
484 2660 593 2692 πάντως
607 2670 658 2688 που
671 2663 721 2698 ’πῆς
743 2664 871 2700 τοιαύτης
885 2664 931 2693 οὑ-

143 2706 204 2738 σίας
221 2705 397 2740 μετειλήφασι
409 2708 456 2732 καὶ
471 2706 570 2742 ἕτεροι,
584 2709 630 2734 καὶ
647 2709 675 2742 ἐξ
690 2709 748 2736 ἴσου
766 2710 804 2746 τῷ
828 2711 933 2747 Ἐμμα-

176 2764 187 2783 ⁹
203 2762 303 2792 .ierem.
321 2769 352 2794 ι,
366 2761 409 2790 i0.

344 2808 478 2842 PATROL.
502 2810 561 2842 Gn.
582 2812 757 2846 LXXX‘l'i.

981 2210 1068 2236 ratur,
1085 2209 1117 2232 ut
1138 2212 1189 2231 nec
1212 2204 1259 2232 alii
1283 2204 1411 2239 amplius,
1425 2204 1473 2231 alii
1497 2203 1588 2231 minus
1613 2204 1770 2236 conveniat,

980 2250 1059 2277 οὐσία
1084 2251 1203 2278 essentia
1234 2250 1404 2277 nominatur.
1419 2248 1649 2284 Quandoquidem
1666 2249 1772 2276 homini

980 2297 1096 2325 cuilibet
1107 2304 1235 2331 peraeque
1248 2296 1387 2328 convenit.
1400 2300 1432 2322 ut
1441 2295 1477 2323 sit
1494 2303 1558 2323 caro
1577 2295 1697 2323 animata
1711 2295 1776 2322 ani-»

981 2351 1033 2371 nne
1047 2343 1175 2371 rationali
1194 2344 1267 2378 (nam
1285 2343 1312 2370 in
1325 2342 1378 2370 hoc
1392 2342 1519 2370 consistit
1540 2342 1708 2376 humanitas)
1725 2349 1772 2369 sc-

979 2390 1098 2417 cundum
1111 2389 1185 2417 hunc
1196 2396 1306 2416 sensum
1320 2389 1585 2423 humanitatem,qua
1598 2393 1704 2415 natura:
1713 2387 1774 2415 dua:
1811 2423 1819 2428 κ

976 2439 1216 2472 reprmsentantur,
1241 2443 1323 2462 unam
1346 2435 1494 2463 essentiam
1518 2435 1647 2466 dicimus,
1671 2435 1774 2468 quippe

978 2490 1039 2517 qua:
1064 2481 1202 2509 communi
1231 2486 1260 2509 et
1287 2482 1385 2517 aequali
1410 2482 1561 2509 rationein
1576 2481 1705 2508 omnibus
1723 2481 1774 2506 ho-

979 2527 1102 2555 minibus
1113 2527 1316 2555 consideratur.
1334 2527 1368 2553 At
1383 2527 1411 2554 in
1428 2527 1570 2563 bypostasi
1583 2527 1774 2554 Emmanneiis

982 2573 1111 2601 unionem
1144 2573 1298 2601 divinitatis
1325 2581 1387 2601 cum
1423 2573 1595 2600 humanitate
1623 2573 1774 2600 essentiam

983 2627 1064 2646 unam
1081 2627 1211 2655 negamus
1229 2619 1424 2652 constituisse;
1439 2618 1542 2654 alioqui
1558 2619 1705 2646 essentiam
1721 2619 1775 2645 bu-

978 2667 1099 2702 jusmodi
1125 2667 1152 2694 in
1177 2667 1271 2694 multis
1284 2666 1403 2701 perspici
1419 2666 1608 2694 necessarium
1623 2665 1703 2694 foret.
1723 2666 1777 2693 Na-

983 2719 1043 2742 tura
1067 2714 1152 2748 enim,
1179 2714 1232 2742 hoc
1256 2719 1298 2742 est
1318 2714 1449 2748 essentia,
1469 2714 1497 2741 in
1522 2714 1617 2742 multis
1646 2721 1775 2750 pera:un

1555 2819 1593 2856 93
