1966 3068
209 104 277 135 ἓῧῖῦ

724 100 754 132 S.
771 102 927 134 EULOGII
945 104 1122 135 ARCHIEP.
1141 106 1331 136 ALEXAND.

1759 108 1828 140 293-6

208 165 361 196 spectatur,
378 166 407 188 ut
419 165 559 189 ostensum
571 165 622 187 est.
638 160 665 187 Si
679 160 762 196 igitur
772 164 897 188 naturam
911 167 991 188 unam

1045 161 1136 197 νουὴλ,
1148 161 1216 196 ὅπερ
1226 161 1276 188 οὐκ
1289 161 1356 189 ἔστι.
1368 162 1442 197 Μηδὲ
1453 162 1579 190 τοσοῦτον
1589 164 1829 200 παραφρονήσειαν

207 207 341 234 ambabus
366 207 495 234 constitui
522 206 667 239 a-lﬁrment,
682 205 808 234 essentire
823 206 946 242 ejusdem
960 214 992 234 ac

207 253 368 281 Emmanuel
390 253 436 280 alii
461 257 602 279 consortes
626 257 719 285 erunt,
732 252 806 287 quod
824 260 919 280 verum
936 260 991 280 non

1046 207 1070 232 οι
1087 207 1134 232 νῦν
1159 206 1336 240 συκοφάνται,
1351 207 1375 233 εἰ
1392 207 1437 233 καὶ
1464 207 1524 234 λίαν
1551 208 1680 244 θεομάχοι
1710 209 1758 236 καὶ
1780 209 1829 244 τῆς

1044 253 1073 278 ὰ)
1080 252 1174 287 ηοείας
1187 252 1281 288 ἐχθροὶ
1293 251 1490 287 καθεστήκασι.

207 305 258 328 est.
276 300 330 327 Nec
347 299 390 327 isti
410 299 596 335 sycophantae,
620 299 772 334 quamlibet
805 299 860 328 Deo
889 300 991 328 bellum
1011 299 1141 332 inferant,
1157 307 1190 327 eo
1208 299 1334 327 amentiae
1348 300 1485 332 venerint,
1501 305 1531 328 ut
1546 306 1573 328 et
1588 301 1641 329 hoc
1658 305 1792 329 astruant.

400 356 435 383 Et
457 356 614 391 quibusdam
629 357 772 391 interjeotis
789 366 797 383 :

242 401 457 434 Humanitatem,
476 402 539 436 quia
551 409 585 429 ex
603 402 720 429 diversis
744 403 826 429 rebus
840 403 991 437 composita

207 453 259 481 est,
277 448 359 475 unius
373 449 500 475 essentia:
528 448 662 480 dicimus.
693 456 746 475 non
772 448 883 483 quidem
899 449 991 476 habita

207 495 314 522 ratione
335 494 433 521 animze
449 498 477 521 et
501 494 633 528 corporis,
651 494 698 521 sed
726 494 811 529 magis
835 495 895 529 ejus
918 494 991 528 quod

207 548 352 568 commune
363 543 420 573 est;
433 540 534 574 quippe
544 547 605 567 cum
619 540 647 566 in
659 540 788 567 omnibus
798 548 858 574 quae
868 540 991 576 ejusdem

207 586 309 621 speciei
332 589 412 617 sunt,
435 585 619 612 communiter
642 585 842 612 consideretur.
859 584 926 612 Nam
946 592 991 612 es-

208 633 304 660 sentize
318 631 442 658 deﬁnitio
457 631 515 658 haec
541 635 594 663 est,
624 637 707 665 quam
734 630 852 657 Basilius
880 629 992 657 tradidit

207 677 325 706 dicendo
352 675 608 709 :Quemadmodum
636 683 781 703 commune
808 682 837 702 se
854 675 937 702 habet
957 674 991 702 ad

207 723 384 758 particularc,
395 722 434 749 sic
451 722 569 749 essentia
590 721 624 748 ad
636 721 813 757 hypostasim.
826 720 911 755 Igitur
922 720 992 747 ratio

208 767 413 796 communitatis
443 767 653 799 humanitatem,
687 773 748 801 quae.
776 766 804 792 in
832 766 992 793 hominibus

208 815 367 849 inspicitur,
382 814 461 841 unius
476 821 536 840 esse
547 812 674 840 essentia:
686 811 804 840 dicimus
817 821 823 839 ι
839 812 903 846 quia
916 819 991 839 com-

1314 357 1367 384 Καί
1384 357 1449 391 μεθ’
1461 356 1546 391 ἕτερα
1555 364 1562 372 ⁸

1081 403 1136 437 Τὴν
1162 403 1359 438 ἀνορωπὸτητα
1386 402 1512 430 σύνθετον
1539 401 1621 430 οὖσαν
1644 403 1674 436 ἐξ
1697 403 1828 438 ἀνομοίων

1045 450 1214 483 πραγμάτων
1232 450 1297 483 μιᾶς
1310 449 1403 480 οὐσίας
1421 440 1520 483 φῖιμὲν,
1537 449 1567 476 οὐ
1583 450 1651 485 πρὶς
1675 450 1724 484 τὴν
1738 450 1829 482 διατρο-

1045 496 1094 530 ρὰν
1114 495 1163 530 τῆς
1181 495 1270 530 ψυχῆς
1297 495 1345 521 καὶ
1359 494 1496 529 σώματος,
1523 495 1590 521 ἀλλὰ
1605 495 1674 530 προς
1695 495 1726 521 τὸ
1741 495 1830 521 κοινὸν

1043 541 1200 576 ἀφορῶντες
1210 549 1217 556 ·
1238 541 1279 567 ὅτι
1309 540 1406 571 κοινῶς
1417 541 1445 566 ἐν
1458 541 1526 567 πᾶσι
1547 541 1602 572 τοῖς
1618 541 1662 567 ὑπ’
1676 541 1742 567 αὐτὸ
1763 541 1829 566 ἀνα-

1043 587 1169 620 γομένοις
1202 585 1355 621 Θεωρεῖται.
1387 578 1548 620 Οὗτοςγάρ
1577 587 1635 612 ἐστι
1659 587 1708 619 τῆς
1735 586 1828 617 οὐσίας

1043 632 1116 666 ὅρος,
1136 631 1172 662 ὡς
1201 631 1342 663 Βασίλειος
1367 632 1511 668 ἐπαίδευσε
1525 631 1623 666 λέγων,
1649 631 1691 658 ὅτι
1710 633 1757 658 Ὃν
1773 631 1830 666 ἔχει

1043 679 1122 713 λόγον
1140 679 1171 705 τὺ
1196 679 1365 714 κοινδνπρὺς
1381 680 1410 706 τὺ
1434 679 1510 710 ἴδιον,
1525 679 1619 705 τοῦτον
1647 679 1703 714 ἔχει
1721 680 1737 713 ἡ
1749 679 1827 705 οὐσία

1044 725 1111 760 πρὸς
1132 725 1180 759 τὴν
1202 725 1361 751 ὑπόστασιν.
1379 724 1457 751 Κατὰ
1472 724 1567 750 τοῦτον
1582 723 1629 751 οὖν
1642 723 1688 750 τὸν
1711 725 1760 757 τῆς
1773 731 1831 750 κοι-

1043 770 1153 805 νότητος
1169 770 1256 804 λόγον,
1277 770 1341 804 μιᾶς
1356 770 1451 801 οὐσίας
1462 769 1551 804 φαμὲν
1563 769 1611 804 τὴν
1625 770 1654 795 ὲν
1677 768 1830 803 ἀνθρώποις

1044 815 1241 851 ἀνθρωπότητα
1252 823 1260 831 ο
1276 816 1317 842 ὅτι
1335 815 1432 846 κοινῶς
1445 816 1474 841 ἐν
1500 816 1583 841 πᾶσιν
1609 814 1761 850 ἀνθρώποις
1774 815 1831 845 τοῖς

208 860 284 888 muni
296 859 403 887 ratione
414 859 541 886 omnibus
552 863 579 886 et
590 858 738 893 unicuique
752 857 858 884 homini
870 865 903 884 ex
914 865 991 892 teque

1046 860 1105 887 καθ’
1119 861 1233 886 ἕκαστον
1248 860 1295 886 καὶ
1310 860 1338 893 ἐξ
1354 859 1411 886 ἴσου
1434 859 1552 894 ὑπάρχει
1568 859 1599 885 τὺ
1611 857 1681 885 εἷναι
1697 858 1767 891 ζῶον
1788 859 1831 884 λο-

208 906 338 934 convenit
358 909 388 932 ut
411 905 447 932 sit
465 904 565 931 animal
589 903 734 936 rationale,
754 903 943 938 intelligentiae
966 907 994 930 et

208 951 360 986 disciplinae
373 958 466 986 capax.
482 951 558 978 Istaec
570 950 645 977 enim
668 949 847 977 humanitatis
867 949 992 977 deﬁnitio

208 1001 259 1025 est.
271 997 322 1025 Ubi
338 1003 404 1024 vero
415 1002 562 1030 pensamus
577 1002 608 1022 ea
619 1002 653 1022 ex
664 994 765 1029 quibus
777 989 895 1027 constat,
910 999 992 1029 atque

208 1042 326 1069 animum
347 1041 531 1073 nominamus,
549 1045 575 1068 et
594 1046 695 1074 corpus
710 1039 928 1071 consideramus,
943 1046 992 1066 ne-

208 1095 345 1123 quaquam
358 1086 512 1114 inﬁciamur
523 1090 671 1120 utrumque
682 1085 796 1112 diversae
804 1089 908 1112 natura:
920 1092 991 1117 esse,

208 1139 237 1162 et
249 1142 308 1169 qua:
324 1133 505 1161 essentiarum
518 1132 614 1160 harum
627 1131 737 1167 propria
749 1135 823 1164 sunt,
834 1131 916 1158 etiam
930 1135 992 1166 post

209 1180 361 1207 unitionem
376 1186 497 1206 manere.
512 1177 579 1206 Nam
598 1177 621 1204 si
636 1184 737 1212 corpus
758 1180 787 1204 et
812 1177 903 1203 anima
928 1180 992 1204 sunt

208 1225 330 1261 ejusdem
345 1230 481 1256 essentne,
497 1222 720 1258 quandoquidem
737 1221 832 1250 eadem
858 1222 928 1249 ratio
951 1226 994 1249 est

208 1279 304 1298 eorum
321 1278 382 1305 qua:
397 1269 586 1297 coessentialia
602 1272 667 1296 sunt
684 1267 799 1303 (alioqui
814 1275 880 1295 vero
893 1275 994 1302 corpus

209 1315 373 1351 corruptela:
385 1314 534 1343 obnoxium
541 1313 605 1349 est),
616 1313 731 1341 omnino
739 1312 865 1348 sequitur
874 1313 993 1340 animam

1046 903 1124 937 γικὺν
1141 903 1247 938 θνητὸν,
1266 903 1311 929 νοῦ
1341 903 1389 930 καὶ
1408 903 1564 939 ἐπιστήμης
1591 903 1732 930 δεκτικόν·
1752 899 1831 934 οὗτος

1045 949 1099 984 γὰρ
1125 950 1138 975 ὁ
1157 949 1220 984 ὅρος
1235 949 1285 983 τῆς
1300 949 1520 985 ἁνθρωπότητος.
1545 949 1631 976 Ἐπὰν
1646 949 1673 976 δὲ
1689 949 1723 975 τὰ
1746 949 1774 980 ἐξ
1794 946 1831 975 ὦν

1045 995 1102 1021 ἐστι
1117 994 1301 1030 λογισώμεθα,
1317 995 1362 1021 καὶ
1373 995 1462 1030 ψυχὴν
1480 994 1670 1030 ὀνομάσωμεν,
1686 995 1733 1021 καὶ
1750 994 1831 1028 σῶμα

1046 1040 1238 1075 σκοπήσωμεν,
1257 1040 1287 1066 τὸ
1303 1041 1449 1076 ἐτεροφυὲς
1464 1041 1512 1068 καὶ
1526 1041 1560 1067 τὰ
1573 1041 1626 1067 ἴδια
1648 1040 1703 1066 τῶν
1730 1041 1831 1067 οὐσιῶν

1045 1086 1092 1112 καὶ
1108 1085 1177 1121 μετὰ
1189 1085 1237 1120 τὴν
1259 1086 1356 1113 ἕνωσιν
1376 1086 1426 1113 οὐκ
1440 1086 1636 1122 ἀρνηθείημεν.
1655 1086 1685 1112 Εἰ
1702 1087 1756 1121 γὰρ
1780 1085 1830 1118 τῆς

1043 1131 1128 1166 αὐτῆς
1141 1132 1236 1164 οὐσίας
1251 1132 1281 1158 τὸ
1296 1132 1375 1168 σῶμα
1391 1133 1437 1159 καὶ
1448 1134 1465 1168 ἡ
1477 1132 1559 1167 ψυχὴ,
1571 1133 1624 1159 τῶν
1635 1132 1664 1158 δὲ
1680 1130 1830 1166 ὁμοουσῑων

1043 1177 1057 1203 ὁ
1069 1177 1150 1208 αὐτὸς
1163 1177 1253 1212 λόγος,
1270 1178 1389 1214 φθαρτὸν
1405 1178 1433 1205 δὲ
1447 1178 1478 1204 τὺ
1495 1178 1585 1213 σῶμα,
1603 1177 1701 1204 οὐκοῦν
1715 1178 1769 1212 ἄρα
1784 1178 1831 1202 καὶ

1044 1224 1061 1258 ἡ
1077 1223 1150 1259 ψυχὴ
1160 1223 1356 1259 διαφθείρεται,
1372 1225 1419 1250 καὶ
1438 1223 1468 1250 τὸ
1481 1223 1569 1258 λέγειν
1596 1223 1730 1250 ἀθάνατον
1760 1220 1831 1248 εἶναι

1044 1269 1094 1305 τὴν
1113 1268 1210 1304 ψυχὴν,
1235 1269 1332 1305 ψευδὲς
1354 1269 1578 1305 ἁναδειχθήσεται
1604 1269 1648 1296 διὰ
1671 1269 1720 1301 τὰς
1754 1268 1832 1303 ὑμῶν

1045 1314 1175 1349 ἀνοήτους
1186 1315 1361 1349 κενοφωνίας.

209 1362 418 1397 eorruptibilem
434 1369 504 1392 esse,
538 1365 566 1389 et
599 1365 713 1396 propter
729 1360 841 1388 insanas
858 1360 1028 1396 nugacitates
1046 1366 1153 1389 vestras
1173 1361 1233 1389 l‘alsi
1251 1367 1382 1398 arguetur
1407 1361 1435 1389 id
1457 1361 1531 1398 quod
1547 1361 1695 1394 asseritur,
1711 1361 1832 1388 animant

209 1418 270 1438 esse
288 1410 479 1438 immortalem.

404 1467 446 1495 Ea;
458 1466 564 1503 Eulogii
579 1466 800 1495 Defensionibus.

1192 1464 1239 1492 Ἐκ
1261 1464 1487 1500 τῶν.Εὺλοτ-ιόυ
1507 1464 1688 1500 Συνηγοριῶν.

824 1521 893 1555 Ang.
912 1521 973 1553 MAI,
989 1520 1008 1547 l.
1024 1527 1047 1547 c.
1063 1527 1089 1554 p.
1105 1520 1150 1551 61,
1166 1519 1208 1546 62.

246 1579 393 1609 Sciendum
408 1580 480 1606 enim
492 1582 534 1606 est
558 1585 617 1610 nos,
632 1577 742 1613 quando
759 1577 941 1613 compositum
955 1577 992 1604 di-

212 1626 301 1654 cimus
316 1632 397 1651 unam
413 1623 538 1651 absolute
553 1627 691 1655 naturam,
706 1622 818 1649 minime
831 1629 911 1656 posse
928 1630 992 1657 pro-

212 1671 272 1707 prie
285 1671 311 1698 in
325 1670 376 1697 hoc
395 1669 561 1704 simplicium
575 1667 706 1695 adbibere
722 1668 852 1694 nomina:
876 1668 994 1702 exempli

212 1717 310 1752 gratia,
335 1722 435 1750 corpus
450 1722 466 1742 e
483 1717 601 1749 quatuor
624 1712 767 1740 elementis
792 1717 932 1744 constans,
961 1719 994 1738 ex

213 1770 282 1797 aqua
291 1762 416 1793 dicimus,
429 1765 513 1789 terra.
524 1767 587 1786 aere
601 1763 629 1786 et
639 1759 716 1794 igne;
728 1765 825 1792 aquam
841 1762 868 1785 et
882 1763 992 1790 terram,

214 1814 306 1834 acrem
329 1810 358 1833 et
382 1805 472 1840 ignem
495 1804 604 1839 proprie
629 1811 685 1831 non
707 1811 853 1838 possumus
877 1802 969 1830 dicere
986 1822 992 1834 ,

214 1857 242 1880 et
270 1852 332 1879 ideo
356 1858 438 1878 uuam
457 1849 599 1884 corporis,
630 1854 756 1876 naturam
787 1855 934 1880 vocamus,
961 1856 995 1874 eo

213 1896 286 1931 quod
301 1895 374 1923 istud
386 1895 496 1930 proprie
506 1894 671 1929 simplicium
687 1894 844 1921 nominibus
852 1893 995 1929 designare

213 1951 268 1970 non
294 1943 425 1970 valemus.
453 1941 532 1973 Item,
545 1949 560 1969 e
582 1941 718 1976 lapidibus
738 1946 767 1968 et
785 1941 866 1976 lignis
883 1940 993 1968 domum

213 1987 340 2019 dicimus,
355 1986 429 2013 illam
451 1991 542 2013 autem
559 1993 610 2013 nec
630 1985 702 2021 ligna
721 1992 772 2012 nec
784 1984 889 2019 lapides
902 1984 995 2011 nullus

214 2035 307 2065 posset
338 2028 491 2060 nominare,
518 2028 541 2056 si
568 2029 688 2063 propriis
707 2028 821 2055 vocibus
837 2027 877 2055 uti
901 2028 992 2054 vellet.

214 2075 280 2102 item
293 2074 431 2101 hominem
444 2073 535 2100 anima
545 2077 574 2100 et
594 2080 710 2108 corpore
723 2077 849 2100 constare
864 2072 992 2105 dicimus,

214 2125 269 2144 non
286 2122 377 2144 autem
394 2116 504 2151 proprie
517 2124 577 2143 esse
589 2116 707 2143 animam
720 2120 748 2143 et
763 2123 880 2150 corpus;
899 2120 926 2142 ct
942 2115 994 2142 hoc

213 2162 327 2190 evidens
342 2166 384 2189 est
404 2169 437 2188 ex
451 2169 484 2188 eo
499 2161 571 2196 quod
594 2160 739 2195 nequimus
756 2161 853 2188 animm
869 2164 917 2187 aut
930 2168 993 2187 cor-

214 2208 288 2243 poris
307 2205 494 2233 dcﬁnitionem
511 2206 540 2232 in
557 2210 703 2239 utrumque
717 2204 849 2231 adhibere
860 2224 866 2236 ,
886 2208 913 2230 et
927 2211 991 2239 pro-
1008 2204 1030 2230 ἰ)

200 2259 306 2288 ινιοιιειι
320 2260 353 2279 ex
377 2252 485 2279 duobus
508 2251 614 2278 naturis
636 2257 696 2277 esse
724 2249 851 2277 dicimus.
874 2249 993 2277 Diversa:

212 2300 285 2328 enim
299 2304 403 2326 natoue
416 2298 608 2334 componentia
627 2302 655 2326 et
674 2297 789 2325 diversa:
801 2297 918 2324 invicem
930 2297 994 2324 sub-

212 2345 330 2377 stantiae,
359 2340 442 2372 unam
464 2345 492 2371 iu
509 2344 663 2378 composito
678 2347 806 2371 naturam
821 2347 990 2378 rcputamus.

211 2392 271 2419 Non
283 2391 355 2418 enim
380 2398 480 2425 corpus
493 2393 521 2417 et
532 2390 651 2417 animam
664 2390 774 2424 proprie
786 2390 929 2424 loquentes
942 2396 993 2416 vo-

211 2445 305 2465 camus
324 2437 473 2469 hominem,
503 2436 554 2464 etsi
569 2440 709 2463 assuetum
724 2436 759 2463 sit
775 2435 925 2470 Scriptura:
940 2443 990 2462 sre-

210 2482 272 2517 pius
281 2482 408 2509 libertate
418 2481 506 2507 lllt‘nli
519 2481 632 2514 spiritus
645 2485 722 2514 parte
735 2485 821 2507 totum
834 2480 989 2515 designare,

212 2533 339 2562 tanquam
362 2535 416 2554 non
436 2526 576 2553 submissa:
597 2527 662 2561 jugo
681 2526 823 2553 servitutis
842 2526 992 2554 dialectica:

210 2574 347 2601 vanitatis.
363 2574 392 2600 In
420 2573 531 2600 Christo
548 2577 639 2599 autent
659 2572 807 2600 ineﬁ‘abilis
827 2577 922 2600 etnon
939 2573 990 2600 hu-

209 2627 289 2654 mana
309 2617 494 2653 intelligentia
521 2618 584 2644 huic
601 2618 697 2644 anima:
709 2618 803 2653 juncta
817 2623 860 2645 est
878 2625 929 2645 nec
949 2618 988 2653 jn-

209 2653 283 2691 stuni
296 2665 451 2699 exemplum
468 2664 494 2690 in
512 2664 640 2690 omnibus
667 2664 793 2691 invenire
810 2664 915 2690 ratione
929 2672 991 2698 pos-

208 2716 312 2738 sumus,
332 2717 393 2735 cum
417 2709 492 2735 illum
516 2716 570 2734 non
587 2708 674 2735 solum
696 2716 729 2735 ex
745 2708 888 2735 divinitate
899 2714 927 2736 et
943 2709 991 2735 hu-

208 2754 337 2780 manitate
352 2760 476 2781 constare
497 2754 624 2784 «licinius,
654 2753 700 2780 sed
715 2753 741 2779 in
764 2754 810 2780 illo
829 2754 868 2780 uti
883 2754 989 2789 simpli-

209 2798 280 2822 cium
300 2799 464 2825 numinibus.
489 2799 574 2825 Deum
589 2799 661 2824 enim
674 2798 790 2825 dicimus
805 2798 945 2826 Christum
961 2806 988 2828 et

1087 1575 1184 1602 Ἰστέον
1206 1575 1259 1611 γὰρ
1278 1576 1319 1602 ὅτι
1340 1576 1399 1602 τότε
1416 1576 1446 1602 τὸ
1466 1575 1593 1603 σύνθετον
1611 1575 1675 1610 μίαν
1688 1576 1833 1608 ἀπολύτως

1042 1621 1157 1656 λέγομεν
1184 1621 1279 1656 φύσιν,
1305 1622 1349 1648 ὅτε
1374 1622 1474 1657 μηκέτι
1499 1621 1636 1657 δυνάμεθα
1660 1623 1762 1658 κυρίως
1787 1623 1834 1650 ἐπ’

1044 1667 1125 1698 αὑτοῦ
1145 1667 1180 1694 τὰ
1201 1668 1254 1693 τῶν
1272 1666 1364 1694 ἁπλῶν
1379 1668 1470 1702 λέγειν
1489 1667 1618 1703 ὀνόματα·
1636 1665 1692 1695 οἷόν
1706 1677 1732 1694 τι
1748 1669 1831 1704 λέγω·

1044 1713 1080 1739 Τὺ
1105 1713 1137 1739 ἐκ
1161 1713 1302 1747 τεσσάρων
1326 1712 1465 1747 στοιχείων
1491 1712 1570 1747 σῶμα
1597 1713 1788 1748 συγκείμενον,
1803 1715 1833 1748 ἐξ

1045 1757 1277 1799 ὒδατος,ἕφαμεν,
1292 1758 1338 1785 καὶ
1358 1758 1409 1792 γῆς
1429 1758 1509 1793 ἀέρος
1522 1766 1550 1784 τε
1574 1759 1621 1785 καὶ
1637 1759 1733 1794 πυρὸς,
1759 1758 1833 1795 ὔδωρ

1045 1803 1089 1829 καὶ
1106 1803 1157 1837 γῆν
1177 1803 1245 1838 ἀέρα
1263 1812 1294 1829 τε
1314 1803 1361 1829 καὶ
1380 1803 1435 1839 πῦρ
1451 1803 1501 1830 οὐκ
1524 1803 1556 1830 ἂν
1574 1803 1699 1840 εἴποιμεν
1717 1805 1832 1840 κυρίως,

1045 1848 1091 1875 καὶ
1103 1848 1147 1874 διὰ
1159 1848 1237 1874 τοῦτο
1253 1848 1317 1883 μίαν
1331 1849 1458 1884 σώματος
1470 1849 1549 1883 φύσιν
1565 1849 1781 1885 ἐπονομάζομεν,
1795 1850 1834 1882 ὡς

1046 1894 1144 1928 μηκέτι
1160 1894 1225 1920 αὐτὸ
1238 1894 1338 1929 κυρίως
1356 1895 1414 1926 τοῖς
1425 1895 1538 1929 ὀνόμασι
1553 1895 1608 1922 τῶν
1625 1895 1718 1922 ἁπλῶν
1736 1897 1833 1922 ἐπονο-

1046 1939 1142 1974 μάζειν
1159 1939 1305 1974 ἰσχύοντες
1322 1940 1369 1966 καὶ
1384 1940 1465 1967 πάλιν
1479 1941 1510 1967 ὲκ
1525 1940 1605 1968 λίθων
1622 1941 1669 1968 καὶ
1684 1941 1770 1974 ξύλων
1784 1941 1833 1977 τὴν

1044 1985 1133 2012 οἰκίαν
1149 1985 1248 2020 φαμὲν,
1271 1985 1336 2017 ξύλα
1355 1985 1384 2011 δὲ
1403 1986 1487 2020 αὐτὴν
1503 1987 1549 2013 καὶ
1564 1986 1655 2018 λίθους
1673 1987 1724 2013 οὐκ
1740 1987 1773 2014 ἄν
1791 1996 1834 2019 τις

1045 2030 1170 2063 καλέσοι,
1188 2030 1295 2065 κυρίαις
1309 2031 1399 2063 λέξεσι
1418 2031 1536 2066 χρῆσθαι
1555 2031 1733 2066 βουλόμενος·
1750 2033 1834 2059 πάλιν

1045 2076 1089 2102 τὸν
1103 2076 1245 2111 ἄνθρωπον
1265 2077 1297 2102 ὲκ
1319 2076 1407 2111 ψυχῆς
1432 2077 1478 2103 καὶ
1503 2076 1628 2112 σώματος
1645 2074 1715 2103 εἷναί
1731 2085 1832 2112 φαμεν,

1046 2121 1125 2155 σῶμα
1151 2121 1180 2147 δὲ
1203 2122 1249 2148 καὶ
1272 2121 1360 2156 ψυχὴν
1381 2121 1472 2148 οὐκέτι
1493 2121 1606 2156 κυρίως·
1632 2122 1679 2149 καὶ
1703 2121 1782 2157 δῆλον
1801 2123 1834 2148 ὲκ

1044 2165 1091 2192 τοῦ
1108 2166 1145 2201 μὴ
1159 2165 1288 2193 δύνασθαι
1302 2167 1346 2193 τὸν
1362 2168 1410 2202 τῆς
1425 2167 1515 2201 ψυχῆς
1530 2167 1546 2202 ἦ
1567 2166 1613 2193 τοῦ
1629 2167 1754 2202 σώματος
1769 2168 1834 2202 ὅρον

1044 2211 1091 2238 ἐπὶ
1111 2211 1158 2238 τοῦ
1185 2212 1390 2246 συναμφοτέρου
1414 2211 1637 2245 ἁποδιδόναι,καὶ
1647 2212 1740 2239 τούτου
1750 2213 1834 2247 χάριν

1044 2257 1076 2284 ὲκ
1091 2256 1137 2283 δύο
1162 2257 1269 2292 φύσεων
1291 2257 1415 2291 λέγοντες
1440 2257 1585 2293 (ἑτεροφυῆ
1607 2257 1664 2293 γὰρ
1678 2259 1712 2286 τὰ
1735 2258 1834 2285 συνελ-

1045 2302 1124 2329 θόντα
1150 2303 1197 2329 καὶ
1224 2302 1348 2337 ἀλλήλοις
1373 2303 1422 2338 οὐχ
1450 2301 1603 2338 ὁμοούσια),
1627 2302 1691 2337 μίαν
1713 2303 1760 2329 ἐπὶ
1784 2303 1834 2329 τοῦ

1044 2347 1171 2374 συνθέτου
1190 2347 1270 2382 φύσιν
1283 2347 1444 2382 δοξάζομεν·
1461 2348 1521 2374 οὐδὲ
1544 2349 1597 2382 γὰρ
1613 2347 1692 2382 σῶμα
1708 2347 1724 2382 ἢ
1741 2347 1835 2382 ψυχὴν

1044 2394 1281 2429 κυριολεκτοῠντες
1300 2395 1491 2430 ἀποκαλοῦμεν
1511 2397 1556 2422 τὸν
1571 2396 1729 2431 ἄνθρωπον,
1743 2396 1769 2422 ει
1786 2397 1836 2423 καὶ

1044 2440 1157 2474 σύνηθε;
1169 2442 1202 2476 τῇ
1217 2441 1311 2476 Γραφῇ
1328 2441 1456 2473 πολλάκις
1474 2442 1506 2477 τῇ
1519 2441 1660 2477 ἐλευθερίᾳ
1672 2442 1834 2478 κεχρημένῃ

1044 2485 1093 2511 τοῦ
1111 2486 1266 2521 Πνεύματος
1277 2487 1309 2513 ἐκ
1318 2486 1364 2513 τοῦ
1377 2487 1475 2522 μέρους
1484 2487 1512 2513 τὺ
1522 2488 1581 2514 ὅλον
1593 2487 1782 2522 ἐπονομάζειν,
1793 2488 1834 2519 ὡς

1045 2530 1118 2565 ζυγῷ
1130 2531 1251 2562 δουλείας
1261 2531 1310 2557 οὐκ
1322 2532 1466 2568 ἐνεχομένῃ
1476 2532 1525 2564 τῆς
1533 2533 1704 2566 διαλεκτικῆς
1717 2534 1833 2567 ματαιό-

1042 2585 1131 2611 τητος
1141 2578 1186 2603 ἐπὶ
1201 2578 1228 2603 δὲ
1238 2578 1284 2603 τοῦ
1293 2577 1408 2612 Χριστοῦ
1417 2578 1554 2613 ἄφραστος
1567 2578 1614 2612 μὲν
1631 2579 1676 2604 καὶ
1697 2578 1835 2614 ἀλαλητός

1044 2624 1101 2649 ἐστι
1117 2625 1132 2658 ἡ
1147 2624 1242 2654 ἓνωσις
1256 2624 1305 2651 οὑκ
1316 2624 1484 2659 ἀνθρώπινος
1499 2626 1560 2657 νοῦς
1576 2626 1677 2660 ταύτης
1699 2626 1832 2659 ἐφίκοιτο,

1041 2668 1100 2694 οὐδὲ
1125 2670 1297 2704 παράδειγμα
1314 2670 1402 2705 εὑρεῖν
1417 2670 1472 2699 ἴσον
1489 2671 1559 2697 κατά
1578 2679 1609 2704 γε
1623 2672 1722 2703 πάντα,
1736 2670 1811 2705 λέγω
1826 2692 1833 2702 ,

1042 2714 1294 2750 δυνήσεται,ἐπειδὴ
1307 2715 1334 2742 δὲ
1346 2715 1426 2742 αὐτὸν
1439 2715 1468 2742 οὐ
1483 2716 1562 2751 μόνον
1575 2717 1607 2743 ὲκ
1625 2716 1754 2751 θεότητος
1762 2716 1834 2744 εἶναι

1044 2760 1090 2784 καὶ
1117 2760 1164 2786 ὀινο
1169 2761 1323 2801 ρωπὸτητᾴς
1335 2769 1433 2795 φαμεν,
1448 2761 1514 2788 ἀλλὰ
1527 2762 1574 2788 καὶ
1585 2763 1639 2794 τοῖς
1649 2762 1777 2797 ὀνόμασιν
1787 2763 1833 2788 ἐπ’

1039 2803 1121 2830 αὐτοῦ
1151 2805 1307 2840 κεχρήμεθα
1322 2806 1376 2832 τῶν
1391 2806 1568 2833 ἁπλῶνσθεὺν
1586 2806 1638 2844 γὰρ
1655 2807 1772 2843 λέγομεν
1787 2809 1834 2834 τὸν
