1966 3068
112 142 180 175 2957

698 147 931 179 FRAGMENTA
950 151 1177 186 DOGMATICA.

1673 166 1744 199 Ξυεε

111 198 229 234 Χριστὸν
245 199 293 226 καὶ
313 199 457 234 ἄνθρωπον
472 199 517 226 τὸν
537 200 629 232 αὑτὸν,
647 201 716 234 ὅπερ
733 203 776 228 ἐπ’
791 203 886 230 ἐκείνω

111 244 119 254 \
131 245 137 254 I
265 253 269 254 ν
279 245 285 253 1
368 247 374 254 1
423 245 433 254 Ι
612 247 618 254 ι
703 248 708 254 I
795 249 801 254 ι

955 208 1083 236 eumdem
1095 210 1235 239 hominem
1252 214 1325 248 quod
1343 215 1369 242 in
1384 215 1444 244 istis
1458 220 1570 254 proprie
1582 219 1676 249 dicere
1689 231 1744 250 non

109 244 198 279 λέγειν
222 245 324 281 κυρίως
348 247 398 272 οὐκ
422 245 529 281 ἔχομεν·
554 247 658 282 κυρίως
680 248 734 284 γὰρ
758 249 806 275 καὶ
832 249 903 275 κατὰ

108 291 238 327 ἀλήθειαν
266 291 333 323 Θεῖες
359 293 373 318 ὁ
398 293 535 328 Χριστός·
560 293 600 320 διὸ
628 293 732 329 κυρίως
759 294 806 321 καὶ
832 296 902 322 κατὰ

108 338 236 373 ἀλήθειαν
254 339 387 366 Θεοτόκον
406 340 456 375 τῆν
478 341 559 374 ἁγίαν
579 340 717 376 Παρθένον
735 341 837 376 φαμέν·
855 343 902 368 καὶ

108 387 210 421 κυρίως
237 387 298 413 κατ’
324 386 453 422 ἀλήθειαν
478 388 622 423 ἄνθρωπος
642 389 656 415 ὁ
677 389 768 421 αὐτὸς,
793 389 902 424 ἀληθῶς

107 431 263 463 ἀποθανὼν,
291 433 400 469 ἀληθῶς
426 434 561 465 ἀναστάς·
588 435 684 461 τούτου
711 435 792 469 χάριν
820 436 901 462 αὐτὴν

109 478 174 513 μίαν
190 478 270 512 φύσιν
287 479 380 511 ἁπλῶς
397 481 483 508 εἰπεῖν
498 480 639 508 ἀδύνατον·
659 481 702 508 διὰ
717 481 797 508 τοῦτο
811 482 901 509 τοίνυν

105 524 187 558 ἡμεῖς
201 525 246 551 καὶ
257 525 289 551 ὲκ
301 524 348 551 δᾶο
362 525 478 561 λέγομεν
489 527 608 561 φύσεων,
621 527 715 562 ἐπειδὴ
729 528 761 555 ὲκ
773 528 901 564 θεότητος

104 569 187 595 αὑτὸν
213 570 292 604 ῐσμεν
320 569 367 596 καὶ
393 570 602 607 ἀνθρωπότητος
630 573 824 607 συγκείμενον,
853 575 900 600 καὶ

104 615 237 650 ἑτεροφιιῆ
256 616 289 642 τὰ
303 616 465 644 συνελθόντα
479 617 659 653 γνωρίζομεν·
679 619 725 646 καὶ
741 619 788 645 δύο
803 619 899 654 φύσεις

103 659 259 696 διαιρετοὺς
288 661 418 689 ἐττ¹αὺτοῦ
448 662 583 698 λέγομεν,
620 663 714 698 ἐπειδὴ
749 663 816 691 Θεὸν
852 665 899 691 καὶ

103 706 248 741 ἄνθρωπον
259 707 362 742 κυρίως
371 707 417 734 τὸν
428 708 510 735 αὑτὸν
520 707 590 736 εἶναι
602 709 761 745 δοξάζομεν·
772 709 898 746 καθάπερ

102 750 117 777 ὁ
145 751 174 777 ὲν
199 751 287 785 ἁγίοις
312 754 380 787 φησὶ
408 752 543 788 Κύριλλος
566 754 595 780 ὲν
621 756 654 790 τῇ
687 754 801 791 δευτέρᾳ
830 755 897 790 πρὸς

101 797 253 825 Σούκενσον
280 799 420 835 ἐπιστολῇ,
449 799 525 827 Ἕνα
549 801 598 827 καί
615 801 668 828 τὸν
691 801 786 828 αὐτὸν
807 802 896 830 τοῦτο

101 843 223 870 κάκεῖνο
246 844 430 878 ὑπάρχοντα·
458 845 505 872 καὶ
526 846 664 881 σκόπησον
687 846 725 878 ὡς
747 847 797 873 οὐκ
808 845 894 881 εἷπεν,

99 890 135 916 ἐκ
154 891 263 918 τούτου
276 891 417 918 κάκείνου
431 891 607 927 ὑπάρχοντα
625 892 683 928 (καὶ
699 893 779 920 τοῦτο
795 894 849 929 γὰρ
863 892 896 930 ἧν

99 935 222 970 ἀληθὲς),
240 936 309 963 ἀλλὰ
337 937 424 964 τοῦτο
447 937 570 965 κάκεῖνο
587 938 777 973 ὑπάρχοντα’
794 939 824 966 τὸ
842 940 896 975 γὰρ

98 983 180 1009 τοῦτο
195 984 315 1017 κάκεῖνο,
333 983 380 1010 δύο
400 984 509 1016 πάντως
522 985 593 1018 ἐστὶ,
612 985 664 1012 κᾶν
683 985 764 1017 αὐτὸς
780 986 818 1022 μὴ
834 987 896 1023 βου-

95 1030 220 1064 ληθείης·
238 1030 318 1057 πάλιν
335 1030 363 1057 δὲ
376 1031 390 1057 ὁ
406 1031 488 1063 αὐτὸς
501 1032 569 1067 πρδς
583 1032 764 1067 Οὐαλεριανὸν
780 1033 826 1059 τὸν
844 1032 893 1060 τοῦ

98 1075 222 1103 Εἰκονίου
249 1075 398 1104 ἐπίσκοπον
425 1075 495 1103 οὕτω
523 1073 640 1112 γράφει·
667 1077 771 1104 Οὐκοῦν
797 1077 894 1113 ὁμολο-

96 1120 200 1155 γιῦμεν
215 1120 253 1152 ὡς
269 1120 318 1156 μὲν
335 1121 367 1147 τὸ
388 1120 442 1148 ἀπὸ
461 1121 562 1157 σαρκὸς
579 1121 647 1157 σάρξ
666 1122 736 1154 ἐστι,
759 1123 789 1149 τδ
807 1122 836 1148 δὲ
859 1123 891 1150 ὲκ

95 1168 164 1194 Θεοῦ
187 1167 263 1200 Θεός⁸
281 1169 340 1196 ἔστι
357 1169 386 1196 δὲ
407 1170 477 1197 κατὰ
492 1169 592 1196 ταυτὸν
613 1170 757 1206 ἀμφότερα
773 1171 891 1206 Χριστὸς

94 1212 135 1246 εἷς
159 1214 197 1241 ὢν
211 1215 276 1247 Υἱὸς
295 1216 344 1243 καὶ
364 1214 405 1248 εἷς
420 1216 524 1252 Κύριος
546 1217 615 1252 μετὰ
637 1218 687 1252 τῆς
713 1218 781 1249 ιδίας
805 1217 889 1244 αὐτοῦ

95 1262 215 1296 σαρκός·
241 1261 274 1289 τὸ
299 1261 329 1288 δὲ
356 1262 403 1288 τδν
430 1263 548 1297 Χριστὸν
577 1261 647 1290 εἶναι
672 1263 838 1298 ἀμφότερα,
863 1263 890 1290 τί

93 1305 188 1341 ἔτερόν
209 1307 293 1340 ἐστιν,
317 1307 397 1343 ῆδύο
419 1306 488 1335 εἶναι
511 1308 607 1344 φύσεις
629 1309 675 1336 τὸν
695 1309 835 1345 Χριστόν;
858 1309 889 1336 οὐ

93 1351 149 1387 γὰρ
169 1349 246 1379 εἶπεν
262 1353 380 1381 ἐνταῦθα
394 1354 423 1386 ἐξ
437 1354 600 1391 ἀμφοτέρων
613 1353 684 1382 εἶναι
699 1356 744 1383 τὸν
758 1355 888 1392 Χριστὸν,

92 1398 152 1424 ἀλλ’
164 1399 205 1426 ὅτι
220 1399 364 1436 ἀμφότερά
377 1401 450 1428 ἐστιν
463 1403 477 1429 ὁ
490 1402 607 1438 Χριστὸς
622 1399 662 1434 εἷς
679 1402 726 1430 ὢν.

98 1455 151 1482 Ἐκ
171 1455 232 1494 τῶν·
243 1457 391 1494 Εὐλογζου
410 1458 582 1493 Συνηγοριῶν
601 1459 676 1494 πρὸς
692 1459 763 1492 τοὺς
780 1459 887 1493 ,λέγον-

129 1498 192 1528 (ac,
207 1491 251 1528 6;;
269 1501 277 1517 ι
290 1494 324 1519 El
341 1492 396 1520 δύο
416 1491 493 1527 φατὲ
512 1491 630 1528 ὸὺσίαςξ
645 1491 670 1521 ὃν
688 1491 757 1522 ἐστι
778 1491 887 1528 φύσεις

128 1526 294 1564 ᾑνωμένας,
320 1527 446 1564 πάντως-ν
459 1530 510 1562 ultr
529 1526 634 1564 γέγοκέ
651 1530 759 1564 φύσις·
777 1526 814 1556 ἰὰ
830 1526 886 1564 γὰρ

127 1560 286 1596 ἐνούμενα,
301 1560 473 1597 πάντωςεί⁸
491 1573 518 1591 τι
532 1560 659 1596 ’γίᾷδεταιί
679 1575 688 1591 ι

912 882 932 910 Β

955 261 1118 289 possumus;
1147 259 1259 293 proprie
1283 261 1357 288 enim
1373 266 1400 289 et
1420 265 1573 293 secundum
1598 267 1744 296 veritatem

953 300 1081 329 Christus
1103 309 1145 331 est
1158 304 1248 339 Deus;
1264 307 1326 335 ideo
1340 310 1452 345 proprie
1463 315 1492 338 et
1503 313 1656 341 secundum
1671 318 1745 344 veri-

954 352 1038 376 tatem
1060 350 1107 384 Dei
1133 351 1245 380 Matrem
1269 354 1409 391 Virginem
1432 363 1554 386 sanctam
1568 360 1702 395 dicimus;
1717 367 1744 390 et

953 395 1065 430 proprie
1080 398 1232 425 secundum
1252 401 1395 429 veritatem
1423 403 1506 432 homo
1518 409 1561 433 est
1579 406 1663 440 idem,
1678 416 1742 436 vere

952 446 1089 474 mortuus,
1113 450 1178 471 vere
1194 451 1352 480 resurgens.
1363 447 1548 481 Quamobrem
1566 451 1643 480 illum
1661 461 1743 482 unam

952 485 1117 520 simpliciter
1130 492 1257 517 naturam
1270 491 1364 520 dicere
1379 494 1550 529 impossibile
1566 501 1618 530 est,
1633 504 1743 534 propte-

952 539 998 559 rea
1012 532 1096 568 igitur
1107 542 1157 562 nos
1175 539 1203 563 et
1217 545 1251 564 ex
1269 537 1376 567 duabus
1391 541 1499 569 naturis
1515 532 1643 572 constare
1670 532 1741 572 dici-

951 586 1022 612 mus,
1044 588 1106 608 cum
1128 582 1274 612 divinitate
1301 585 1378 612 illum
1400 587 1504 616 scimus
1526 593 1554 617 et
1570 591 1742 619 humanitate

950 629 1089 659 constare,
1106 632 1135 654 et
1158 628 1275 657 diversa:
1292 639 1353 659 esse
1368 637 1473 661 natura:
1488 637 1683 670 componentia
1697 646 1742 665 co-

949 671 1119 706 gnoscimus.
1137 674 1216 703 Dicas
1233 684 1345 712 quoque
1360 682 1475 707 naturas
1489 680 1636 710 distinctas
1652 684 1680 711 in
1695 685 1742 711 illo

949 717 1082 752 dicimus,
1097 728 1159 748 cum
1175 722 1261 750 Deum
1280 728 1309 751 et
1330 724 1471 753 hominem
1487 729 1598 763 proprie
1612 730 1739 758 eumdem

948 770 1010 790 esse
1025 769 1194 799 reputamus.
1211 767 1288 796 Sicut
1304 774 1417 798 sanctus
1430 771 1550 807 Cyrillus
1568 774 1636 802 dicit
1654 775 1681 802 in
1697 784 1741 803 se-

949 810 1039 838 cunda
1065 811 1098 838 ad
1122 812 1292 843 Succensum
1310 817 1438 851 epistola,
1461 818 1548 847 Unum
1575 825 1599 847 et
1619 823 1739 849 eumdem

947 857 995 884 lioc
1007 863 1030 885 et
1044 859 1112 886 illud
1126 868 1196 894 esse;
1213 867 1241 889 et
1263 865 1414 892 notandum
1438 865 1510 894 hanc
1531 875 1586 895 non
1600 868 1692 897 dicere
1707 878 1740 897 ελ.

948 904 996 931 hoc
1010 909 1034 931 et
1051 906 1096 932 illo
1114 915 1177 940 esse,
1194 909 1269 936 istud
1283 911 1356 938 enim
1373 911 1444 940 foret
1462 921 1572 946 verum,
1588 916 1635 943 sed
1651 917 1699 943 hoc
1713 921 1738 944 rt

947 950 1015 978 illud
1043 961 1107 980 esse.
1127 954 1185 983 Hoc
1210 964 1309 993 nempe
1326 962 1355 985 et
1378 959 1446 987 illud
1460 960 1515 988 duo
1528 963 1643 990 omnino
1660 968 1736 997 sunt,

945 997 998 1024 etsi
1023 999 1159 1028 nolueris.
1182 1002 1285 1030 lterum
1310 1004 1383 1032 idem
1408 1007 1442 1034 ad
1460 1007 1636 1035 Valerianum
1651 1009 1737 1036 lconii

944 1044 1107 1079 episcopum
1133 1046 1174 1074 sic
1202 1048 1319 1077 scribit:
1336 1051 1409 1086 Ergo
1435 1052 1598 1087 proﬁtemur
1624 1062 1736 1083 carnem

944 1089 1056 1124 quidem
1071 1099 1086 1119 e
1100 1099 1183 1121 carne
1196 1102 1268 1127 esse,
1283 1097 1369 1124 Deum
1401 1105 1467 1125 vero
1485 1107 1519 1127 ex
1537 1101 1611 1132 Deo;
1628 1104 1669 1128 est
1685 1108 1736 1127 au-

946 1139 1001 1162 tem
1017 1143 1130 1172 propter
1151 1139 1224 1167 idem
1237 1140 1365 1170 Christus
1382 1147 1510 1179 utraque,
1530 1153 1593 1172 cum
1609 1146 1646 1173 sit
1663 1155 1735 1175 unus

944 1181 1031 1210 Filius
1055 1188 1082 1211 et
1106 1193 1177 1212 unus
1199 1186 1332 1215 Dominus
1352 1197 1414 1216 cum
1435 1191 1548 1225 propria
1572 1200 1620 1219 sua
1639 1200 1733 1221 carne.

943 1227 1084 1256 Christum
1100 1236 1192 1258 autem
1211 1240 1271 1260 esse
1292 1238 1420 1270 utraque,
1433 1236 1498 1271 quid
1518 1237 1592 1265 aliud
1611 1243 1663 1269 est.
1680 1239 1733 1267 nisi

943 1274 1012 1302 duas
1029 1283 1089 1304 esse
1105 1281 1218 1306 naturas
1233 1279 1259 1306 in
1274 1279 1406 1308 Christo?
1421 1290 1476 1310 non
1492 1284 1566 1310 enim
1589 1284 1646 1312 illic
1663 1284 1734 1312 dixit

941 1328 975 1348 ex
994 1321 1118 1357 utrisque
1132 1331 1193 1351 esse
1207 1324 1360 1360 Christum,
1384 1328 1432 1356 sed
1451 1333 1570 1365 utraque
1591 1330 1732 1359 Christum

940 1375 1000 1395 esse
1015 1376 1078 1396 cum
1104 1377 1175 1398 unus
1189 1371 1234 1399 sit.

943 1458 985 1485 Ea:
1008 1458 1115 1500 Eulogii
1132 1459 1357 1500 _Dcfens_i_onibus
1375 1465 1426 1491 'ad
1454 1473 1496 1492 eos
1520 1466 1566 1500 qui
1600 1467 1692 1494 dicunt
1718 1477 1728 1496 .-

979 1502 988 1519 ι
1011 1493 1138 1533 ζΙηαὴιμςί
1155 1495 1221 1523 duas
1233 1497 1318 1525 dicitis
1327 1499 1499 1532 substantias,
1510 1493 1537 1527 id
1551 1507 1589 1529 est
1603 1493 1727 1533 naturas;

977 1530 1067 1570 unitas
1083 1538 1148 1570 esse!
1167 1533 1274 1560 omnino
1291 1534 1389 1568 factam
1406 1543 1461 1563 esse
1479 1530 1604 1564 naturam
1617 1546 1627 1570 ;
1641 1530 1728 1565 unitas

975 1566 1056 1597 enim,
1073 1567 1180 1593 σηιηίιιο
1205 1566 1295 1594 unum
1308 1571 1371 1604 quid
1391 1570 1460 1604 ﬁeri.
1482 1581 1491 1597 ι

754 1625 824 1660 Aug.
839 1624 890 1651 ΜΑι
904 1623 925 1651 l.
941 1631 964 1651 c.
982 1631 1009 1658 p.
1027 1624 1071 1651 65.

126 1681 160 1710 El
172 1683 221 1718 μὲν
233 1682 263 1709 τὸ
281 1683 316 1710 ἓν
334 1691 358 1709 τι
379 1682 505 1717 γενέσθαι
521 1684 592 1711 κατὰ
605 1684 654 1718 τὴν
671 1692 883 1719 χαρακτηριστι-

971 1683 1000 1710 Si
1015 1683 1126 1718 quidem
1143 1692 1225 1711 unum
1236 1685 1301 1720 quid
1316 1684 1376 1713 ﬁeri
1391 1688 1544 1716 secundum
1555 1690 1726 1720 characteri-

87 1728 143 1764 κὴν
166 1729 316 1756 ὑπόστασιν
333 1729 473 1764 βούλονται
488 1730 715 1762 κατασκευάζειν,
732 1730 821 1766 ὀρθῶς
835 1730 883 1756 καὶ

86 1775 151 1802 λίαν
167 1775 286 1807 εὐσεϐῶς
300 1775 348 1802 καὶ
367 1774 472 1812 συνῳδὰ
490 1778 546 1808 τοῖς
567 1776 596 1802 ὲν
614 1776 765 1812 Χαλκηδόνι
781 1777 883 1812 δογμα-

84 1824 219 1857 τίζουσιν·
234 1825 355 1852 κάκεῖνοι
367 1824 421 1860 γὰρ
436 1824 499 1860 μίαν
513 1824 663 1851 ὑπόστασιν
673 1824 880 1858 ἀποφαίνονται,

83 1870 136 1897 δύο
156 1871 182 1898 δὲ
193 1872 242 1902 τὰς
264 1871 356 1902 οὐσίας
369 1878 376 1884 ·
392 1871 409 1906 ἡ
421 1870 475 1906 γὰρ
498 1870 565 1906 σὰρξ
579 1869 671 1905 ἔμεινε
688 1870 767 1906 σὰρξ⁷
788 1871 812 1896 εί
834 1870 881 1896 καὶ

82 1917 135 1943 τοῦ
159 1916 226 1943 Θεοῦ
250 1916 337 1951 Λόγου
362 1916 431 1953 σὰρξ
453 1917 572 1950 ἐγένετο,
595 1917 609 1943 ὅ
631 1917 690 1942 ἐστι
713 1915 879 1951 προσείληφε

83 1962 178 1997 σάρκα
191 1963 238 1989 καὶ
251 1962 355 1998 ἥνωσεν
368 1961 457 1997 ἐαυτῷ
472 1961 641 1997 ἀδιαιρέτως.
658 1961 696 1987 Οὐ
709 1961 763 1996 γὰρ
775 1961 879 1997 τροπὴν

81 2009 193 2042 ὑπέστη
203 2008 252 2043 τὴν
265 2009 304 2040 εἰς
317 2008 417 2044 σάρκα·
431 2008 496 2039 Θεδς
507 2008 561 2043 γὰρ
572 2007 751 2039 ἀναλλοίωτος
762 2007 879 2042 ὑπάρχει

78 2053 136 2087 τῆς
152 2053 294 2088 Τριὲιδοςή
310 2052 400 2087 φύσις
416 2053 454 2084 ὡς
472 2052 540 2088 ἔφην
557 2051 604 2079 οὖν
624 2052 772 2087 ἀσύγχυτοι
794 2061 879 2087 μεμε-

79 2099 201 2133 νήκασιν
219 2099 249 2124 ὲν
270 2097 308 2132 τῷ
332 2097 504 2133 Ἐμμανουήλ
527 2097 566 2132 τῷ
585 2098 625 2123 ὲν).
643 2098 752 2133 Χριστῷ
767 2097 805 2132 τῷ
822 2096 878 2132 Υἱῷ

77 2143 132 2170 τοῦ
149 2142 217 2169 Θεοῦ
242 2143 312 2178 μετὰ
332 2143 380 2178 τὴν
402 2143 608 2179 ὲνανορώπησιν
627 2143 654 2169 αἱ
675 2142 721 2169 δύο
740 2143 838 2169 οὐσίαι·
854 2143 878 2168 εἰ

79 2189 115 2216 δὲ
131 2189 195 2224 μίαν
211 2189 305 2216 οὐσίαν
320 2190 385 2223 φασὶ.
397 2189 540 2223 γεγονέναι
556 2190 604 2221 τὰς
618 2189 664 2215 δύο
677 2188 781 2223 φύσεις,
800 2188 878 2223 λελή-

79 2235 165 2262 ϐασιν
173 2235 285 2266 ἑαυτοὺς
296 2235 466 2267 ἀπατῶντες,
478 2235 524 2261 καὶ
536 2235 666 2270 σύγχυσιν
678 2234 805 2270 ἦτροπὴν
813 2234 878 2260 ὑπο-

79 2280 234 2315 τιθέμενοι,
252 2281 290 2313 ὡς
304 2282 353 2316 τῆς
367 2282 431 2317 μιᾶς
446 2281 598 2316 τραπείσης
619 2282 658 2312 εἰς
679 2281 728 2316 τὴν
750 2281 845 2316 ἑτέραν
859 2280 875 2316 ἢ

77 2328 285 2364 συγχυθείση;”
308 2329 348 2355 δτι
369 2329 423 2364 γὰρ
447 2328 482 2355 τὰ
503 2328 634 2364 ὲνούμενα
661 2329 804 2363 ἀτρέπτως
829 2328 877 2354 καὶ

934 1730 1030 1757 sticam
1040 1730 1246 1758 subsistentiam
1254 1733 1350 1760 volunt
1358 1738 1491 1767 statuere,
1503 1744 1577 1764 recte
1585 1738 1664 1772 etpie
1674 1739 1724 1766 ad-

934 1777 1046 1804 modum
1065 1782 1092 1805 et
1112 1779 1292 1808 conformiter
1304 1789 1366 1809 cum
1382 1782 1574 1813 Chalcedonia:
1594 1787 1724 1815 Patribus

933 1823 1128 1859 dogmatizant.
1142 1825 1173 1853 lli
1184 1827 1258 1854 enim
1267 1836 1348 1855 unam
1356 1829 1562 1862 subsistentiam
1570 1833 1722 1864 declarant.

932 1870 1001 1898 duas
1020 1875 1113 1899 autem
1129 1872 1333 1901 subsistentias.
1351 1874 1423 1902 Caro
1439 1877 1512 1904 enim
1526 1879 1628 1907 mansit
1645 1887 1720 1911 caro.

932 1917 983 1945 etsi
995 1918 1043 1945 Dei
1055 1919 1133 1946 verbi
1148 1927 1213 1947 caro
1224 1921 1297 1950 facta
1307 1923 1353 1957 sit,
1366 1925 1441 1953 idest
1450 1933 1561 1952 carnem
1571 1928 1722 1961 sumpserit

931 1967 959 1990 et
967 1963 1021 1991 sibi
1033 1964 1258 2000 inseparabiliter
1270 1969 1392 1998 univerit
1402 1979 1409 2003 ;
1419 1979 1474 1998 non
1484 1971 1558 1998 enim
1568 1971 1595 1998 in
1607 1979 1720 1999 carnem

931 2016 1083 2038 conversus
1097 2015 1154 2045 est;
1177 2020 1240 2040 nam
1255 2014 1328 2042 Deus
1343 2015 1526 2044 immutabilis
1545 2021 1588 2044 est
1609 2017 1720 2045 Triadis

931 2061 1040 2083 natura.
1063 2057 1098 2085 Ut
1120 2058 1176 2086 dixi
1198 2059 1294 2094 igitur,
1323 2061 1475 2089 inconfusze
1500 2068 1661 2090 manserunt
1690 2064 1719 2091 in

930 2101 1093 2130 Emmanuel
1108 2111 1163 2130 uno
1180 2103 1293 2133 Christo
1308 2106 1378 2134 Filio
1393 2107 1442 2135 Dei
1456 2112 1517 2142 post
1548 2100 1731 2136 incarnatio-y

929 2155 993 2174 nem
1005 2148 1066 2175 dua:
1080 2149 1243 2178 substantia:
1254 2159 1261 2183 ;
1277 2151 1320 2178 sin
1335 2156 1429 2179 autem
1439 2161 1522 2180 unam
1534 2154 1719 2182 substantiam

929 2192 1026 2220 dicunt
1038 2193 1123 2222 factas
1140 2202 1200 2222 esse
1215 2196 1285 2223 duas
1299 2201 1424 2233 naturas,
1441 2199 1550 2234 seipsos
1575 2199 1720 2235 decipien-

930 2243 970 2265 tes
981 2239 1090 2272 fallunt,
1111 2248 1173 2267 cum
1200 2241 1391 2270 confusionem
1424 2251 1472 2271 seu
1506 2245 1718 2274 conversionem

928 2289 1061 2318 statuant,
1072 2290 1202 2321 tanquam
1222 2296 1275 2316 una
1300 2296 1432 2317 conversa
1452 2291 1538 2318 fuerit
1551 2291 1578 2318 in
1602 2292 1718 2320 alteram

917 2337 977 2360 ~aut
992 2341 1055 2361 cum
1068 2334 1154 2362 altera
1168 2334 1294 2363 confusa.
1310 2334 1389 2368 Quod
1404 2337 1479 2364 enim
1491 2337 1576 2365 unita}
1590 2338 1719 2366 substan-

73 2375 243 2410 ἀσυγχύτως
260 2374 423 2410 φυλάττεται
436 2375 464 2401 ἐν
478 2377 510 2410 τῇ
527 2374 615 2410 οἰκείᾳ
638 2375 777 2410 ποσότητι,
797 2373 877 2401 τοῦτο

941 2379 973 2407 iaa
992 2380 1096 2415 absque
1110 2381 1294 2409 conversione
1309 2385 1337 2409 et
1357 2383 1523 2411 confusione
1544 2391 1717 2412 conserven-

74 2422 176 2456 σαφῶς
186 2422 251 2456 ὑμῖν
264 2422 432 2457 παραστήσω
442 2422 486 2448 διὰ
494 2421 715 2456 παραδείγματος
726 2422 781 2448 τῶν
791 2421 875 2456 τριῶν

71 2468 258 2495 ὑποστάσεων
278 2468 439 2503 ἀδιαιρέτως
464 2468 511 2495 καὶ
538 2467 700 2502 ἀσυγχύτως
725 2468 874 2503 ήνωμένων

69 2514 151 2543 κατὰ
167 2513 216 2550 τὴν
228 2514 333 2546 οὐσίαν,
350 2514 423 2549 φημὶ
433 2513 461 2540 δὲ
477 2514 543 2549 πρὸς
559 2513 667 2549 Πατρδς
681 2514 729 2540 καὶ
745 2513 810 2540 Υίοῦ
827 2513 873 2541 καὶ

67 2561 158 2594 ἁγίου
179 2561 354 2596 Πνεύματοςσ
376 2560 406 2586 οὐ
430 2560 484 2595 γὰρ
506 2560 550 2586 διὰ
575 2560 605 2586 τὸ
630 2559 753 2594 ἡνῶσθαι
775 2559 871 2592 αὑτὰς,

68 2606 131 2644 μία
153 2606 301 2638 ὑπόστασις
319 2607 482 2640 γεγόνασιν,
503 2606 560 2633 ἀλλ’
574 2606 712 2641 ἡνωμέναι
735 2606 784 2641 μέν
802 2607 871 2632 εἰσιν

67 2652 219 2689 κατὰιτὴν
238 2652 342 2685 οὐσίαν,
361 2653 388 2678 ὲν
405 2653 480 2687 τρισὶ
496 2652 523 2679 δὲ
543 2653 588 2679 καὶ
604 2652 757 2687 ἡνωμέναις
772 2652 871 2688 γνωρί-

65 2702 171 2734 ζονται
193 2698 388 2725 ὑποστάσεσιν·
407 2698 492 2730 οὕτως
509 2698 554 2724 καὶ
577 2698 623 2724 ἐπὶ
642 2698 692 2733 τῆς
715 2698 870 2732 οἰκονομίας

62 2746 126 2775 τοῦ
150 2744 267 2780 Χριστοῦ
295 2744 341 2770 δύο
366 2744 455 2771 οὐσίαι
481 2745 619 2780 ἡνωμέναι
641 2744 802 2779 ἁδιαιρέτως
823 2746 871 2772 καὶ

62 2792 239 2827 ἀσυγχύτως
255 2790 422 2826 ὑπάρχουσιν
431 2800 437 2806 ·
452 2791 552 2818 κείσθω
563 2792 590 2818 δὲ
603 2791 633 2818 τὸ
645 2793 818 2827 παράδειγμα
832 2793 872 2824 εἰς

63 2839 160 2877 μόνον
180 2839 210 2865 τὸ
226 2837 401 2872 παραστῆσαι
418 2836 447 2863 τὸ
468 2836 614 2873 πρόϐλημα
628 2837 658 2863 τὸ
675 2837 773 2873 σαθρόν
785 2845 791 2852 ·
810 2838 872 2864 ἐπεὶ

60 2887 102 2914 τδ
131 2885 180 2920 τῆς
206 2886 234 2913 ἐν
260 2883 370 2920 Χριστῷ
400 2883 532 2917 ἐνώσεως,
561 2883 679 2919 ἔμπαλιν
710 2882 725 2918 ἦ
753 2884 798 2911 ἐπὶ
823 2884 872 2920 τῆς

930 2430 975 2452 tur
990 2426 1017 2453 in
1033 2427 1144 2461 propria
1161 2427 1326 2462 quantitate,
1346 2428 1400 2456 hoc
1428 2429 1501 2457 clare
1515 2430 1594 2457 vobis
1622 2435 1718 2458 osten-

928 2471 991 2498 dam
1002 2479 1052 2506 per
1066 2472 1223 2506 exemplum
1241 2473 1324 2500 trium
1350 2472 1593 2501 subsistentiarum
1612 2475 1717 2502 indivi-

927 2517 1046 2545 sibiliter
1060 2522 1088 2545 et
1103 2518 1248 2546 inconfuse
1265 2519 1406 2546 unitarum
1416 2520 1572 2547 secundum
1586 2521 1718 2548 substan-

927 2563 1008 2596 tiam;
1020 2563 1054 2590 de
1065 2563 1146 2591 Patre
1163 2564 1234 2595 dico,
1251 2564 1321 2591 Filio
1335 2569 1363 2592 et
1393 2564 1499 2599 Spiritu
1526 2568 1634 2594 sancto.
1655 2565 1716 2593 Non

925 2609 999 2637 enim
1014 2609 1068 2637 illa:
1081 2618 1130 2644 per
1140 2611 1270 2637 unionem
1297 2618 1351 2637 una
1374 2610 1529 2638 substantia
1559 2611 1638 2644 fiunt,
1666 2611 1716 2654 sed

926 2656 1010 2683 unita:
1024 2656 1137 2691 quidem
1149 2661 1215 2684 sunt
1232 2657 1385 2684 secundum
1409 2657 1604 2691 substantiam,
1621 2658 1649 2685 in
1664 2659 1716 2685 tri-

925 2702 977 2729 bus
991 2707 1082 2729 autem
1091 2708 1119 2730 et
1128 2703 1214 2730 unitis
1223 2703 1413 2730 subsistentiis
1423 2711 1483 2731 esse
1496 2709 1713 2739 cognoscuntur;

924 2749 960 2776 ita
976 2748 1003 2775 in
1020 2748 1315 2783 Christidispositione
1327 2749 1388 2776 dure
1406 2749 1568 2777 substantiae
1587 2753 1652 2777 sunt
1673 2751 1716 2778 in-

923 2795 1103 2822 divisibiliter
1128 2800 1157 2823 et
1189 2795 1333 2823 inconfuse
1366 2796 1462 2823 unite.
1488 2796 1647 2826 Proferatur
1661 2797 1714 2824 hoc

923 2841 1079 2876 exemplum
1089 2842 1264 2869 solummodo
1279 2842 1311 2869 ad
1328 2843 1528 2870 ostendendam
1549 2847 1716 2870 controver~

923 2885 991 2913 siam
1006 2886 1114 2914 inanem
1132 2894 1193 2914 esse
1205 2896 1212 2921 ;
1228 2894 1290 2914 cum
1304 2888 1368 2915 unio
1384 2888 1412 2916 in
1422 2887 1535 2916 CliriSto
1549 2897 1603 2916 non
1615 2887 1713 2916 eadem
