1966 3068
243 147 314 179 2959

743 149 774 180 S.
795 148 951 178 EULOGII
972 149 1149 179 ARClllEP.
1170 148 1357 179 ALEXAND.

1799 147 1865 179 2960

244 205 279 232 sit
296 212 327 233 ac
343 205 369 232 in
383 205 492 232 Triade.
510 204 560 232 llic
585 204 657 232 enim
675 204 746 232 alius
773 210 802 233 et
816 205 897 238 alius,
914 214 948 233 ne
962 206 1028 233 sub-

1082 206 1195 241 Τριάδος
1209 206 1275 242 ἔχει’
1295 207 1355 233 ἐκεῖ
1371 206 1420 242 μὲν
1432 206 1487 241 γὰρ
1505 205 1583 235 ἄλλος
1599 205 1644 232 καὶ
1662 205 1751 238 ἄλλος,
1772 205 1814 232 ἵνα
1829 205 1866 241 μὴ

244 250 384 278 sisteutias
395 250 606 282 confundamus,
627 258 683 278 non
699 251 772 278 aliud
789 257 817 279 et
840 251 930 283 aliud;
943 260 1027 278 unum

243 297 316 323 enim
342 300 370 323 et
399 297 470 323 idem
498 296 549 324 tria
567 301 631 324 sunt
656 297 684 324 in
703 297 858 324 divinitate.
877 297 905 324 ln
922 297 1030 325 Emma-

245 343 309 368 tmol
331 347 422 369 autem
451 343 524 369 aliud
554 347 597 370 cst
622 343 765 375 divinitas,
781 343 856 371 aliud
871 344 1029 372 humanitas

245 397 278 415 ue
290 389 457 416 substantias
472 389 684 417 confundamus.
706 389 766 417 Non
785 389 859 417 enim
877 389 949 417 idem
964 395 1030 417 sunt

244 439 379 460 aiternum
392 438 420 461 et
432 435 593 469 temporale,
607 435 715 462 visibile
732 440 760 462 et
785 435 943 468 invisibile;
973 440 1028 463 non

243 483 335 505 autem
347 478 450 506 dicitur
464 480 536 507 alius
547 483 575 507 et
590 480 671 511 alius,
687 488 722 507 ne
733 481 786 508 hoc
802 481 858 508 ﬁat.
874 481 935 508 Duo
953 481 1027 509 enim

246 523 347 552 unione
360 533 441 552 unam
452 533 596 560 personant
609 525 732 553 eﬁiciuut
745 530 774 553 et
790 533 872 553 unam
884 526 1028 555 characte-

245 571 364 599 risticam
382 571 600 599 subsistentiam.

431 627 472 654 Ea:
493 627 599 663 Eulogii
620 627 841 655 Defensiouibus.

280 686 317 713 Ne
333 693 398 720 ergo
413 685 522 720 negotia
538 685 619 712 nobis
634 685 828 720 prmstent,qui
844 685 914 712 nihil
931 692 1029 712 sanum

243 732 364 766 cogitare
380 732 486 763 volunt,
500 731 547 758 sed
564 731 768 758 inconsiderate
779 731 915 766 garriunt,
929 735 956 758 et
968 739 1029 758 rec-

245 782 298 804 tam
310 782 337 804 ct
355 776 625 811 irreprehensibilem
641 776 723 804 ﬁdem
741 781 871 804 excutere
892 777 1028 804 nituntur.

243 824 299 850 Nos
313 823 385 850 enim
399 831 483 850 unum
499 822 640 850 Christum
667 823 715 850 Dei
741 822 842 850 Filium
871 822 1028 855 adoramus,

245 870 271 896 in
292 877 374 896 carne
403 869 491 896 visum
507 869 551 896 his
563 869 609 904 qui
630 869 657 896 in
684 873 758 896 terra
785 869 907 904 degunt;
928 868 1029 896 distin-
1045 887 1066 914 Β

243 916 363 942 stionem
391 919 480 942 tamen
509 915 683 942 divinitatem
711 915 784 942 inter
798 919 825 942 et
847 922 960 941 carnem
978 915 1028 941 ad-

243 961 388 988 mittimus.
406 960 480 987 Deus
493 960 566 988 enim
581 959 702 987 Verbum
716 964 848 990 aeternus,
862 963 905 986 est
919 959 1028 986 increa-

245 1012 299 1038 tus,
323 1006 511 1040 impassibilis,
536 1010 564 1033 et
587 1013 648 1040 quae
669 1004 769 1033 decent
791 1005 914 1032 divinam
938 1005 1029 1040 perfe-

243 1053 375 1079 ctionem.
388 1051 460 1079 Caro
471 1055 564 1078 autem
580 1051 654 1078 illius
669 1059 754 1078 unum
771 1050 875 1085 aliquid
890 1058 954 1077 cum
983 1049 1029 1077 illo

243 1097 363 1125 r-tlicicns
379 1105 427 1132 per
452 1102 555 1124 arctam
573 1101 601 1124 et
627 1097 865 1124 subsistentialcm
886 1096 1029 1127 unionem,

243 1143 277 1169 de
292 1151 346 1178 qua
364 1143 543 1178 propheticus
561 1142 680 1170 Joannes
697 1143 807 1175 clamat,
834 1142 946 1170 Verbum
967 1150 1030 1168 caro

243 1191 342 1225 factum
353 1194 390 1216 est
405 1194 429 1215 ct
443 1189 569 1216 habitavit
581 1189 606 1216 in
625 1188 696 1216 nobis
707 1189 727 1221 ³,
743 1188 912 1224 temporalis,
925 1192 1028 1221 creata,

243 1236 380 1270 passibilis
410 1240 461 1263 est.
493 1235 595 1263 Omnes
628 1240 717 1263 autem
749 1235 809 1262 illas
840 1235 932 1262 carnis
964 1243 1028 1270 pro-

244 1281 376 1316 prietates
390 1281 553 1316 proﬁtemur
568 1280 654 1307 laetas
665 1287 726 1308 esse
736 1288 848 1315 quoque
866 1280 915 1307 Dei
925 1279 1008 1308 Verbi
1021 1288 1028 1312 ;

244 1333 306 1352 nam
320 1326 342 1354 si
357 1325 468 1361 propria
485 1326 544 1361 ejus
558 1333 623 1353 caro
639 1326 732 1358 fuerit,
753 1326 868 1353 evidens
883 1330 925 1353 est
937 1326 1029 1353 carnis

245 1371 427 1405 proprietates
449 1371 508 1405 ejus
534 1378 644 1406 quoque
668 1370 775 1398 futuras
803 1378 874 1398 esse.
899 1371 1029 1405 Proprias

243 1417 316 1443 enim
330 1416 381 1443 sibi
397 1417 457 1444 illas
472 1417 547 1450 facit,
567 1417 619 1444 etsi
644 1425 698 1444 non
723 1417 887 1452 subjiciatur
912 1417 965 1444 illis
987 1416 1030 1443 di.

245 1462 308 1488 vina
323 1462 382 1497 ejus
399 1467 506 1490 natura.
528 1463 639 1490 Etenim
667 1470 764 1490 omnes
789 1461 873 1490 Verbi
893 1463 942 1490 Dei
967 1469 1028 1490 esse

245 1510 306 1540 post
318 1506 535 1535 incarnationem
561 1509 654 1535 carnis
675 1508 735 1543 ejus
764 1507 960 1542 proprietates,
986 1507 1028 1534 di-

1079 254 1127 285 τὰς
1143 253 1304 285 ὑποστάσεις
1327 254 1501 289 συγχέωμεν,
1518 254 1568 280 οὐκ
1585 254 1646 281 ἄλλο
1669 253 1698 280 δὲ
1723 254 1770 280 καὶ
1786 254 1864 281 ἄλλο·

1080 299 1109 325 ἓν
1128 299 1182 335 γὰρ
1204 300 1238 326 τὰ
1258 300 1322 333 τρία
1344 301 1391 327 καὶ
1412 298 1510 327 ταύτὸν
1533 301 1566 335 τῇ
1590 300 1707 334 θεότητι·
1731 300 1760 325 ἐν
1785 299 1865 335 δὲτῷ

1087 346 1259 381 Ἐμμανουὴλ
1275 346 1339 373 ἄλλο
1357 347 1406 381 μὲν
1422 346 1528 381 θεότης,
1544 346 1607 372 ἄλλο
1628 346 1656 372 δὲ
1680 345 1866 381 ἁνθρωπότης,

1080 392 1125 418 ἵνα
1153 392 1190 427 μὴ
1218 392 1267 424 τὰς
1293 393 1388 424 οὐσίας
1413 393 1572 428 συγχέωμεν
1588 392 1638 418 ὀὐ
1655 391 1709 428 γὰρ
1732 392 1814 419 causa
1838 393 1867 419 τὸ

1080 437 1193 473 ἄχρονον
1203 437 1242 474 τῷ
1259 438 1288 465 ὲν
1302 438 1405 473 χρόνῳ,
1418 439 1464 465 καὶ
1477 438 1507 464 τὸ
1521 438 1618 473 ὁρατὸν
1635 437 1673 473 τῷ
1688 438 1805 473 ἀοράτῳ·
1819 439 1867 464 οὐκ

1080 483 1159 514 ἄλλος
1173 484 1200 510 δὲ
1215 484 1262 510 καὶ
1274 483 1362 517 ἄλλος,
1383 484 1419 520 μὴ
1433 484 1548 518 γένοιτο·
1563 484 1598 511 τὰ
1613 483 1667 520 γὰρ
1681 485 1821 519 ἀμφότερα
1834 486 1865 519 τῇ

1080 527 1175 554 ἑνώσει
1193 528 1222 553 ἓν
1239 528 1386 564 πρόσωπον
1401 528 1587 563 ἀπετελέσθη,
1605 528 1652 555 καὶ
1670 529 1735 565 μίαν
1753 528 1866 556 bsona-

1081 580 1123 599 σιν
1137 574 1400 609 χαρακτηριπικήν.
1839 570 1850 584 ⁸

1227 629 1278 656 Ἐκ
1297 627 1356 656 τῶν
1374 629 1523 664 Εὐλογίου
1544 629 1728 665 Συνηγοριῶν.

1116 686 1161 721 Μὴ
1175 686 1264 713 τοίνυν
1283 686 1434 722 πράγματα
1449 686 1516 722 ἡμῖν
1531 687 1727 721 παρεχέτωσαν
1742 686 1767 713 οἱ
1787 686 1869 722 μηδὲν

1080 731 1155 765 ὑγιὲς
1172 733 1242 758 νοεῖν
1263 731 1429 767 βουλόμενοι,
1447 732 1514 758 ἀλλὰ
1535 732 1622 766 μάτην
1643 731 1868 765 εἰκαιολογοῦντες

1080 777 1127 803 καὶ
1146 777 1195 812 τὴν
1213 776 1295 812 ὀρθὴν
1315 777 1362 804 καὶ
1383 777 1532 812 ἀμώμητον
1548 776 1663 812 [πίστιν]
1681 777 1868 813 διαταράττειν

1080 820 1296 855 ἑπιχειροῦντες’
1318 822 1398 856 ἡμεῖς
1424 821 1476 857 γὰρ
1503 821 1552 848 ἕνα
1580 822 1696 856 Χριστὸν
1719 822 1782 848 Υἱδν
1801 821 1869 848 Θεοῦ

1081 866 1287 901 προσκυνοῦμεν
1302 867 1384 902 σαρκὶ
1397 867 1514 901 ὀφθέντα
1528 868 1584 900 τοῖς
1600 868 1647 894 ἐπὶ
1663 868 1725 903 γῆς’
1738 867 1871 904 διαφορὰν

1082 909 1173 944 μέντοι
1198 911 1245 946 τῆς
1268 911 1394 946 Θεότητος
1417 913 1485 947 πρὸς
1505 913 1553 947 τὴν
1578 913 1666 949 σάρκα
1685 913 1868 947 γινώσκομεν·

1080 957 1128 983 καὶ
1145 956 1199 992 γὰρ
1215 958 1230 983 ό
1246 957 1313 989 Θεὸς
1339 958 1425 992 Λόγος
1446 957 1568 994 ἄχρονος,
1593 959 1727 991 ἄκτιστος,
1751 959 1869 994 ἀπαθὴς,

1080 1003 1127 1029 καὶ
1155 1003 1205 1030 ὅσα
1230 1004 1330 1039 πρέπει
1356 1005 1388 1040 τῇ
1412 1004 1474 1039 θείᾳ
1499 1005 1692 1042 μεγαλωσύνη·
1715 1007 1732 1040 ἡ
1754 1005 1783 1032 δὲ
1804 1007 1871 1042 σὰρξ

1079 1047 1161 1074 αὑτοῦ
1182 1048 1211 1074 ἓν
1232 1057 1257 1075 τι
1279 1050 1439 1085 ὑπάρχουσα
1456 1050 1524 1084 πρὸς
1539 1051 1620 1077 αὑτὸν
1645 1051 1690 1078 διὰ
1715 1051 1764 1086 τὴν
1783 1052 1871 1087 ἄκραν

1081 1094 1130 1121 καὶ
1157 1095 1336 1122 ὲνυπόστοιτον
1364 1096 1476 1129 ἕνωσιν,
1503 1097 1537 1124 δι’
1560 1098 1592 1132 ἣν
1617 1097 1663 1124 καὶ
1690 1098 1704 1124 ὁ
1729 1097 1872 1130 Θεσπέσιος

1087 1141 1211 1176 Ἰωάννης
1229 1141 1294 1176 βοᾷ·
1318 1142 1348 1168 '0
1367 1143 1459 1177 λόγος
1477 1143 1555 1177 σὰρξ
1572 1143 1690 1178 ἐγένετο
1712 1143 1760 1170 καὶ
1779 1143 1870 1176 ἐσκή-

1079 1195 1178 1213 νωσεν
1191 1187 1226 1213 ἐν
1240 1187 1322 1222 ἡμῖν,
1338 1187 1466 1224 ἐγχρονος
1483 1189 1611 1225 ὑπάρχει.
1629 1189 1736 1225 χτιστὴ,
1750 1189 1869 1223 παθητή·

1080 1232 1168 1258 πάντα
1189 1232 1218 1258 δὲ
1242 1233 1329 1260 ταῦτα
1352 1234 1400 1269 τῆς
1426 1235 1526 1270 σαρκὸς
1546 1235 1728 1270 ὁμολογοῦμεν
1747 1235 1872 1269 γενέσθαι

1078 1277 1125 1303 τοῦ
1148 1277 1215 1304 θεοῦ
1239 1278 1336 1312 Λόγου·
1361 1279 1385 1306 ει
1409 1279 1463 1315 γὰρ
1482 1280 1534 1307 ἰδία
1548 1280 1630 1307 αὐτοῦ
1653 1282 1670 1316 ἡ
1692 1280 1770 1316 σὰρξ,
1793 1281 1872 1316 δῆλον

1079 1323 1120 1349 ὅτι
1139 1323 1186 1349 καὶ
1210 1323 1244 1350 τὰ
1263 1324 1312 1358 τῆς
1335 1325 1436 1357 σαρκὸς
1457 1325 1545 1352 πάντα
1568 1325 1649 1352 αὐτοῦ
1668 1325 1753 1352 ἔσται·
1771 1327 1872 1353 οἰκειο-

1079 1370 1196 1396 ποιεῖται
1210 1369 1264 1405 γὰρ
1276 1370 1357 1404 αὐτὰ,
1371 1371 1394 1397 εἰ
1409 1371 1456 1397 καὶ
1468 1371 1506 1406 μὴ
1522 1371 1650 1398 ὑπέκειτο
1660 1371 1766 1403 τούτοις
1782 1372 1800 1407 ἡ
1813 1371 1873 1398 θεία

1078 1413 1161 1441 αὑτοῦ
1190 1414 1285 1449 φύσις·
1298 1416 1339 1442 ὅτι
1355 1416 1409 1451 γὰρ
1429 1417 1518 1443 πάντα
1541 1416 1590 1443 τοῦ
1606 1416 1674 1443 Θεοῦ
1701 1417 1791 1451 Λόγου
1811 1418 1874 1444 ἐστὶ

1080 1460 1148 1494 μετὰ
1171 1459 1219 1495 τὴν
1242 1460 1447 1497 ἐνανθρώπησιν
1474 1462 1508 1489 τὰ
1531 1462 1582 1497 τῆς
1609 1462 1710 1498 σαρκὸς
1732 1462 1832 1496 αὐτοῦ,
1856 1464 1873 1495 ή

1079 1503 1138 1531 θεία
1160 1505 1255 1540 Γραφὴ
1269 1506 1341 1541 ἡμᾶς
1365 1506 1495 1534 παιδεύει·
1512 1507 1579 1542 φησὶ
1595 1508 1666 1543 γὰρ.
1687 1507 1876 1542 Ἑωράκαμεν

245 1551 308 1578 \ina
324 1551 465 1586 Scriptura
481 1560 530 1581 nos
549 1553 640 1586 docet,
658 1553 725 1580 dicit
739 1553 832 1581 enlm:
849 1552 966 1580 Vidimus
978 1553 1029 1580 Do-

1082 1549 1137 1576 τὸν
1151 1550 1270 1584 Κύριον,
1285 1551 1315 1577 τὸ
1331 1551 1534 1586 συναμφότερον
1545 1552 1672 1586 λέγουσα·
1687 1554 1702 1579 ὁ
1712 1553 1766 1589 γὰρ
1784 1554 1874 1589 ἑωρα-

246 1596 358 1630 minum,
371 1602 518 1633 utrumque
530 1598 698 1634 signiﬁcans.
717 1597 768 1632 Qui
795 1598 868 1626 enim
886 1599 953 1626 vidit
970 1606 1028 1626 car-

246 1650 308 1669 nem
322 1642 435 1675 Christi,
447 1648 534 1671 totum
547 1644 629 1677 vidit,
645 1644 697 1672 etsi
719 1644 866 1672 invisibilis
883 1649 981 1672 natura
994 1644 1031 1671 sit

245 1688 390 1721 divinitas;
401 1693 429 1715 et
440 1689 538 1716 iterum
551 1698 557 1716 :
567 1689 708 1718 Dominum
719 1689 810 1726 gloria
820 1699 872 1718 non
884 1689 1032 1719 cruciﬁxi:-

245 1738 302 1762 sent
318 1735 338 1766 δ,
351 1735 443 1762 divina
455 1743 552 1770 nempe
567 1740 665 1763 natura
696 1736 742 1764 illo
757 1744 811 1764 non
828 1737 959 1771 patiente,
983 1736 1030 1764 sed

247 1780 358 1815 propria
391 1788 483 1808 carne.
508 1781 645 1809 Docemur
671 1790 736 1817 ergo
762 1783 807 1809 his
830 1783 959 1810 omnibus
982 1782 1031 1810 Dei

248 1826 330 1853 Verbi
348 1827 482 1855 incarnati
499 1826 586 1854 fuisse
603 1832 633 1857 et
644 1827 753 1855 divinas
766 1832 794 1855 et
813 1828 948 1856 humanas
965 1836 1030 1863 pro-

247 1871 379 1907 prietates
391 1881 397 1905 ;
410 1871 458 1899 sed
472 1872 500 1899 in
514 1872 557 1900 his
574 1872 675 1908 quibus
689 1873 792 1901 dicitur
811 1873 952 1901 Christum
966 1881 1027 1900 esu-

245 1918 356 1953 rivisse,
369 1918 503 1951 sitivisse,
517 1923 619 1946 tactum
639 1918 689 1946 aut'
712 1927 822 1954 passum
841 1919 936 1951 fuisse,
963 1924 1031 1954 puto

248 1962 324 1992 illum
352 1970 405 1989 non
437 1963 464 1990 in
497 1963 590 1991 divina
606 1968 704 1990 natura
729 1963 786 1990 hinc
799 1967 940 1998 expertum
958 1970 1029 1996 esse,

247 2008 295 2038 sed
313 2008 340 2038 in
368 2016 449 2038 carne
473 2017 554 2044 quam
583 2014 747 2048 sumpserat,
765 2013 792 2037 et
816 2017 865 2044 per
890 2016 972 2043 quam
1002 2013 1031 2035 ut

246 2052 329 2084 homo
343 2057 524 2081 conversatus
531 2057 582 2082 est.

1082 1595 1138 1627 κὼς
1152 1596 1201 1631 τὴν
1220 1595 1307 1630 σάρκα
1325 1597 1371 1623 τοῦ
1388 1598 1516 1633 Χριστοῦ,
1535 1598 1595 1625 ὅλον
1614 1598 1761 1631 ἐθεάσατο,
1777 1601 1801 1626 ει
1825 1602 1874 1628 καὶ

1083 1641 1196 1673 ἀθέατος
1212 1643 1241 1668 τὸ
1257 1643 1324 1669 κατὰ
1336 1643 1416 1677 φύσιν
1431 1645 1447 1678 ἡ
1463 1643 1557 1679 θεότης
1569 1645 1702 1680 ὑπῆρχεν*
1717 1646 1765 1673 καὶ
1779 1647 1874 1680 πάλιν,

1086 1687 1146 1714 οὐκ
1163 1687 1201 1714 ἂν
1218 1688 1271 1715 τόν
1284 1689 1393 1723 Κύριον
1411 1689 1466 1724 τῆς
1477 1689 1569 1724 δόξης
1582 1690 1779 1725 ἐσταύρωσαν
1789 1700 1797 1708 ·
1811 1693 1876 1721 καί·

1084 1741 1125 1759 τοι
1149 1735 1182 1769 τῇ
1207 1734 1267 1770 θείᾳ
1300 1734 1380 1769 φύσει
1403 1735 1484 1762 αὐτοῦ
1511 1735 1549 1772 μὴ
1573 1736 1720 1770 παθόντος,
1747 1737 1818 1766 ἀλλὰ
1840 1739 1875 1774 τῇ

1085 1779 1173 1814 οἰκείᾳ
1189 1780 1286 1814 σαρκί·
1303 1780 1484 1816 διδασκόμεθα
1503 1780 1550 1808 οὖν
1569 1782 1599 1808 ὲν
1617 1782 1684 1810 πᾶσι
1701 1782 1817 1815 τούτοις,
1834 1784 1876 1810 ὅτι

1084 1824 1130 1851 τοῦ
1145 1825 1211 1852 Θεοῦ
1226 1826 1310 1860 Λόγου
1329 1827 1514 1860 σαρκωθέντος
1528 1825 1562 1863 ἦν
1576 1827 1610 1855 τά
1621 1835 1651 1855 τε
1668 1828 1808 1865 θεοπρεπῆ
1826 1831 1876 1858 καὶ

1083 1869 1117 1895 τὰ
1130 1870 1296 1906 ἀνθρώπινα·
1315 1871 1372 1898 ἀλλ’
1391 1872 1420 1898 ὲν
1438 1870 1478 1903 οἷς
1499 1881 1580 1907 φησιν
1602 1873 1642 1900 ὅτι
1664 1873 1810 1909 ἐπείνησεν
1828 1876 1878 1902 καῖ

1084 1915 1208 1950 ὲδὶψησεν
1224 1916 1240 1952 ἢ
1257 1916 1417 1953 eximiae-[191;
1437 1918 1453 1953 ἧ
1468 1918 1561 1954 ὼράθη
1574 1939 1581 1951 ,
1599 1919 1650 1946 νοῶ
1663 1920 1704 1946 ὃτι
1717 1920 1748 1947 οὐ
1764 1923 1799 1956 τῇ
1814 1921 1875 1958 Θείᾳ

1082 1962 1163 1994 φύσει
1175 1962 1258 1988 ταῦτα
1273 1963 1415 1996 πέπονθεν,
1429 1964 1497 1990 ἀλλὰ
1508 1966 1540 1999 τῇ
1555 1965 1759 2002 προσληφθεὶσῃ
1777 1967 1873 2002 σαρκὶ,

1082 2007 1143 2034 καθ’
1161 2007 1194 2042 ἣν
1210 2008 1350 2043 ἄνθρωπος
1365 2009 1549 2044 ἐχρημάτισεν
1563 2009 1612 2046 (ί).

432 2143 460 2171 S.
478 2143 583 2180 Eulogii
596 2145 754 2180 patriarcha
765 2144 951 2176 Alexandrini,
967 2151 998 2170 ex
1017 2142 1061 2170 lib.
1076 2151 1115 2175 ιιι,
1127 2142 1259 2170 Adversus
1272 2143 1446 2170 Novatianos.
1461 2132 1541 2171 ΡΙιοιξ
1553 2143 1617 2172 Cod.
1630 2145 1692 2173 9.80.

545 2223 576 2251 F.
595 2223 741 2251 FRANCISCO
757 2223 898 2251 COMBEFIS.
915 2223 1074 2257 interprete.
1089 2222 1212 2250 Bibliolh.
1225 2222 1377 2250 Concionat.
1391 2226 1411 2250 t.
1431 2222 1463 2256 V,
1476 2230 1504 2257 p.
1526 2222 1586 2250 127.

282 2302 358 2334 Quod
373 2302 410 2329 ait
426 2301 580 2337 Apostolus,
598 2302 751 2330 Voluntarie
766 2303 932 2337 peccantibus
957 2302 1030 2328 nobis

248 2352 304 2383 post
324 2351 458 2382 acceptam
476 2348 598 2374 notitiam
610 2348 735 2377 ueritatis.
741 2348 800 2383 jam
809 2355 860 2374 non
872 2346 1030 2376 relinquitur

247 2401 295 2429 pro
309 2398 413 2428 peccato
427 2393 542 2425 hostia”,
556 2401 611 2420 non
621 2400 655 2420 eo
665 2396 771 2428 spectat
789 2397 916 2427 tanquam
928 2392 1033 2419 sacriﬁ-

247 2441 319 2466 cium
340 2439 453 2466 omnino
465 2439 603 2466 sublatum
619 2438 706 2466 velit:
725 2438 773 2466 sed
797 2438 863 2465 illud
885 2437 1029 2470 duntaxat,

248 2486 322 2521 quod
339 2486 407 2520 legis
422 2486 477 2512 ritu
493 2485 644 2520 peragitur.
664 2484 722 2512 Nec
740 2484 821 2511 modo
851 2484 877 2511 id
892 2491 978 2519 genus
989 2492 1033 2511 sa-

247 2532 344 2558 criﬁcii
362 2535 446 2563 vetat,
465 2531 512 2558 sed
527 2535 555 2557 et
566 2537 725 2565 supremum
738 2530 872 2564 judicium
888 2530 922 2556 iis
950 2529 1034 2556 inter-

248 2577 378 2607 minatur,
395 2577 442 2611 qui
460 2580 519 2610 post
535 2575 654 2610 agnitam
667 2574 824 2605 veritatem,
846 2582 879 2601 ac
889 2581 950 2601 cum
976 2581 1033 2609 my-

246 2623 346 2652 sticum
359 2622 524 2648 sacriﬁciqu
541 2621 614 2649 nacti
628 2621 695 2652 sint,
711 2620 745 2647 ad
762 2620 859 2655 legale,
871 2619 944 2654 quod
973 2625 1033 2647 tan-

248 2674 340 2696 torum
357 2676 388 2696 ac
402 2668 539 2694 hircorum
553 2666 740 2694 immolatione
765 2670 921 2701 praestatur,
949 2665 1032 2692 sacri-

284 2759 381 2786 ‘Joan.
399 2768 416 2790 ι,
435 2759 477 2785 Η.
515 2758 547 2784 ιι
574 2757 636 2785 Cor.
649 2765 677 2789 ιι,
703 2757 730 2784 8.
770 2757 780 2772 ⁸
797 2756 880 2783 [ἰθὺν.
897 2763 922 2787 x,
940 2755 983 2782 26.

1086 2300 1178 2327 ﬁcium
1194 2300 1322 2328 redeunt.
1335 2301 1454 2336 Haecque
1465 2301 1533 2329 adeo
1550 2301 1652 2328 Paulus
1662 2308 1695 2329 eo
1710 2302 1807 2329 animo
1839 2303 1881 2330 lo-

1085 2345 1190 2380 quitur,
1207 2350 1237 2372 ut
1249 2345 1371 2378 Iudaeos,
1383 2347 1432 2380 qui
1448 2346 1492 2373 ‘ad
1509 2345 1651 2373 Christum
1676 2345 1732 2380 jam
1749 2354 1882 2374 accesse-

1085 2394 1148 2417 rant
1161 2395 1270 2418 revocet
1294 2391 1328 2418 ab
1343 2391 1537 2418 observatione
1562 2391 1701 2426 legalium.
1731 2391 1878 2424 Quemad—

1086 2435 1197 2462 modum
1210 2436 1293 2471 igitur
1304 2437 1438 2471 legalibus
1449 2437 1634 2471 baptismatis,
1649 2436 1690 2463 sic
1704 2440 1732 2463 et
1747 2438 1883 2465 cruentis

1086 2481 1242 2512 sacriﬁciis.
1259 2482 1294 2510 iis
1317 2482 1468 2509 interdicit.
1479 2482 1566 2510 Judzei
1582 2489 1701 2516 namque
1720 2489 1794 2516 quos
1811 2490 1883 2517 pec-

1086 2526 1140 2553 cati
1167 2531 1261 2554 reatus
1288 2527 1465 2562 astringeret.
1498 2528 1619 2561 primum
1642 2526 1755 2561 quidem
1781 2528 1885 2563 expia-

1086 2573 1198 2604 bantur,
1213 2577 1326 2608 tumque
1341 2581 1411 2608 aqua
1441 2573 1625 2600 abluebantur
1640 2580 1681 2612 ac_
1700 2572 1885 2607 intingeban-

1087 2623 1150 2651 tur;
1167 2626 1200 2646 ac
1213 2623 1352 2653 postremo
1365 2620 1421 2653 jam
1428 2619 1554 2646 cruentis
1573 2618 1670 2645 hostiis
1695 2617 1855 2650 iaciebant,
1869 2626 1884 2644 ι

1087 2665 1189 2700 quibus
1203 2672 1251 2692 eos
1279 2672 1397 2692 avocans
1421 2665 1578 2696 Anostolus,
1602 2663 1744 2692 terribiles
1763 2672 1883 2700 quoque

285 2825 322 2860 (ty
340 2825 532 2858 Sequebantur
546 2825 572 2851 in
590 2825 685 2851 codice
703 2823 814 2858 plurimi
835 2822 1031 2850 Pisidie'iambi
1054 2822 1185 2850 adversus
1213 2823 1355 2855 Severum,
1379 2829 1448 2856 quos
1460 2829 1510 2857 ego
1524 2829 1599 2849 more
1619 2828 1681 2849 meo
1692 2821 1884 2860 pratermisi,

237 2858 312 2895 'quia
325 2863 416 2886 extant
432 2860 459 2886 in
471 2859 650 2887 editionibus.
