1966 3068
135 145 199 176 ⁸2961

717 145 943 178 FRAGMENTA
965 148 1190 178 DOGMATICA.

1685 145 1757 178 2982

135 201 338 236 minasadiicit.
355 201 461 237 Quippe
475 203 619 237 oportebat
634 209 701 229 vera
712 202 797 229 semel
826 202 917 229 hostia
933 205 954 232 A
970 203 1087 237 ﬁcandos
1098 204 1118 230 ⁸.
1134 203 1220 236 Quem
1239 202 1322 238 igitur
1333 201 1372 229 ad'
1383 202 1493 229 modum
1519 201 1688 236 impossibile
1715 202 1759 229 di-

135 247 168 275 ἰει
189 248 427 276 consummatione
456 249 549 276 saeculi
581 256 632 284 pro
664 249 784 283 peccatis
827 248 921 276 oblata

136 295 223 329 (Agno
236 293 344 322 scilicet
358 294 407 322 Dei
422 295 469 329 qui
495 295 566 322 tollit
582 301 724 330 peccatum
740 294 846 328 mundi,
870 295 922 322 im-

135 339 248 374 molato)
270 347 325 366 non
349 341 467 375 amplius
491 345 609 373 restare,
633 341 681 368 sed
696 349 803 369 cessare
817 340 924 376 oﬁ'erri,

136 384 235 410 multas
257 383 316 411 illas
337 384 437 419 legales
469 393 501 412 ac
524 386 628 420 typicas
650 385 755 413 hostias
781 394 831 420 pro
860 394 925 421 pec-

136 427 214 454 catis.
242 427 324 455 Teste
354 429 427 456 enim
451 430 547 457 eodem
574 430 722 465 Apostolo,
752 431 924 466 impossibile

136 477 188 506 est,
206 474 282 508 Agno
297 474 345 501 Dei
360 476 445 502 semel
455 476 603 508 immolato,
620 477 677 504 tolli
703 480 800 504 rurSus
813 480 924 512 peccata

139 524 279 546 taurorum
307 520 439 556 sanguine
465 529 496 549 ac
524 522 677 549 hircorum.
712 523 770 550 Una
789 523 924 554 enim,in—

137 565 198 599 quit
209 585 218 598 ,
230 565 371 600 oblatione,
386 568 575 594 consummavit
604 569 631 595 in
646 572 799 603 perpetuum
825 568 923 595 sancti-

975 247 1015 274 xit
1041 247 1174 282 sanguine
1199 251 1339 274 taurorqu
1381 251 1462 281 atque
1488 246 1628 274 hircorum
1656 246 1758 274 auferri

977 297 1100 328 peceata,
1118 293 1151 319 ad
1160 292 1287 320 eumdem
1301 297 1330 320 et
1342 293 1485 327 sequentia
1500 293 1566 320 dicit
1580 300 1589 319 ι
1607 292 1760 319 Voluntaria

978 339 1145 374 peccantibus
1156 338 1262 371 nobis",
1291 341 1346 365 etc.
1380 338 1446 365 Nam
1463 342 1491 365 et
1513 337 1586 373 quod
1604 338 1683 365 nobis
1710 341 1761 364 tre-

979 384 1110 412 mendum
1122 383 1257 411 Dominici
1271 383 1398 418 corporis
1412 383 1576 411 sacriﬁcium
1593 383 1692 418 agitur,
1706 390 1760 409 nun

976 431 1147 465 aliarumque
1163 429 1316 456 hostiarum
1330 429 1434 456 oblatio
1462 433 1514 461 est,
1528 429 1575 456 sed
1600 430 1659 464 ejus
1687 435 1760 455 com-

976 476 1139 504 memoratio
1152 483 1214 510 quae
1228 475 1312 502 semel
1344 474 1434 502 oblata
1449 479 1500 501 est.
1525 474 1580 501 Hoc
1606 474 1695 509 facile.
1716 473 1758 500 in,

976 523 1047 557 quit,
1059 522 1086 548 in
1102 529 1188 548 meam
1205 520 1508 547 commemorationem“.
1520 520 1571 546 Et:
1591 519 1759 552 Quotiescun—

976 574 1026 602 que
1041 566 1162 601 Iacimus,
1175 569 1284 592 mortem
1303 564 1408 591 Domini
1424 564 1642 590 annuntiamus'.

138 634 284 669 Εὑλογίου
299 633 383 675 migra
402 635 792 675 ‘Agefafagelutémmrela
813 639 855 670 εἰς
875 637 918 671 τὸ,
939 635 958 663 Β
978 636 1084 671 Eulogii
1106 643 1192 675 paptg.
1206 634 1382 675 Alexandrini
1400 633 1605 675 commentarius
1624 633 1652 660 in
1667 633 1754 660 illud:

303 678 311 694 ι
326 669 421 703 Σίμων
439 670 532 703 Ἰωνᾶ,
545 669 669 705 ἀγαπᾷς
676 669 732 705 jle;
750 682 758 698 ι

1164 670 1254 697 Simon
1270 669 1391 701 Ιοαηηίδ,
1413 677 1488 696 amas
1507 677 1547 695 me
1563 668 1576 694 .7

682 743 750 778 Aug.
767 743 818 770 Μιιι
834 743 920 771 Clusa.
936 742 1011 770 Auct.
1029 745 1048 768 t.
1067 741 1101 774 Χ,
1114 749 1142 776 p.
1160 740 1222 768 483.

174 815 235 841 Ὅτι
262 815 372 850 ὲρωτῶν
396 817 410 843 ό
440 815 670 853 Κύριος[εἷπε]τῷ
693 818 806 852 Πέτρῳ·
826 817 924 851 Σίμων

144 859 238 893 Ἰωνᾶ,
264 860 382 896 ἀγαπᾷς
404 870 442 896 με
461 863 557 890 πλέον
575 864 712 896 τούτων;,
729 864 779 890 οὐκ
805 864 888 895 αὐτὸς
910 865 924 890 ὁ

137 905 226 932 πάντα
240 906 329 938 εἰδὼς,
345 906 429 933 θέλων
439 907 535 942 μαθεῖν
552 908 692 944 ἐπηρώτα,
706 909 763 936 ἀλλ’
775 909 924 944 ἐπεὶὲμελ-

137 952 182 978 λεν
195 952 269 987 αὺτῷ
280 946 315 980 ’τὸ
333 953 457 988 ποίμνιον
474 954 695 988 καταπιστεύειν,
709 955 753 982 ἵνα
768 955 842 990 δείξῃ
856 957 923 991 ὅσην

137 997 194 1032 ἔχει
214 998 341 1034 πρόνοιαν
355 999 401 1026 τοῦ
419 1000 555 1035 ποιμνίου,
573 1000 652 1027 τοῦτο
673 1002 761 1027 ποιεῖ·
781 1003 795 1029 ό
811 1001 865 1037 γὰρ
879 1002 924 1028 τὸν

137 1042 239 1078 φίλτρῳ
252 1043 342 1078 πολλῷ
353 1044 419 1079 πρὸς
437 1044 484 1071 τὸν
498 1045 636 1080 Δεσπότην
652 1046 841 1081 ἀναπτόμενον
874 1048 923 1082 ἐφ-

138 1089 220 1116 ιστῶν
242 1090 282 1126 τῷ
298 1091 426 1126 ποιμνίῳ,
447 1091 498 1127 τὴν
514 1092 580 1127 ὅσην
594 1093 658 1127 περὶ
682 1093 717 1119 τὰ
732 1093 854 1128 πρόϐατα
868 1093 925 1121 διὰ-

137 1134 212 1162 θεσιν
221 1135 384 1171 παρίστησιν
404 1137 597 1172 ἀναμφιϐόλως
606 1145 613 1152 ’
623 1137 667 1164 διὰ
675 1137 725 1172 τὴν
738 1138 823 1173 αὐτὴν
833 1139 923 1166 αίτίαν

136 1181 185 1208 καὶ
197 1182 288 1217 τρίτον
306 1182 406 1219 ἐρωτᾷ,
426 1184 475 1219 τὴν
490 1184 592 1220 πολλὴν
605 1185 716 1220 περὶτὰ
742 1186 839 1220 λογικὰ
856 1187 925 1222 πρό-

136 1226 206 1254 ϐατα
219 1228 377 1264 ἐπιμέλειαν
392 1229 596 1264 ἐνδεικνύμενος
607 1238 614 1246 ·
631 1230 689 1266 ἅμα
699 1231 727 1257 δὲ
743 1231 846 1267 βαθμόν
859 1241 921 1258 τινα

136 1273 190 1300 τῶν
200 1274 418 1309 ποιμαινομένων
428 1276 553 1308 διέξεισιν
562 1283 570 1292 '
581 1277 661 1311 ἀρνία
675 1277 806 1313 πρότερον
816 1278 924 1313 βόσκειν

139 1318 365 1354 ἐγκελευόμενος⁶
380 1318 439 1347 εἶτα
455 1321 602 1356 προϐάτια,
617 1321 635 1349 ἃ.
653 1323 777 1357 πρόὸατα
793 1323 867 1356 ὄντα,
881 1323 926 1351 διά

135 1372 196 1390 τινα
211 1365 369 1399 πταίσματα
400 1367 676 1402 κατασμικρυνοέντα
690 1368 739 1403 τῆς
761 1369 862 1404 ἀρετῆς
877 1369 925 1396 καὶ

135 1409 185 1442 τῆς
198 1409 377 1443 τελειότητος,
391 1410 432 1442 εις
448 1411 584 1446 προῦάτια
609 1413 833 1448 ἀνθυπέστρεψεν
844 1422 851 1429 ·
874 1415 922 1441 καὶ

1010 815 1077 842 Cum
1108 814 1293 849 interrogaret
1333 813 1446 841 Petrum
1484 814 1627 845 Dominus,
1670 813 1758 840 Simon

974 861 1101 892 Joannes,
1115 860 1255 894 inquiens,
1273 859 1360 895 diligis
1374 868 1414 886 me
1428 859 1486 895 plus
1505 859 1595 886 Ιιίδ,¹⁰ἳ
1613 868 1678 886 n0n~
1698 860 1760 886 ideo

977 906 1162 942 interrogabat
1174 905 1219 933 ille
1234 905 1282 940 qui
1295 905 1387 932 omnia
1401 906 1487 938 novit,
1507 910 1536 933 ut
1551 906 1687 938 disceret;
1712 914 1760 932 ve-

975 960 1036 979 rum
1049 952 1102 979 hoc
1128 952 1226 987 agebat
1240 956 1276 979 ut
1296 951 1455 979 ostenderet
1474 957 1603 986 quantum
1626 952 1659 979 de
1680 960 1760 987 grege

975 1006 1056 1033 quem
1070 999 1151 1026 Petro
1162 999 1360 1026 commissurus
1382 1002 1451 1030 erat,
1474 1003 1582 1033 gereret
1600 998 1761 1025 sollicitudi-

975 1051 1053 1071 nem:
1072 1043 1138 1070 dum
1164 1043 1237 1070 enim
1249 1043 1402 1078 eumgregi
1420 1044 1573 1078 praeﬁceret
1602 1044 1649 1078 qui
1675 1044 1760 1070 maxi—

975 1098 1020 1117 mo
1035 1091 1062 1117 in
1075 1090 1221 1117 Dominum
1232 1090 1468 1122 amoreardebat,
1487 1090 1593 1125 proprii
1609 1098 1672 1125 erga
1695 1098 1760 1117 oves

974 1144 1039 1164 suas
1066 1136 1181 1164 allectus
1192 1136 1394 1163 vehementiam
1424 1136 1568 1163 evidenter
1590 1136 1758 1164 declarabat.

974 1181 1091 1217 Propter
1105 1182 1229 1210 eamdem
1245 1190 1354 1210 causam
1375 1186 1416 1209 ter
1429 1182 1590 1218 interrogat,
1609 1190 1709 1217 nempe
1730 1187 1761 1209 ut

975 1228 1132 1261 maximam,
1148 1235 1228 1263 quam
1248 1228 1332 1255 habet
1355 1227 1529 1255 rationalium
1545 1228 1636 1255 ovium
1652 1236 1758 1260 curam.

977 1274 1154 1307 manilestet;
1169 1281 1265 1301 verum
1281 1273 1364 1301 etiam
1382 1274 1410 1300 in
1424 1274 1510 1309 prima
1535 1274 1580 1301 illa
1604 1274 1758 1309 interroga-

976 1319 1160 1355 tionegradus
1180 1319 1313 1354 quosdam
1337 1326 1432 1346 eorum
1452 1320 1499 1354 qui
1525 1324 1686 1354 pascuntur,
1713 1320 1761 1348 dc-

977 1364 1095 1392 scribit:
1123 1372 1208 1400 agnos
1229 1364 1365 1400 siquidem
1386 1372 1500 1400 pascere
1521 1366 1643 1400 primum
1660 1365 1757 1401 jubet;

978 1410 1081 1438 deinde
1096 1410 1229 1443 oviculas,
1244 1418 1316 1446 quae,
1331 1418 1394 1438 cum
1406 1418 1471 1438 oves
1489 1411 1566 1446 prius
1577 1411 1758 1443 exstitissent.

135 1451 228 1479 λοιπὸν
244 1453 274 1480 τὸ
284 1454 376 1489 τρίτον
391 1454 426 1481 τὰ
437 1455 527 1481 τέλεια
547 1456 673 1491 ἐπιφέρει
697 1457 822 1492 πρόϐατα
834 1465 840 1472 '
871 1458 921 1492 ἀρ-

976 1460 1070 1491 postea
1082 1465 1131 1491 per
1147 1457 1240 1491 lapsus
1251 1456 1383 1491 quosdam
1406 1457 1509 1485 virtute
1539 1462 1566 1485 et
1587 1457 1759 1492 perfectione

137 1498 203 1529 νίοις
217 1499 282 1532 γοῦν
298 1500 453 1532 εἰκάζονται
468 1502 495 1527 οε
508 1501 551 1528 έτιη
562 1502 697 1536 γάλακτος
719 1503 766 1529 καὶ
781 1503 921 1539 στοιχειώ-

136 1543 197 1575 δους
210 1544 384 1577 διδασκαλίας
396 1546 533 1582 δεόμενον
549 1547 707 1583 προσατίοις
723 1548 751 1576 δὲ
767 1549 791 1575 ot
803 1549 849 1576 διά
860 1558 922 1578 τινα

137 1591 347 1626 παραπτώματα
364 1593 649 1628 κατασμικρυνθέντες
662 1595 711 1628 τῆς
733 1594 920 1630 τελειότητος-⁸

137 1635 283 1671 προϐάτοις
300 1637 329 1663 δὲ
339 1638 363 1663 οἱ
375 1638 415 1669 είς
426 1637 456 1664 τὸ
466 1639 568 1665 τέλειον
581 1639 783 1675 ἀναὸεϐηκότες
808 1641 856 1667 καὶ
871 1641 922 1676 τῆς

137 1681 256 1714 πίστεως
282 1683 330 1709 καὶ
344 1683 398 1709 τῶν
414 1682 539 1718 πράξεων
550 1692 557 1699 ·
573 1685 621 1711 καὶ
647 1685 743 1711 σκόπει
758 1686 834 1717 ὅπως
851 1695 920 1722 προ-

137 1726 274 1754 τάττει-τὰ
289 1727 371 1763 ἀτελῆ
385 1728 438 1755 τῶν
450 1728 559 1756 τελείων
571 1736 578 1745 ·
593 1729 798 1765 προηγούμενος
811 1730 865 1766 γὰρ
881 1730 921 1766 τῷ

134 1774 260 1813 ρεσπότῃ
277 1774 376 1806 σκοπὸς
390 1776 406 1809 ἡ
418 1774 472 1801 τῶν
487 1775 656 1810 ἁμαρτωλῶν
673 1776 804 1812 σωτηρία,
816 1777 857 1804 Οὐ
868 1776 922 1812 γὰρ

135 1817 240 1854 ἦλθον.
251 1821 328 1855 φησι,
344 1821 471 1847 καλέσαι
483 1820 627 1856 δικαίους,
636 1822 716 1849 ἀλλὰ
728 1823 922 1857 ἁμαρτωλοὺς

136 1867 175 1898 είς
185 1865 356 1900 μετάνοιαν.

554 1934 568 1944 ο

138 1977 194 2004 Τοῦ
222 1977 257 2005 ἐν
273 1978 367 2013 ἁγίοις
383 1980 530 2014 Εὐλογίου
550 1980 778 2014 Ἀτλεξανδρείίις
811 1982 853 2014 είς
871 1981 915 2013 τὸ,

324 2023 333 2039 ι
351 2014 461 2048 Ζεῦγος
472 2014 531 2042 τῶν
540 2016 702 2050 τρυγόνων.
723 2025 732 2041 ι

975 1502 1136 1534 deminutae,
1154 1503 1181 1529 in
1196 1502 1368 1530 ovicularum
1396 1502 1522 1530 ordinem
1554 1506 1758 1535 retrocesscre;

976 1553 1034 1576 tum
1046 1548 1157 1577 demum
1177 1556 1243 1578 oves
1274 1549 1410 1585 periectas
1433 1549 1551 1577 inducit.
1577 1550 1660 1585 Agnis
1678 1557 1760 1584 porro

975 1595 1160 1622 assimilantur
1181 1595 1229 1629 qui
1252 1596 1323 1623 lacte
1347 1595 1438 1622 adhuc
1463 1600 1491 1623 et
1516 1595 1677 1623 elementari
1712 1595 1761 1622 do-

975 1640 1064 1667 ctrina
1080 1640 1218 1675 indigent;
1239 1641 1357 1667 oviculis
1371 1641 1418 1675 qui
1437 1649 1486 1675 per
1501 1640 1624 1675 quaedam
1644 1640 1756 1670 delicta.

975 1684 1145 1719 perfectione
1161 1684 1296 1712 deminuti
1309 1690 1374 1713 sunt
1387 1694 1394 1719 ;
1407 1685 1515 1716 ovibus.
1539 1684 1586 1719 qui
1607 1684 1642 1711 ad
1659 1684 1721 1711 ﬁdei
1734 1689 1761 1710 rt

976 1730 1039 1757 vitae
1049 1730 1245 1765 perfectionem
1276 1731 1506 1758 conscenderunt.
1534 1730 1601 1757 Vide
1626 1735 1758 1765 pra'lcrcn

977 1776 1115 1811 quomodo
1138 1777 1301 1812 imperfecta
1327 1776 1457 1812 perfectis
1479 1780 1639 1812 przeponat:
1661 1774 1759 1810 praeci-

976 1830 1049 1858 puus
1077 1822 1207 1850 videlicet
1237 1823 1344 1851 Domini
1372 1830 1472 1857 scopus
1502 1822 1555 1849 luit
1585 1826 1759 1856 peccatorqu

976 1870 1068 1897 salus:
1085 1869 1143 1896 Non
1159 1870 1217 1896 veni
1241 1869 1326 1901 enim,
1343 1869 1442 1904 inquit,
1471 1877 1564 1896 vocare
1585 1870 1681 1904 justus,
1712 1868 1764 1894 sell-

977 1921 1124 1950 peccatores
1139 1915 1173 1941 ad
1192 1915 1377 1950 pwnitentiam
1387 1915 1418 1942 “.

1041 1983 1134 2010 Sancti
1152 1983 1256 2019 Eulogii
1271 1982 1446 2011 Alexandrini
1460 1983 1487 2010 in
1501 1982 1567 2009 illud
1582 1990 1590 2009 :
1612 1981 1688 2008 iPar

1286 2023 1431 2045 turturum.
1446 2027 1455 2043 ι

678 2105 747 2142 Ang.
760 2105 810 2133 MAI
829 2105 915 2133 Class.
931 2105 1008 2134 Auct.
1024 2111 1043 2133 t.
1061 2106 1095 2138 Χ,
1113 2114 1140 2141 p.
1156 2107 1218 2133 495.

171 2186 279 2214 Πολλῶν
307 2187 391 2214 ὄντων
413 2187 501 2221 ζώων,
523 2188 541 2216 ἃ.
555 2190 585 2215 ὲν
596 2190 629 2224 τῇ
643 2189 696 2215 τῶν
713 2189 842 2224 καθαρῶν
857 2189 919 2216 ἐτά-

1007 2187 1075 2215 Cum
1091 2188 1210 2222 plurima
1228 2192 1320 2215 essent
1335 2189 1461 2215 animalia
1490 2196 1550 2224 qua:
1572 2188 1597 2215 in
1625 2197 1755 2223 purorum

134 2234 184 2269 χθη
201 2234 301 2269 μερίδι,
313 2234 358 2261 διὰ
378 2235 404 2260 τί
429 2234 510 2261 πέντε
526 2235 593 2270 μόνα
605 2235 779 2267 ἐουσιάζοντο
795 2237 852 2267 τοῖς
866 2244 920 2262 πα-

134 2280 229 2311 λαιοῖς,
257 2280 369 2314 τράγος,
386 2281 433 2307 καὶ
451 2281 537 2316 κριὸς,
564 2281 610 2307 καὶ¹
639 2281 713 2316 βοῦς,
731 2281 852 2316 τρυγὼν,
870 2282 917 2307 καὶ

137 2325 416 2360 περιπτερά;Ἐπειδὴ
425 2325 548 2360 βούλεται
559 2327 631 2361 ἡμᾶς
640 2326 653 2351 ό
663 2326 749 2360 Λόγος
759 2327 808 2358 τὰς
821 2327 919 2361 αἰσοὴ-

133 2379 190 2402 est;
204 2371 282 2406 ἡμῶν
294 2371 339 2398 τὸν
353 2371 410 2398 ἴσον
423 2372 644 2408 ὑποϐαλλομένας
659 2372 776 2408 ἀριθμὸν
791 2372 915 2408 καθαρὰς

131 2417 279 2452 προσάγειν
293 2417 362 2451 Θεῷ.

217 2473 271 2500 Τοῦ
283 2473 318 2499 ἐν
327 2473 422 2508 ἁγίοις
433 2473 580 2507 Εὐλογίου
595 2473 831 2506 Ἀλεξανδρείας.

168 2528 229 2554 ’Ὁτι
249 2528 296 2554 καὶ
310 2528 354 2554 διὰ
369 2527 423 2554 τῶν
453 2527 541 2554 κυνῶν
561 2528 611 2560 τὴν
626 2527 781 2563 ὑπερΰολὴν
803 2529 854 2563 τῆς
868 2528 915 2555 τοῦ

131 2574 259 2601 πλουσίου
276 2575 410 2609 ἀπηνείας
425 2574 531 2609 ἐλέγχει
549 2575 566 2608 ἠ
580 2573 723 2609 παραϐολή
734 2582 740 2588 ·
757 2574 782 2600 οι
797 2573 846 2608 μὲν
860 2575 916 2610 γὰρ

131 2621 211 2652 κύνες
224 2621 404 2656 οἰκτείροντες
420 2620 503 2647 αὑτοῦ
519 2620 569 2655 τὴν
584 2619 686 2654 πολλὴν
713 2613 913 2655 ταλαιπωρίαν,

130 2666 199 2700 ὅπερ
225 2666 351 2692 ἐδύναντο
365 2668 453 2692 ποιεῖν
483 2666 618 2701 ἔπραττον
636 2666 838 2701 περιλείχοντες
864 2667 912 2693 καὶ

130 2706 187 2735 οἷον
197 2709 403 2744 ἀποσμήχοντες
413 2710 494 2736 αὑτοῦ
515 2711 544 2736 τὸ
569 2710 646 2742 ἕλκος
659 2711 716 2742 ταῖς
731 2710 866 2744 γλώσσαις
877 2719 883 2725 ·
900 2713 913 2737 ό

169 2839 178 2853 ⁶
189 2837 272 2865 Hebr.
286 2845 312 2869 κ,
339 2836 380 2863 H.
422 2837 431 2852 ⁷
445 2836 508 2863 ibid.
522 2837 565 2864 2G.

606 2838 614 2851 “
634 2836 700 2864 Luc.
732 2846 797 2870 xx",
830 2838 868 2864 l9.
908 2840 918 2855 ’³
933 2839 944 2866 l‘
960 2839 1022 2867 Cor.
1038 2839 1128 2871 X526.

971 2233 1068 2260 ordine
1085 2233 1264 2265 haberentur,
1276 2241 1362 2268 quare
1380 2234 1502 2269 quinque
1517 2238 1621 2261 tantum
1639 2242 1654 2261 a
1679 2240 1757 2262 vetc-

973 2277 1416 2313 ribusimmolabantur,nempe:
1435 2279 1539 2311 hircus.
1552 2280 1625 2307 aries
1651 2285 1678 2307 et
1697 2281 1756 2312 bos,

972 2328 1063 2351 turtur
1081 2328 1110 2351 et
1131 2325 1279 2351 columba?
1302 2324 1350 2352 His
1365 2325 1493 2353 videlicet
1516 2326 1653 2361 signiﬁcat
1682 2327 1757 2353 Scri-

970 2374 1063 2404 ptura,
1078 2378 1128 2397 nos
1142 2370 1197 2397 Deo
1210 2378 1293 2405 puros
1302 2370 1400 2398 ell‘erre
1410 2371 1511 2399 debere
1526 2380 1623 2400 sensus
1637 2377 1755 2403 nostros,

971 2416 1018 2450 qui
1032 2424 1126 2451 parem
1145 2424 1290 2444 numerum
1306 2424 1362 2451 prae
1381 2425 1410 2445 se
1424 2417 1527 2445 lerunt.

1066 2473 1157 2501 Sancti
1174 2473 1281 2510 Eulogii
1296 2475 1457 2509 partiare/ue
1471 2474 1658 2502 Alexandrini.

1002 2530 1106 2558 Canum
1130 2531 1269 2558 mentione
1290 2539 1424 2559 summam
1446 2531 1539 2558 divitis
1562 2531 1753 2558 crudelitatem

967 2576 1091 2610 coarguit
1117 2576 1255 2611 parabola.
1282 2576 1349 2603 Nam
1372 2584 1455 2603 canes
1479 2575 1668 2603 misericordia
1690 2583 1753 2609 erga

966 2630 1076 2656 gravem
1088 2622 1184 2649 Lazari
1197 2622 1379 2650 calamitatem
1393 2622 1533 2655 commoti,
1545 2621 1617 2656 quod
1627 2625 1762 2656 poterant.

967 2668 1208 2703 gratiﬁcabantur,
1235 2668 1308 2695 illius
1332 2668 1424 2695 ulcera
1450 2668 1586 2703 ﬁngentes
1610 2675 1642 2695 ac
1668 2668 1752 2694 veluti

968 2715 1069 2747 linguis
1096 2715 1153 2742 suis
1172 2715 1369 2749 abstergentes.
1394 2714 1428 2741 At
1452 2713 1530 2743 dives
1550 2715 1664 2743 canibus
1687 2723 1752 2749 erga

1172 2841 1192 2855 ¹⁰
1205 2840 1282 2867 Juan.
1301 2847 1355 2874 xxr,
1374 2839 1416 2866 l5.
1439 2834 1458 2851 “
1476 2833 1541 2861 line.
1562 2841 1592 2867 ν,
1615 2833 1658 2860 3‘2.
