1966 3068
128 189 1737 209 me

765 295 851 318 ANNO
871 296 981 319 DOMINI
1000 298 1104 319 DXCVI.

375 386 461 478 S.
543 369 996 478 SYMEON
1070 391 1124 478 J
1130 389 1272 478 UN
1280 387 1492 478 10R.

465 682 472 687 1
513 635 590 678 DE
625 635 672 679 S.
710 634 1036 681 SYMEONE
1083 635 1382 681 STYLITA

561 740 593 763 IN
615 739 720 762 MONTE
733 739 873 762 MIRABILI
886 740 987 762 PROPE
1003 740 1196 763 ANTIOCHIAM
1210 739 1320 768 SYRLE,

326 815 624 846 COMMENTARIUS
645 813 823 844 PR/EVIUS
840 813 952 844 CONR.
973 814 1190 850 JANNINGHI,
1207 813 1420 844 SOCIETATIS
1437 814 1537 845 JESU.

620 898 761 932 (BOLLAND.
776 897 833 925 Act.
851 896 942 924 Sanct.
963 901 983 924 t.
1001 897 1023 924 V
1039 897 1113 929 Maii,
1130 904 1156 932 p.
1173 897 1248 931 298.)

116 1052 129 1086 ξ
151 1050 171 1078 l.
198 1050 285 1077 Trium
312 1050 426 1085 ejusdem
448 1050 560 1076 nominis
582 1048 740 1086 stylitarum
760 1049 907 1080 diversitas,
924 1050 948 1080 Α
961 1056 1079 1082 quorum
1111 1057 1195 1075 unum
1222 1049 1315 1075 laudat
1341 1049 1536 1076 inveniendum
1562 1048 1634 1083 apud
1662 1056 1691 1076 se
1712 1049 1746 1077 ad

344 1086 508 1120 cognomina,
527 1089 550 1111 et
561 1084 655 1111 cultus.

152 1141 177 1168 ι.
194 1141 351 1169 Grzecorum
363 1140 510 1171 Triodion.
526 1141 606 1175 cujus
619 1140 646 1167 in
664 1148 761 1167 eorum
778 1141 906 1168 ecclesiis

115 1195 182 1214 nsus
198 1192 262 1213 esta
276 1186 418 1213 Dominica
431 1186 650 1220 Septuagesimm
669 1193 757 1220 usque
773 1186 805 1212 ad
827 1190 906 1212 octa-

115 1240 176 1259 vam
197 1233 386 1263 PentecOstes,
406 1232 433 1258 in
446 1232 559 1258 Canoue
574 1231 660 1258 Fcria:
677 1239 703 1258 Vl
724 1236 788 1259 ante
809 1232 905 1258 Domi~

114 1278 204 1305 nicum
224 1277 474 1312 Quinquagesinue.
483 1277 593 1311 quando
607 1276 637 1304 lit
648 1277 774 1304 Meritoria
788 1278 905 1304 omnium

114 1330 267 1351 sanctorum
281 1328 304 1350 et
323 1323 490 1358 Deiferorum
507 1323 631 1354 Patrum,
646 1324 690 1357 qui
705 1323 733 1349 in
757 1323 905 1349 ntouasticu

116 1371 306 1397 exercitatione
327 1369 505 1404 singulariter
548 1369 700 1400 eluxerunt,
731 1363 906 1403 Μυήμηϊῶν

116 1417 196 1444 ὀςίων
214 1416 413 1451 χαὶΘεῡφόρων
430 1416 570 1451 Πατὲρων,
583 1416 638 1442 τῶν
663 1416 692 1441 ὲν
703 1416 818 1450 ἀσκήσει
834 1414 905 1449 λαμο

115 1464 244 1497 φάντων,
274 1470 370 1489 eormn
399 1462 567 1489 celebriorcs
595 1462 736 1497 sigillatim
755 1466 783 1489 et
806 1461 906 1488 ordine

116 1509 291 1544 alpliabctico
302 1508 456 1536 laudandos
469 1509 610 1543 proponit,
624 1516 673 1543 per
681 1508 821 1536 Canonem
834 1508 906 1536 bene

116 1556 240 1590 longum.
257 1555 287 1582 ln
300 1555 381 1590 hujus
395 1560 488 1582 autem
504 1554 618 1582 canonis
633 1554 685 1582 ode
710 1554 737 1584 6,
761 1554 872 1588 strophe
889 1553 906 1580 3

117 1602 208 1637 (cujus
224 1605 251 1628 et
270 1601 407 1628 Baronius
422 1600 549 1628 meminit
560 1601 594 1628 ad
618 1608 663 1627 an.
678 1600 740 1631 842.
757 1608 834 1627 ιιιιιιι.
847 1599 904 1635 27),

117 1647 269 1683 Symeones
293 1650 413 1681 quatuor
434 1646 475 1674 sic
489 1651 765 1673 commemorantur:
785 1645 906 1680 Οὐρανὸς

115 1694 335 1727 cupatrio-rapo,-
369 1692 455 1726 ἐφάνη
471 1692 499 1717 ὲν
516 1693 562 1727 γῇ,
597 1692 614 1726 ἡ
638 1691 682 1718 διὰ
707 1690 748 1722 δὶς
766 1689 813 1717 δύο
837 1690 906 1726 αὕτη

961 1095 1063 1121 calcem
1079 1095 1302 1129 Erangcliorum,
1318 1094 1434 1121 Arabire
1462 1093 1488 1121 in
1500 1093 1615 1129 (Egypto
1635 1095 1746 1129 perpul-

961 1140 1026 1167 chre
1044 1140 1224 1175 scriptorum.
1239 1149 1284 1167 an.
1300 1145 1453 1175 martyrum
1469 1148 1519 1172 nti,
1539 1140 1566 1167 id
1592 1144 1634 1167 est
1645 1139 1747 1167 Christi

963 1185 1047 1217 1286;
1066 1186 1106 1213 sic
1121 1190 1212 1213 autem
1229 1185 1266 1213 ibi
1282 1186 1458 1213 referuntur:
1473 1187 1490 1213 4
1506 1186 1689 1213 mensithot
1700 1193 1748 1213 seu
1785 1191 1789 1193 '

962 1232 973 1258 1
990 1231 1160 1266 Septembris
1176 1231 1312 1267 Symeonis
1340 1231 1455 1262 Detenti.
1475 1232 1554 1267 cujus
1575 1232 1749 1266 cognominis

962 1278 1033 1304 ratio
1049 1277 1122 1304 haud
1137 1277 1218 1305 facile
1235 1282 1370 1312 apparet;
1386 1277 1420 1305 29
1439 1278 1541 1305 mensis
1555 1278 1680 1306 Bachnes
1699 1286 1749 1305 seu

959 1324 993 1350 ‘ll
1010 1323 1082 1355 Maii,
1099 1324 1184 1351 sancti
1205 1323 1341 1359 Symeouis
1354 1323 1466 1358 Magni;
1482 1324 1499 1351 5
1521 1324 1623 1351 Iliensis
1647 1324 1746 1355 Musre.

961 1369 987 1396 id
1000 1374 1043 1397 est
1059 1369 1093 1397 27
1105 1370 1170 1397 Julii
1189 1390 1195 1402 ,
1223 1369 1360 1405 Symeouis
1382 1369 1495 1404 Stylitw.
1526 1369 1622 1397 itidem
1651 1369 1748 1397 iisdem

960 1416 1060 1443 diebus
1076 1420 1256 1443 recensentur
1277 1416 1360 1443 etiam
1378 1415 1405 1442 in
1428 1416 1596 1444 Kalendario
1621 1417 1744 1452 Syriaco,

960 1461 1034 1496 quod
1052 1461 1181 1489 Patribus
1192 1462 1295 1489 nostris
1314 1461 1491 1489 llenschenio
1502 1466 1530 1489 et
1546 1462 1749 1497 Papchrochio.

960 1508 1055 1535 Romae
1086 1507 1113 1535 in
1148 1507 1265 1543 collegio
1301 1508 1478 1540 Maronitico.
1508 1508 1606 1535 Latine
1633 1508 1748 1536 dictavit

959 1554 991 1581 D.
1019 1554 1178 1589 Josephus,
1210 1554 1321 1590 collegii
1348 1555 1473 1590 ejusdem
1506 1555 1635 1582 alumnus
1652 1576 1658 1588 ,
1697 1555 1749 1582 hoc

962 1601 1045 1628 modo
1065 1610 1071 1627 :
1090 1600 1181 1628 Obitus
1201 1601 1288 1628 sancti
1310 1600 1448 1636 Symeam's
1475 1601 1555 1636 primi
1576 1600 1746 1637 Stylitarum.

959 1647 1046 1674 sancti
1057 1646 1251 1681 ngeonis.....
1268 1647 1354 1674 sancti
1368 1646 1505 1681 Symeom‘s
1516 1645 1629 1682 Stylitw.
1660 1647 1749 1681 Atque

961 1693 1059 1720 eodem
1074 1692 1131 1720 fere
1146 1690 1239 1724 modo.
1254 1693 1365 1727 punctis
1381 1693 1464 1721 etiam
1485 1693 1518 1720 ad
1530 1692 1681 1720 secundum
1700 1700 1750 1720 no-

117 1738 285 1773 Συμεώνειος
305 1737 460 1772 ὁμωνυμία,
472 1737 500 1763 ὲν
514 1737 570 1767 τοῖς
585 1736 690 1767 στύλοις
702 1737 775 1771 τρεῖς
786 1736 848 1768 εἰσι,
863 1736 911 1762 καὶ

965 1738 1039 1771 tatis,
1052 1737 1199 1765 locovocis
1210 1738 1329 1773 alicujus
1346 1737 1499 1765 deﬁcientis
1515 1745 1622 1773 usuque
1630 1738 1748 1770 extritae.

117 1782 158 1816 εἷς
173 1785 186 1810 ὁ
197 1784 290 1816 ma.
301 1783 361 1811 Haec
375 1783 414 1810 bis
427 1783 541 1810 duarum
553 1781 712 1818 Symeonum
728 1783 906 1818 homonymia,

121 1819 248 1865 apparuit
264 1831 292 1857 in
315 1834 388 1857 terra
414 1828 485 1856 velut
501 1827 594 1855 uelum
620 1833 736 1863 quatuor
766 1828 909 1855 luminari—

118 1877 165 1904 bus
184 1876 347 1908 distinctum,
368 1884 482 1912 quorum
510 1880 562 1902 tres
578 1875 605 1902 in
623 1875 752 1902 columnis
778 1877 908 1908 vixerunt,

120 1931 189 1950 unus
205 1922 360 1958 appellatur
375 1922 464 1950 Salus.
477 1922 586 1951 Colitur
597 1922 714 1949 ultimus
728 1922 773 1948 die
794 1922 805 1948 Ἰ
829 1921 907 1950 Julii.

119 1969 282 2004 Stylitarum
308 1968 364 1996 duo
388 1969 526 1996 notissimi
553 1973 628 2000 sunt,
645 1968 729 1995 etiam
756 1967 829 2002 apud
851 1967 910 1995 Mo-

119 2015 202 2042 schus
214 2019 242 2042 et
254 2019 391 2050 quotquot
404 2015 450 2041 alii
462 2014 570 2042 Graecis
588 2014 690 2042 ritibus
711 2018 847 2046 utuntur;
871 2021 910 2040 ae-

121 2061 191 2092 uior,
205 2060 221 2087 5
233 2060 357 2088 Januarii
371 2060 442 2095 apud
465 2061 590 2093 Latinos,
612 2061 685 2095 apud
710 2060 821 2088 Graecos
837 2061 848 2086 1
863 2059 912 2087 Se-

120 2105 274 2141 ptembris;
297 2106 402 2139 junior,
416 2105 522 2132 Latinis
534 2106 623 2133 Fastis
641 2105 750 2140 ignotus
767 2113 856 2139 usque
876 2104 910 2131 ad

121 2152 330 2179 renovatione-tn
355 2151 540 2186 Martyrologii
568 2160 583 2178 a
600 2151 718 2178 Baronio
743 2150 853 2182 factata,
870 2150 910 2177 le-

121 2197 272 2224 stivitatem
300 2197 382 2224 habet
410 2197 621 2224 coleberrimam
643 2196 758 2224 Oriente
781 2201 838 2224 toto
866 2196 911 2223 die

122 2243 158 2271 Ἠ
189 2243 262 2273 Maii.
288 2243 383 2270 nescio
407 2251 441 2270 ex
468 2251 524 2277 quo
546 2243 638 2277 capite
669 2242 773 2270 relatus
802 2242 836 2269 ab
862 2249 911 2269 eo-

123 2289 185 2315 dem
198 2289 314 2315 Baronio
325 2288 357 2316 ad
372 2289 388 2315 ὃ
397 2287 580 2323 Septembris,
597 2292 657 2315 rato
669 2288 744 2315 hunc
756 2288 833 2314 illum
850 2294 911 2314 esse

123 2341 205 2368 quem
223 2333 291 2368 ipsis
306 2333 435 2360 Kalendis
448 2333 536 2360 Graeci
549 2333 704 2360 celebrant.
723 2333 835 2360 Tertius
850 2332 912 2368 Sty-

124 2380 320 2411 litarum,enm
343 2379 432 2406 titulis
453 2379 605 2414 Presbyteri
631 2384 656 2406 et
676 2379 910 2411 Arrhimandritw,

126 2426 185 2452 solo
199 2425 453 2453 hactenusnomine
471 2425 558 2452 ferme
571 2429 656 2452 notus
675 2425 755 2452 nobis
782 2429 842 2452 est:
861 2432 914 2452 nec
928 2416 949 2445 (ἶ

123 2471 198 2498 enim
214 2472 281 2498 satis
297 2475 405 2498 constat
421 2471 509 2505 ipsum
522 2479 593 2503 esse,
607 2471 655 2506 qui
684 2471 710 2498 in
726 2471 821 2499 Cilicia
834 2472 912 2503 vixit,

124 2521 150 2542 et
167 2516 282 2543 fulmine
295 2520 386 2543 tactus
401 2516 482 2547 obiit,
505 2515 605 2544 Joanni
630 2516 743 2543 Moscho
770 2517 796 2543 in
828 2516 913 2543 Prata

125 2561 259 2595 xpirituali
272 2561 400 2588 laudatus
425 2570 431 2588 :
460 2561 492 2588 ad
509 2561 583 2588 diem
609 2562 645 2588 ‘27
660 2562 726 2589 Julii
750 2562 912 2589 memoriam

128 2609 186 2643 ejus
195 2606 281 2633 Graeci
298 2607 432 2634 recolunt.

151 2653 188 2679 .2.
213 2652 315 2679 Eadem
337 2653 420 2679 trium
451 2653 547 2680 saltem
575 2653 742 2688 Symeonum
770 2652 916 2679 distinctio

128 2698 197 2725 adeo
212 2705 262 2732 per
273 2697 415 2725 Orientem
431 2702 495 2725 nota
509 2698 562 2725 fuit
573 2719 580 2730 ,
603 2699 726 2725 utetiam
737 2698 770 2725 ad
792 2698 917 2732 Coptitas

126 2752 175 2771 seu
192 2743 366 2771 Christianos
380 2743 520 2779 Egyptios
535 2744 716 2778 pertinuerit:
737 2745 809 2778 quod
834 2752 917 2779 appa-

126 2794 184 2816 ι-ιιιι
199 2798 231 2817 es
246 2797 341 2816 eorum
353 2789 533 2820 Kalendariis.
549 2791 574 2816 in
592 2790 679 2817 lucem
691 2790 774 2818 editis
785 2799 799 2817 a
813 2791 916 2818 Jacobo

126 2834 257 2866 Seniano,
280 2834 328 2861 lib.
343 2842 372 2860 ιιι
395 2833 428 2861 dc
451 2834 595 2869 Syncdriis
616 2834 794 2862 llchra‘orum
826 2843 850 2862 (ι.
872 2836 914 2867 15,

962 1784 1140 1819 reperiuntur
1155 1783 1194 1811 illi
1212 1783 1284 1819 apud
1299 1783 1460 1817 Seldenum,
1473 1783 1569 1811 itidem
1592 1783 1640 1811 ubi
1656 1791 1748 1818 supra.

963 1830 991 1857 in
1015 1829 1070 1857 alio
1105 1829 1270 1857 Kalendario
1306 1829 1382 1864 quod
1413 1830 1570 1865 composuit
1605 1829 1750 1857 Mahumed

962 1875 1083 1903 Achmed
1097 1875 1293 1903 Calcasendius
1311 1877 1342 1902 de
1356 1877 1428 1910 festis
1442 1876 1619 1912 Coptitarum,
1639 1876 1686 1904 ubi
1702 1885 1759 1904 nom

963 1922 1036 1949 mina
1048 1922 1087 1949 sic
1101 1922 1250 1956 leguntur:
1270 1922 1280 1948 1
1296 1922 1463 1956 scptembris
1483 1921 1620 1956 Symeom's
1637 1920 1750 1956 Stylitaz,

962 1967 997 1994 2'2
1009 1975 1058 2001 pro
1071 1968 1106 1994 24
1117 1967 1177 1994 Maii
1195 1967 1301 1994 Festum
1324 1966 1471 2002 Symeonis,
1498 1967 1532 1994 ‘27
1553 1967 1618 1995 Julii
1647 1966 1751 1995 Festum

964 2011 1100 2048 Symeanis
1117 2012 1246 2048 Slylitw:
1265 2013 1332 2047 quin
1356 2013 1438 2040 etiam
1458 2013 1491 2040 ad
1521 2013 1554 2039 M
1580 2012 1752 2047 Septembris

962 2057 1084 2090 additur,
1103 2058 1164 2085 aliis
1176 2058 1306 2085 omnibus
1332 2059 1467 2093 ignotum,
1495 2059 1588 2093 festum
1614 2057 1752 2094 Symeom's

963 2103 1083 2138 Stylitw;
1097 2108 1125 2130 et
1142 2103 1278 2130 Seldcuus
1295 2111 1344 2130 sua
1363 2111 1446 2130 manu
1478 2103 1616 2138 ascripsit,
1641 2103 1752 2130 alterius

962 2157 1006 2176 seu
1019 2149 1162 2182 Juniuris;
1178 2157 1260 2184 quam
1276 2153 1359 2180 recte,
1379 2149 1437 2183 ipse
1451 2148 1560 2176 viderit.
1578 2149 1608 2176 lu
1619 2149 1754 2185 Martyro-

964 2193 1035 2227 logio
1046 2193 1289 2229 Arabo-Egyptio,
1304 2194 1378 2228 quod
1391 2193 1489 2221 iisdem
1507 2193 1638 2222 Patrihus
1666 2194 1754 2222 inter‘

964 2243 1088 2274 pretatus
1103 2240 1248 2267 estGratia
1274 2239 1425 2271 Simonius,
1446 2244 1513 2267 tunc
1539 2240 1663 2274 ejusdem
1696 2241 1753 2268 (τοι⁴

964 2286 1026 2319 [cuii
1040 2286 1168 2313 alumnus
1180 2294 1254 2313 nunc
1265 2286 1494 2321 archiepiscopus
1509 2285 1700 2320 Tripolitanus
1724 2287 1753 2314 in
1782 2305 1788 2314 ι

964 2332 1052 2367 Syria,
1065 2332 1154 2359 solum
1165 2332 1306 2359 invenitur
1323 2331 1455 2358 Meritoria
1480 2332 1566 2359 sancti
1596 2331 1687 2359 Patris
1702 2331 1753 2369 Sy-

965 2379 1063 2405 meonis
1080 2377 1246 2409 Miraculosi.
1260 2378 1381 2412 ascripta
1392 2378 1427 2405 24
1441 2377 1521 2409 Maii.l

1001 2423 1057 2451 Leo
1069 2423 1196 2456 Allatius,
1214 2424 1242 2451 in
1254 2424 1378 2451 Diatriba
1394 2423 1429 2451 de
1442 2423 1620 2460 Symeonum‘
1638 2425 1753 2460 scriptis

965 2470 1070 2504 optime
1093 2470 1128 2497 de
1143 2469 1329 2505 Symeonibus
1349 2470 1522 2502 meritus,de
1534 2470 1645 2498 laniare
1657 2478 1752 2505 agens,

965 2515 1060 2548 ϐπερὶ,
1080 2516 1180 2551 inquit,
1196 2517 1362 2547 recentiores,
1373 2519 1402 2542 ut
1417 2516 1533 2550 primum
1552 2516 1584 2543 ab
1599 2517 1648 2543 hoc
1658 2525 1753 2544 secun-

966 2561 998 2587 do
1009 2561 1184 2596 distinguant,
1202 2562 1317 2596 primum
1337 2561 1493 2596 Symeonem
1506 2563 1552 2588 τὸν
1579 2563 1608 2588 ἐν
1630 2565 1663 2598 τῇ
1685 2565 1755 2598 μάνη-

965 2607 1025 2642 δρᾳ,
1035 2607 1176 2634 secundant
1188 2607 1255 2634 hunc
1268 2607 1314 2633 τὸν
1325 2607 1353 2633 ἐν
1367 2607 1516 2642 θαυμαστῷ
1526 2607 1583 2642 ὄρει
1597 2608 1734 2643 appellant
1745 2618 1755 2638 :

968 2652 1064 2686 utique
1080 2660 1094 2678 a
1109 2653 1170 2679 loco
1186 2652 1213 2678 in
1237 2659 1293 2687 quo
1310 2652 1410 2687 singuli
1428 2656 1582 2680 extremum
1600 2654 1661 2681 vita:
1680 2654 1755 2682 diem

968 2698 1109 2730 obierunt,
1134 2699 1160 2725 in
1179 2706 1228 2725 sua
1253 2699 1370 2733 quisque
1393 2699 1545 2732 columna;
1564 2699 1668 2733 primus
1698 2700 1758 2728 lon-

966 2745 1027 2779 gius
1043 2745 1078 2771 ab
1097 2744 1256 2778 Antiochia,
1271 2745 1343 2772 inter
1356 2744 1428 2772 hanc
1447 2749 1475 2772 et
1490 2744 1637 2780 Aleppum,
1656 2745 1696 2772 uti
1715 2751 1756 2773 te-

967 2790 1017 2817 stis
1048 2795 1089 2818 est
1118 2790 1166 2825 qui
1184 2799 1273 2825 nuper
1293 2790 1383 2818 adhuc
1398 2790 1554 2818 columnam
1571 2791 1641 2818 vidit
1659 2791 1756 2820 Frater

966 2837 1103 2864 Antonius
1116 2837 1252 2865 Gonzales
1269 2837 1416 2865 Minorita:
1429 2837 1569 2865 secundus
1583 2837 1657 2865 haud
1675 2838 1756 2874 longe
