1966 3068
230 186 297 220 Ξῡῡτ

861 187 890 215 S.
909 185 1056 216 SYMEON
1076 185 1228 216 JUNiOR.

1775 189 1844 221 2968

229 251 244 269 ει
277 243 410 270 suburbio
442 241 579 276 Daphnes,
605 241 631 267 in
660 246 753 268 monte
778 249 860 275 quem
885 241 1012 276 pluribus
1027 244 1049 271 Α
1064 240 1137 267 intra
1152 241 1292 268 mandram
1307 242 1436 269 conclusa
1455 241 1517 276 fuit,
1542 243 1581 270 uti
1601 243 1736 276 Senioris,
1763 250 1843 279 prout

230 289 419 316 describemus
434 287 513 314 inl‘ra.
526 287 564 314 De
582 287 672 322 primo
685 287 793 314 abunde
807 287 955 314 Bollandus
966 295 1013 314 no-

229 339 286 362 ster
300 334 355 369 egit
367 335 395 361 in
411 334 551 365 Januario,
565 338 593 360 et
607 332 777 369 cognominis
792 332 915 367 prmdicti
929 333 1012 360 ratio-

234 387 298 407 nem
324 387 357 406 ex
377 383 491 407 auctore
513 379 586 406 haud
615 379 696 414 paulo
719 379 868 414 antiquiori
894 379 1013 414 Evagrio

229 424 435 460 intelligendam
457 425 544 456 dedit,
564 425 691 460 allegatis
719 425 778 459 ejus
807 424 908 456 verbis,
924 431 1013 451 annos

228 472 291 498 vitre
303 471 343 499 sic
358 470 599 503 distribuentibus,
620 475 648 498 ut
662 471 760 498 dicatis
777 470 864 505 egisse
890 471 918 496 ἐν
944 470 1011 505 αὐτῇ

229 517 384 552 καλουμένῃ
419 516 532 554 Μάνδρα
560 517 630 543 Eat-ta
661 517 706 543 καὶ
724 517 927 552 τεσσαράκοντα
952 516 1010 551 ἐτη,

227 560 256 589 in
279 571 310 589 ea
331 571 390 597 qnte
403 567 509 590 vocatur
533 562 648 589 Mandra
671 570 755 589 annos
776 562 1013 597 quadraginta”.

229 612 310 642 ptem,
323 607 453 635 videlicet
464 608 579 635 ultimos
598 607 661 635 vitae
680 615 746 640 suae,
764 608 847 642 idque
869 615 951 642 supra
968 614 1013 634 va-

187 645 190 649 .
229 655 286 682 rius
298 655 452 682 successive
468 655 621 686 columnas,
635 655 705 681 intra
724 654 848 681 eamdem
871 650 1011 682 Mandram

229 703 347 731 erectas,
370 703 453 733 prout
469 707 501 725 ex
527 699 587 725 Vita
602 699 636 726 ab
650 698 771 726 Antonio
789 698 924 733 discipulo
945 698 1012 725 scri-

229 747 276 778 pta
292 744 463 778 intelligitur.
482 744 530 770 Est
544 748 636 770 autem
655 743 768 770 Mandra
782 743 808 770 in
821 743 909 778 primo
929 748 1011 777 atque

228 789 378 823 originario
404 796 455 816 suo
474 789 637 824 signiﬁcato,
659 789 738 816 locus
761 790 879 816 maceria
904 789 1011 823 lapidea

227 835 438 869 circumseptus.
453 835 560 870 qualem
584 834 636 862 sibi
660 835 687 861 in
702 834 786 870 Syriae
804 835 909 870 campis
922 835 1012 862 facere

228 881 356 908 solebant
381 885 515 915 pastores,
532 881 659 915 intraque
674 889 734 908 eam
748 881 869 915 pecudes
882 889 946 909 suas
959 890 1012 908 no-

229 931 276 953 ctu
309 927 447 962 colligere,
464 926 510 954 ubi
523 934 538 953 a
554 927 624 961 lupis
641 934 673 954 ac
699 926 807 954 furibus
822 931 886 954 tutze
907 933 1008 955 essent.

228 973 313 1004 Talis,
331 979 382 1000 nec
410 973 473 1005 alia,
486 972 539 999 fuit
554 972 677 1005 Mandra,
697 980 757 1007 qua:
775 973 865 1008 primo
887 972 1011 1008 Symeoni

229 1026 329 1046 nomen
341 1019 417 1046 dedit
431 1027 439 1052 ;
455 1019 556 1053 quippe
575 1019 621 1053 qui
634 1023 732 1053 praeter
746 1027 830 1046 unum
852 1019 904 1046 sibi
931 1020 1012 1047 uiitti-

227 1069 360 1092 strantem
373 1064 520 1092 Antonium
530 1064 619 1091 nullos
633 1065 736 1091 sciatur
744 1064 873 1091 habuisse
888 1064 1011 1099 discipu-

229 1112 271 1138 los
282 1120 289 1143 ;
302 1116 369 1138 eteo
381 1115 485 1137 tantum
495 1110 547 1138 line
565 1111 625 1137 loco
634 1118 713 1145 quem
727 1111 852 1137 columna
867 1118 916 1137 sua
929 1119 1013 1138 oceu-

230 1157 312 1192 pabat
325 1157 508 1184 circumduxit
528 1157 686 1188 maceriam,
702 1164 736 1183 ne
752 1156 926 1191 promiscuus
937 1157 971 1183 ad
983 1165 1012 1184 se

229 1209 358 1229 accessus
377 1201 489 1229 daretur
507 1201 589 1228 etiam
604 1201 767 1228 mulieribus
782 1209 789 1227 z
804 1201 867 1227 huic
881 1209 946 1228 vero
962 1201 1011 1228 ad-

225 1248 321 1281 juncta
334 1252 394 1274 erat
418 1247 531 1274 mandra
552 1247 648 1278 altera,
665 1247 736 1273 intra
749 1254 831 1281 quam
847 1254 908 1274 sese
932 1254 1011 1280 pere-

227 1292 300 1327 grini
326 1292 503 1328 hospitesque
531 1293 705 1328 reciperent,
723 1291 810 1319 donec
829 1291 863 1319 ad
886 1296 1011 1320 sanctum

228 1337 452 1365 admitterentur.

264 1383 291 1410 ι.
311 1383 447 1411 Caeterum
460 1383 525 1418 quia
539 1384 669 1418 paulatim
687 1392 752 1412 usus
769 1384 900 1416 obtinuit,
913 1387 943 1411 ut
953 1391 1010 1411 mo-

228 1429 378 1457 nachorum
408 1430 533 1457 cmnobia
557 1430 698 1462 Mancine,
714 1435 743 1457 et
772 1431 868 1458 harum
893 1430 1011 1465 praefecti

228 1475 387 1502 dicerentur
404 1476 638 1508 Archimandritaz;
657 1476 722 1504 hinc
744 1477 845 1503 factum
862 1480 892 1503 ut
915 1476 1013 1503 Senior

230 1521 355 1558 Symeon,
371 1522 418 1557 qui
430 1523 486 1557 jam
502 1522 602 1556 passim
620 1522 868 1558 cognominabatur
899 1521 1011 1557 Symeon

1064 286 1166 314 dicitur
1192 287 1219 313 in
1246 286 1306 314 Vita
1323 288 1437 320 matris,
1453 289 1612 322 apparuisse
1632 290 1676 317 illa
1699 299 1713 317 ε
1733 291 1845 318 subdiali

1063 337 1140 368 parte
1154 333 1273 360 mandraz
1283 353 1290 365 ,
1315 336 1343 360 in
1370 342 1423 368 qua
1456 334 1578 362 columna
1593 341 1649 362 erat
1663 345 1672 370 ;
1690 336 1736 364 sed
1750 338 1844 365 eadem

1064 378 1179 405 mandra
1190 379 1354 414 intelligitur
1366 379 1496 407 habuisse
1511 385 1603 414 partes
1617 390 1672 408 non
1692 383 1842 415 subtliales,

1062 432 1158 451 verum
1176 430 1260 452 tectas
1280 432 1328 459 per
1345 425 1456 452 modum
1475 425 1586 453 claustri
1603 428 1772 455 monachalis
1788 429 1842 455 cir-

1063 470 1304 497 cumcurrentibus
1319 471 1518 498 monachorum
1546 471 1633 504 cellis,
1663 480 1724 507 qua:
1740 473 1768 499 in
1795 474 1844 500 im-

1063 515 1186 549 pluvium
1201 519 1282 550 atque
1298 515 1326 542 in
1338 516 1493 543 columnam
1509 522 1684 552 prospectum
1696 517 1843 552 habebant,

1063 561 1295 594 quemadmodum
1310 562 1392 588 etiam
1408 562 1490 589 hodie
1499 562 1599 596 videri,
1611 563 1723 590 memini
1741 572 1784 591 me
1795 571 1844 591 au-

1063 605 1164 634 divisse
1179 615 1212 634 ex
1228 607 1262 634 iis
1277 608 1323 642 qui
1341 607 1539 644 Hierosolymis
1561 609 1675 641 reversi,
1690 610 1773 636 etiam
1789 610 1844 637 An-

1064 651 1161 679 ῑίοοίιω
1177 652 1306 680 dicebant
1321 661 1350 680 se
1364 653 1460 681 fuisse.
1474 653 1507 680 Et
1520 654 1573 681 hoc
1584 658 1626 682 est
1643 656 1842 692 monasterium,

1063 698 1096 725 de
1109 706 1163 733 quo
1177 701 1204 725 in
1219 699 1278 726 Vita
1290 700 1377 726 sancti
1392 706 1420 726 n.
1440 699 1502 730 168,
1524 699 1575 726 ubi
1591 700 1674 727 etiam
1689 700 1718 727 tit
1740 701 1844 728 mentio

1063 744 1198 778 inferioris
1216 743 1376 771 monasterii
1399 743 1433 770 ad
1447 743 1544 778 pedem
1575 744 1658 771 credo
1675 745 1777 771 montis
1794 753 1844 779 po-

1063 789 1119 821 siti,
1134 797 1182 824 pro
1198 789 1364 823 recipiendis
1379 789 1533 824 hospitibus
1545 790 1641 818 etaliis
1652 790 1774 822 advenis,
1788 791 1845 817 sic-

1063 835 1102 861 uti
1119 835 1212 862 videre
1225 835 1305 862 estin
1321 835 1398 862 Italia
1429 836 1626 863 monasterium
1662 837 1781 871 positum
1811 837 1844 864 ad

1063 879 1160 914 pedem
1179 880 1283 907 montis
1297 885 1379 915 atque
1389 881 1477 907 eremi
1492 880 1718 909 Camaldulensis.
1733 883 1845 910 Utrobi-

1063 933 1115 960 que
1131 930 1222 952 autem
1237 932 1365 960 magnum
1379 926 1578 961 discipulorum
1594 935 1738 955 numerum
1762 928 1846 955 hahe-

1061 971 1109 998 bat
1125 975 1254 998 sanctus:
1270 971 1371 1006 quibus
1393 976 1422 999 et
1443 972 1553 999 vivendi
1567 981 1691 1000 normam
1718 975 1846 1008 praescri-

1062 1023 1174 1051 pserat,
1193 1018 1272 1051 cuius
1287 1017 1508 1045 observationem
1532 1019 1682 1046 moriturus
1707 1025 1847 1046 commen-

1062 1063 1146 1090 davit.
1162 1064 1224 1090 Fuit
1241 1071 1307 1099 ergo
1322 1072 1386 1091 vere
1410 1065 1625 1092 Art/timandrila
1644 1065 1688 1091 hic
1715 1064 1839 1100 Symron.

1061 1109 1135 1136 Nihil
1157 1115 1246 1136 tamen
1264 1111 1624 1145 opuseratejusmodieum
1641 1111 1720 1138 titulo
1744 1111 1842 1145 appel-

1061 1156 1127 1187 lare,
1144 1157 1191 1190 qui
1201 1157 1257 1191 jam
1269 1156 1388 1183 habebat
1401 1156 1435 1183 ab
1449 1157 1523 1183 omni
1548 1157 1679 1184 memoria
1709 1157 1794 1183 notio.
1802 1164 1845 1183 em

1061 1201 1296 1228 nomenclnturam
1321 1201 1367 1227 τοῦ
1391 1202 1420 1228 ἐν
1448 1202 1487 1237 τῷ
1509 1202 1656 1236 θαυμαστῷ
1680 1202 1748 1236 ὄρει,
1773 1202 1847 1229 unde

1061 1247 1215 1281 composito
1234 1246 1345 1273 nomine
1363 1247 1620 1274 Thaumastoristam
1637 1248 1756 1282 appellat
1772 1249 1847 1275 Alla-

1062 1292 1081 1320 ti
1087 1300 1127 1319 us.
1136 1292 1222 1328 Hujus
1229 1293 1314 1319 cultui
1327 1297 1406 1320 vetus
1414 1293 1594 1328 Menologium
1602 1294 1709 1329 Cryth
1716 1294 1845 1327 Ferralze,

1059 1337 1136 1373 jussu
1151 1337 1242 1364 Basilii
1260 1338 1434 1372 imperatoris
1457 1339 1614 1370 collectum,
1632 1347 1665 1365 ex
1692 1347 1781 1373 eoque
1800 1347 1847 1366 ac-

1062 1386 1172 1417 ceptum
1185 1390 1273 1418 nuper
1287 1383 1506 1418 impressumque
1522 1383 1651 1410 Basiliani
1671 1383 1741 1410 ritus
1755 1383 1847 1410 lloro-

1062 1428 1165 1463 legium
1179 1429 1340 1456 ascribit?!)
1373 1429 1435 1456 Maii
1453 1437 1503 1464 per
1527 1429 1609 1456 unius
1635 1429 1690 1456 diei
1710 1429 1846 1464 anticipa-

1062 1474 1176 1506 tionem,
1197 1474 1264 1502 satis
1280 1474 1444 1509 frequenter
1454 1474 1483 1501 in
1512 1474 1559 1501 illo
1579 1474 1734 1509 Mcnologio
1749 1475 1847 1501 obser-

1063 1524 1154 1548 vatam
1165 1529 1180 1548 n
1196 1520 1287 1553 nobis,
1303 1520 1416 1548 incertis
1431 1528 1466 1547 an
1481 1528 1542 1548 eam
1554 1525 1681 1555 oporteat
1691 1521 1847 1552 callet-tori,

227 1569 256 1594 in
272 1567 396 1600 Mandra.
412 1567 438 1594 in
461 1567 569 1595 excusis
587 1568 743 1595 Graecorum
758 1567 914 1595 Ritualibus
930 1575 1012 1594 voce-
1026 1573 1046 1600 (ζ
1064 1574 1098 1593 an
1116 1566 1205 1593 solum
1225 1566 1355 1600 scriptori
1377 1566 1525 1600 imputare.
1552 1566 1657 1593 Cretera
1672 1566 1766 1593 omnia
1790 1571 1847 1593 tam

229 1618 274 1639 tur
300 1612 526 1644 Archimandrila,
540 1617 640 1646 praeter
665 1613 750 1640 totius
774 1613 897 1640 historia:
918 1612 1009 1640 ﬁdem.

227 1658 318 1686 Minus
331 1658 410 1693 longe
420 1658 568 1690 aberravit,
584 1658 686 1685 erravit
701 1662 791 1685 tamen
814 1663 910 1686 auctor
925 1658 1011 1693 Syna—

228 1704 299 1733 xarii
323 1703 538 1735 Claromontani,
552 1703 669 1739 elogium
686 1704 746 1740 ejus
761 1704 800 1731 sie
818 1704 918 1731 ﬁniens
933 1713 940 1729 :
966 1704 1011 1730 Ἐκ

229 1750 294 1782 γοῦν
323 1749 370 1776 τοῦ
409 1750 516 1784 οἰκῆσαι
549 1751 583 1785 τῇ
599 1750 686 1785 λαύρᾳ
717 1753 750 1785 τῇ
789 1750 1011 1786 ἑπονῡμαζομένῃ

227 1795 352 1830 Μάνδρα,
367 1795 474 1828 λέγεται
490 1795 600 1829 Συμεὼν
615 1796 629 1822 ὁ
640 1796 687 1830 τῆς
698 1796 826 1831 Μάνδρας
844 1804 850 1811 ·
869 1798 901 1823 ὲκ
916 1797 945 1823 δὲ
963 1797 1010 1824 τοῦ

229 1841 270 1872 εἰς
283 1840 425 1875 διαφόρους
442 1831 556 1871 urbicus
569 1840 718 1875 ἀναχθῆναι
731 1861 738 1872 ,
753 1841 875 1867 καλεῖται
900 1841 1011 1876 Συμεὼν

229 1883 367 1920 Στυλίτης.
383 1885 424 1913 Ea:
437 1894 466 1912 eo
479 1886 548 1921 quod
563 1887 698 1913 habitabat
713 1887 741 1914 in
755 1888 914 1914 monasterio
942 1887 1011 1922 quod

228 1931 370 1957 vocabatur
381 1929 504 1963 Mandra,
518 1931 613 1958 dicitur
623 1931 717 1966 Symeo
736 1933 762 1959 in
783 1932 896 1959 Mandra
907 1940 917 1960 :
933 1941 964 1960 ea:
982 1941 1010 1959 eo

227 1984 289 2003 vero
307 1976 375 2010 quod
387 1977 500 2003 diversos
515 1975 612 2011 Stylos,
627 1977 654 2004 id
677 1982 718 2004 est
743 1978 895 2010 columnas,
918 1986 1011 2006 ascan—

227 2022 276 2053 dit,
291 2022 443 2049 nominatur
468 2021 579 2057 Symeon
610 2022 726 2057 Stylites.
742 2023 819 2051 Licet
844 2023 927 2056 enim,
941 2023 1010 2051 teste

227 2067 354 2102 Evagrio.
367 2069 393 2094 in
406 2069 580 2100 monasterio,
594 2069 621 2095 in
638 2077 688 2104 quo
706 2069 822 2104 primunt
846 2070 947 2096 divinas
970 2071 1009 2096 υἱ-

229 2114 304 2140 t-endi
330 2115 514 2149 prtvceptiones
533 2115 632 2144 didicit.
649 2123 732 2142 annos
744 2115 808 2142 visit
825 2123 933 2147 nouem,
955 2123 1010 2143 non

230 2165 321 2186 tamen
338 2159 390 2186 hoc
401 2161 595 2187 monasterium
622 2161 735 2195 proprio
754 2162 866 2189 nomine
892 2162 1010 2189 vocaba-

229 2209 275 2232 tur
291 2205 414 2237 Mandra,
431 2206 479 2233 sed
501 2205 647 2238 Timothei;
667 2214 756 2241 neque
781 2215 932 2243 congruum
947 2208 1008 2240 fuit,

1063 1612 1250 1646 manuscripta
1263 1619 1345 1646 quam
1362 1611 1433 1646 typis
1448 1619 1549 1638 excusa
1563 1611 1663 1638 Mcnzea
1675 1618 1707 1638 ae
1723 1611 1848 1646 Synaxa-

1063 1659 1103 1685 ria
1119 1658 1254 1686 inluerent
1268 1657 1322 1684 diei
1337 1657 1372 1684 ab
1401 1661 1516 1684 auctore
1531 1657 1600 1684 Vitae
1612 1661 1715 1688 notato,
1740 1657 1787 1690 qui
1804 1660 1849 1683 est

1063 1703 1110 1730 hic
1124 1703 1159 1730 24
1183 1701 1258 1734 Maii,
1274 1701 1384 1736 quando
1402 1701 1484 1728 etiam
1504 1701 1615 1733 Menam,
1636 1700 1709 1736 quod
1719 1701 1789 1728 alius
1803 1709 1848 1728 ra-

1057 1756 1136 1782 rum,
1153 1748 1191 1776 ita
1218 1752 1304 1775 tutum
1317 1746 1435 1775 ofﬁcium
1449 1746 1483 1774 de
1507 1747 1560 1773 hoc
1583 1751 1679 1773 sancto
1701 1751 1847 1781 peragunt,

1062 1795 1219 1823 utalterius
1234 1794 1351 1829 alicujus
1384 1800 1434 1820 nec
1458 1791 1751 1819 commemorationem
1782 1791 1848 1826 qui-

1062 1841 1124 1867 dem
1141 1840 1303 1875 adjungant.

1097 1886 1122 1913 6.
1153 1886 1255 1912 Auctor
1279 1884 1360 1912 cilicii
1373 1889 1456 1919 atque
1487 1884 1600 1911 canonis
1621 1883 1732 1910 videtur
1759 1883 1848 1910 fuisse

1061 1934 1172 1957 sanctus
1191 1930 1355 1961 Germanus,
1384 1929 1541 1964 patriarcha
1565 1928 1850 1962 Constantinopolita-

1059 1985 1126 2005 nus:
1139 1978 1221 2012 hujus
1233 1977 1367 2012 siquidem
1384 1977 1486 2004 nomini
1501 1976 1651 2004 ascribitur
1667 1975 1846 2010 Troparium,

1060 2028 1122 2058 post
1144 2024 1280 2050 Similaria
1309 2023 1343 2050 ad
1362 2023 1473 2054 Gloria,
1501 2022 1575 2057 quod
1607 2026 1650 2049 est
1680 2022 1732 2049 tale
1757 2030 1764 2048 :
1801 2022 1849 2052 Εξς

1059 2070 1121 2104 ὅρος
1153 2069 1255 2104 ὑψηλὸν
1282 2068 1453 2103 συμϐολικῶς
1483 2068 1512 2094 τὸ
1536 2067 1693 2103 θαυμαστὸν
1716 2067 1848 2097 ἀνελθὼν,

1059 2115 1107 2140 καὶ
1119 2114 1168 2149 τὴν
1183 2114 1284 2148 σεπτὴν
1297 2114 1411 2140 κιϐωτὸν
1437 2113 1474 2143 ὡς
1502 2113 1597 2139 ἄδυτον
1622 2112 1760 2143 εἰσελθὼν,
1777 2113 1851 2146 πρᾶ-

1060 2160 1100 2193 ξιν
1107 2160 1220 2195 ἀρίστην
1230 2160 1276 2186 καὶ
1287 2159 1412 2185 ἐπίϐασιν
1420 2159 1539 2194 θεωριῶν
1549 2159 1721 2192 ἐπεδείξω,τῇ
1735 2159 1785 2192 μὲν
1792 2159 1851 2193 βίον

1059 2205 1240 2239 λαμπρύνας,
1268 2205 1377 2239 δεσμοῖς
1414 2204 1533 2239 σιδηροῖς
1554 2205 1592 2236 ὡς
1615 2204 1756 2239 ὀρμίσκοις
1783 2213 1852 2240 χρυς

229 2253 286 2279 uta
305 2249 366 2276 loco
378 2257 458 2284 quem
471 2257 541 2284 pene
560 2259 628 2285 puer
643 2251 823 2284 habitaverat,
840 2259 939 2279 nomen
951 2260 1010 2279 sor-

1062 2252 1117 2282 σοῖς
1130 2250 1327 2285 κῆσμοὺμενος·
1341 2250 1403 2285 τῇδε
1417 2250 1483 2276 Θεὸν
1496 2250 1567 2284 ὀρῶν
1585 2258 1615 2276 τε
1634 2250 1681 2276 καὶ
1696 2250 1850 2284 ὁρώμενος,

229 2295 328 2322 tiretur
353 2299 415 2329 post
443 2299 568 2322 mortem.
584 2296 655 2323 Fieri
672 2301 762 2324 tamen
789 2297 879 2331 potuit
904 2302 935 2324 ut
955 2305 1009 2324 non

230 2339 319 2369 solum
345 2347 429 2375 super
455 2340 526 2372 illas,
542 2348 610 2375 quas
624 2341 670 2368 ille
688 2342 845 2369 successive
868 2342 1011 2370 dimiserat

229 2385 370 2412 columnas
380 2385 562 2413 ascenderent
575 2386 622 2413 alii
645 2387 693 2414 diu
714 2392 806 2422 postea
822 2395 828 2420 ;
845 2387 892 2414 sed
907 2388 989 2414 etiam
1001 2408 1009 2421 ,

228 2431 353 2467 quamvis
378 2439 480 2466 corpus
504 2437 577 2459 esset
603 2432 763 2464 Antiochiae,
793 2432 885 2467 plures
920 2437 1011 2460 tamen

229 2477 274 2505 alii
300 2477 401 2505 ibidem
434 2477 551 2509 collecti,
576 2478 675 2512 partim
692 2479 806 2513 Stylitae,
832 2479 930 2512 partim
948 2478 1010 2506 Cu:-

228 2523 346 2555 nobitai,
381 2522 524 2550 ell'ceerint
555 2523 672 2558 amplam
708 2531 740 2550 ac
769 2523 898 2550 famosam
929 2524 1010 2550 Man—

229 2567 306 2594 dram
324 2575 331 2593 :
348 2566 383 2594 ad
401 2575 482 2601 quam
497 2567 561 2602 quia
576 2567 699 2602 undique
716 2568 913 2594 occurrebatur
931 2577 946 2595 ιι
963 2576 1011 2603 pe-
1025 2566 1030 2569 λ

228 2612 356 2648 regrinis,
371 2613 511 2640 celebrem
527 2612 565 2639 ibi
589 2611 724 2647 Symeonis
741 2612 897 2640 columnam
921 2613 1011 2640 visere

228 2659 414 2693 cupientibus,
430 2658 504 2693 apud
521 2659 691 2686 recentiores
706 2659 853 2685 invaluerit
863 2679 870 2690 ,
888 2663 918 2685 ut
933 2659 1012 2694 cujus

229 2704 357 2732 columna
375 2703 464 2731 stabat
479 2703 507 2730 in
520 2703 642 2737 Mandra,
657 2704 746 2739 ipsum
767 2711 877 2739 quoque
890 2705 917 2730 in
933 2704 1010 2730 Man-

228 2750 278 2775 dra
293 2749 527 2783 cognominarent.
541 2749 712 2783 Haec,minus
723 2749 760 2776 ibi
776 2750 909 2785 explicata
925 2757 941 2776 a
952 2749 1012 2776 Bol-

229 2794 323 2825 lando,
343 2794 447 2827 placuit
460 2794 506 2821 hic
518 2793 665 2822 deducere.

267 2838 292 2862 Ξ).
311 2837 453 2865 Secundus
467 2838 578 2874 δμηθεοη
588 2847 651 2867 vere
666 2848 698 2867 ac
709 2841 819 2876 proprie
848 2841 938 2868 vocari
964 2848 1011 2876 po-

230 2880 282 2906 tuit
297 2881 509 2911 Archimandrita
528 2892 535 2911 :
549 2892 603 2912 non
613 2885 686 2913 enim
703 2886 790 2913 solum
808 2887 934 2914 columna
951 2887 1010 2922 ejus

1060 2297 1106 2323 καὶ
1123 2296 1202 2331 μόνος
1219 2296 1291 2331 μόνῳ
1306 2295 1475 2330 προσλαλῶν·
1488 2296 1517 2322 ὃν
1528 2296 1643 2327 ἱκέτευε,
1655 2295 1787 2329 σεϐάσμιε
1799 2295 1853 2320 Συ-

1062 2341 1143 2376 μεὼν,
1163 2341 1233 2376 ὑπὲρ
1247 2341 1300 2367 τῶν
1315 2340 1410 2375 ψυχῶν
1425 2340 1519 2375 ὑμῶν.
1547 2340 1664 2368 Videtur
1688 2340 1851 2374 respexisse

1060 2391 1157 2415 auctor
1171 2387 1205 2414 ad
1217 2387 1362 2414 Noeticam
1384 2394 1486 2418 arcam,
1516 2386 1545 2413 in
1575 2385 1691 2413 summis
1710 2386 1851 2412 Armenia:

1061 2433 1202 2460 montibus
1216 2432 1419 2467 quiescentem,
1431 2432 1503 2459 sicut
1514 2432 1628 2466 legimus
1637 2431 1778 2457 Geneseos
1788 2438 1848 2456 vm.

1061 2478 1148 2506 Verba
1176 2478 1233 2512 ipsa
1248 2477 1343 2506 Latine
1357 2477 1397 2504 sic
1412 2476 1500 2504 reddo
1513 2485 1518 2502 :
1533 2476 1566 2503 In
1582 2480 1693 2502 montem
1703 2475 1850 2506 excelsum,

1060 2523 1198 2559 symbolice
1216 2523 1363 2550 mirabilem
1382 2523 1534 2555 ascendens,
1549 2526 1573 2548 et
1602 2522 1781 2548 venerandam
1799 2529 1851 2547 ar-

1061 2579 1118 2597 cam
1133 2569 1202 2597 velut
1215 2570 1323 2604 adytum
1337 2577 1443 2596 sacrant
1453 2569 1594 2603 ingressus,
1611 2568 1739 2602 optimam
1750 2575 1851 2601 opera-

1062 2616 1158 2642 tionem
1174 2619 1197 2641 et
1208 2615 1458 2649 contemplationum
1467 2615 1618 2641 divinarum
1634 2613 1771 2640 sublimem
1784 2620 1852 2646 gra-

1061 2661 1124 2687 dum
1146 2660 1282 2687 ostendisti
1296 2665 1321 2686 te
1351 2666 1497 2687 assecutum
1513 2668 1522 2686 :
1537 2660 1596 2686 hinc
1620 2659 1726 2693 quidem
1755 2658 1851 2692 ferrei:

1061 2705 1183 2737 uinculis,
1196 2709 1324 2738 tanquam
1333 2705 1420 2730 aureis
1434 2702 1585 2735 monilibus,
1594 2710 1687 2737 corpus
1698 2708 1850 2731 exornans;

1062 2751 1121 2778 inde
1145 2759 1206 2777 vero
1226 2750 1310 2777 Deum
1334 2750 1493 2784 conspiciens
1518 2749 1549 2775 ab
1577 2756 1657 2782 eoque
1682 2751 1849 2781 conspectus,

1062 2796 1124 2822 dum
1137 2795 1206 2822 solus
1217 2795 1264 2821 soli
1274 2794 1432 2829 loquereris;
1447 2802 1523 2828 quem
1537 2801 1584 2828 pro
1595 2793 1690 2819 nostris
1708 2792 1851 2818 animabus

1061 2840 1217 2876 depreceris,
1243 2847 1412 2874 quassamus,
1427 2838 1540 2874 ngeon
1567 2838 1723 2865 venerande.
1752 2837 1852 2871 Elegit)

1063 2886 1211 2922 prxligitur
1229 2885 1368 2914 distichon
1380 2884 1537 2920 hujusmodi
1550 2893 1557 2911 :
