1966 3068
221 197 384 232 ﬁnitarum
399 197 465 232 ᾤκει
478 197 542 232 πρὶν
558 195 669 230 Συμεὼν
681 197 731 230 γῆς
750 197 823 231 ὅρος,

222 234 293 260 Πολὺ
306 233 334 258 δὲ
346 232 558 267 πανθαύμαστον
573 233 643 258 οἰκεῖ
659 232 707 258 νῦν
723 232 796 268 ὅρος.

152 290 212 325 Quo
229 290 379 322 indicatur,
392 290 465 324 quod
480 290 525 325 qui
537 290 563 316 in
580 293 652 316 terra
666 294 779 316 montem
792 290 940 316 mirabilem

150 336 297 369 habitabat,
315 344 384 363 nunc
394 335 451 362 caeli
466 340 581 362 montem
598 336 712 362 maxime
732 335 879 362 mirabilem
893 336 942 362 ha-

151 383 233 409 bitet:
248 385 275 409 et
297 381 326 409 in
352 381 426 408 hunc
453 387 565 408 sensum
590 381 672 408 etiam
692 380 853 416 Ephcmeris
882 388 942 408 me—

151 428 218 455 trica
231 436 238 455 :

222 478 315 509 Εἰκάδι
343 478 393 518 ἡδὲ
409 479 528 518 τετάρτῃ
537 481 599 517 ὅρος
613 478 725 517 Συμεὼν
743 480 842 516 ἧμειψε
852 489 858 495 -

223 537 318 566 Vicena
333 541 432 573 quarta
448 542 563 564 montem
575 536 688 572 ngeon
705 537 825 563 mutauit.

150 605 330 641 Erangellum
344 606 463 641 denique
473 605 664 640 przescribitur
671 609 834 640 argumento
847 608 939 640 aptum

149 661 183 680 ex
211 653 305 680 verbis
325 653 445 680 Mattbtci
462 658 497 679 νε
526 651 575 679 Vos
593 653 654 679 estis
671 653 717 679 tux
737 650 829 678 mundi
850 659 860 678 :
889 657 941 678 non

149 702 233 733 potest
248 699 339 725 civitas
353 698 476 725 abscondi
491 706 569 733 super
582 700 695 725 montem
710 698 806 732 posita,
822 702 877 724 etc.

185 742 211 769 7.
234 742 308 769 ldcm
330 743 469 770 secundus
503 751 551 770 seu
581 743 677 770 Junior
704 743 835 778 ngeon,
856 743 939 770 etiam

150 788 284 823 presbyter
299 788 360 820 iuit.
378 789 417 816 uti
436 789 524 816 scitur
542 797 574 816 ex
592 790 660 825 Vita:
682 798 707 816 ρ.
725 789 757 816 19
770 797 776 815 :
791 789 883 816 nullus
900 794 939 816 ta-

151 841 212 860 tncn
232 833 298 860 hinc
314 834 380 860 Inibi
396 835 543 868 scrupulus
567 835 690 861 nascitur
713 835 785 862 circa
812 835 937 868 tertium,

155 879 202 913 qui
215 887 270 906 non
285 879 374 906 solum
388 888 466 915 aeque
477 888 508 907 ac
523 880 568 907 ille
578 881 710 916 presbyter
722 881 815 912 tuerit,
834 881 939 916 specia-

154 925 220 952 liter
233 930 326 953 autem
349 925 441 954 dictus
471 926 506 953 sit
528 927 756 954 Archinuuulrita.
778 927 846 954 Nam
875 928 941 954 licet

150 971 221 998 allus
246 979 358 1006 quoque
389 972 451 999 talis
466 971 559 1003 fuerit,
574 973 759 1000 communiter
775 977 865 999 tamen
893 981 941 1007 ap-

149 1017 302 1052 pellabatur
325 1018 417 1044 aliter.
439 1017 517 1051 Quod
543 1023 636 1045 autem
669 1019 739 1045 nihil
765 1019 940 1053 impediverit

148 1063 273 1090 simulet
304 1062 429 1098 Stylitam
451 1071 511 1091 esse
535 1068 562 1091 et
589 1064 844 1096 Archimanrlrilam,
867 1069 940 1099 patet

147 1115 182 1137 ex
193 1108 253 1136 Vita
266 1109 396 1136 secundi:
415 1116 497 1144 quem
517 1111 602 1137 etiam
621 1118 655 1137 ex
669 1110 769 1149 eadem
802 1110 938 1145 intelligi-

148 1162 213 1182 mus
228 1155 254 1181 in
265 1162 315 1182 sua
334 1155 465 1182 coluntna
477 1163 532 1183 non
548 1155 584 1182 ita
604 1156 770 1191 perstitisse,
786 1156 852 1191 quin
867 1163 939 1191 saepe

148 1201 183 1228 ab
194 1200 293 1228 eadem
315 1200 509 1233 descenderet,
542 1207 598 1229 non
616 1202 706 1229 solum
729 1202 762 1229 ad
789 1202 939 1237 discipulos

151 1247 223 1275 intra
239 1247 392 1281 mandram,
403 1247 450 1275 sed
461 1248 544 1275 etiam
560 1248 594 1275 ad
611 1248 727 1275 inferius
741 1248 939 1275 monasterium

151 1293 333 1320 visitandum.
347 1292 381 1320 Et
396 1293 466 1320 forte
480 1293 563 1321 statio
583 1294 628 1320 illa
643 1294 670 1320 in
691 1294 830 1325 columna.
855 1295 939 1322 certis

152 1338 410 1373 interrumpebatur
427 1339 647 1366 conversationis
665 1340 821 1366 communis
850 1340 938 1367 inter-

149 1384 239 1411 vallis,
257 1383 286 1411 ld
300 1392 366 1412 vero
379 1385 462 1411 etiam
477 1385 666 1413 necessarium
684 1385 737 1412 fuit
753 1386 778 1412 ei
795 1386 842 1420 qui
872 1393 938 1420 pre-

149 1428 244 1463 sbyter
259 1433 329 1461 erat,
346 1434 376 1456 ut
399 1433 492 1463 posset
511 1428 607 1457 divina
629 1430 773 1457 celebrare
795 1431 936 1465 mysteria.

148 1475 381 1509 quemadmodum
402 1475 476 1502 hunc
496 1475 530 1502 de
545 1483 601 1510 quo
618 1476 725 1510 agimus
745 1482 870 1504 sanctum
887 1477 938 1512 Sy-

146 1531 274 1551 mconem
286 1524 383 1552 iecisse
400 1524 427 1551 in
441 1524 631 1552 anniversario
645 1532 702 1552 sua:
721 1526 828 1557 matris,
838 1525 939 1559 legitur
952 1540 973 1568 ο

150 1572 178 1597 in
196 1570 278 1605 hujus
294 1575 395 1597 sancta:
412 1569 473 1597 Vita
497 1579 524 1597 n.
538 1571 583 1597 71.
596 1571 681 1597 Porro
696 1570 772 1597 tertii
787 1570 861 1597 illius
875 1570 937 1605 Sty-

147 1617 202 1644 litaa
228 1616 373 1652 Symeonis
404 1617 463 1643 Vita
485 1616 575 1651 optari
599 1616 708 1643 facilius
738 1621 830 1651 potest
853 1625 936 1651 quam

147 1662 264 1696 sperari.
280 1662 348 1688 Nam
364 1661 439 1696 quod
452 1661 485 1688 ad
501 1661 701 1696 Ephemerides
720 1662 938 1689 Graeco-moscas

126 1712 244 1735 'noster
256 1707 337 1734 Pater
354 1707 562 1741 Papcbrocbius
578 1707 623 1734 die
637 1707 667 1733 Ἡ
689 1707 767 1739 Julii,
793 1712 937 1741 postquam

146 1752 203 1787 egit
218 1752 252 1779 de
264 1756 358 1779 sancto
372 1751 507 1786 Symcone
530 1751 604 1783 Salo,
633 1751 776 1779 iudicatsc
800 1752 938 1787 reperisse

147 1797 236 1826 Vitam
251 1798 391 1833 cujusdam
404 1799 490 1825 sancti
506 1798 642 1834 Symeonis
653 1798 783 1831 Junioris,
794 1798 939 1834 llegumeni

146 1845 234 1872 sancti
279 1844 423 1871 Mamantis
461 1845 488 1870 in
522 1844 667 1871 Xeraccrco
699 1845 824 1880 (rectius
857 1844 939 1871 Xero-

151 1890 248 1925 oerco),
258 1890 292 1917 de
308 1898 362 1925 quo
375 1890 520 1917 dubitabat
535 1898 568 1916 an
581 1894 673 1924 posset
687 1890 760 1917 inter
773 1894 883 1917 sanctos
895 1897 939 1917 rc-

151 1935 230 1970 ierri,
245 1939 274 1963 et
289 1935 402 1971 quidem
428 1935 461 1962 ad
475 1940 716 1970 praememoratum
740 1935 773 1962 26
795 1935 878 1968 Julii;
911 1934 937 1962 id

150 1982 197 2010 hic
212 1990 228 2009 a
243 1990 285 2009 me
300 1982 387 2009 voluit
402 1989 453 2009 suo
468 1982 579 2008 nomine
589 1986 781 2014 retractatum,
795 1986 938 2016 postquam

149 2028 216 2063 legit
229 2035 290 2062 qua:
303 2027 336 2054 de
350 2027 410 2062 ejus
426 2036 480 2054 non
499 2035 564 2054 suta
578 2027 631 2054 tide
647 2027 855 2055 accuratissime
870 2034 936 2054 con-

151 2073 223 2109 gerit
239 2073 294 2100 Leo
308 2073 426 2100 Allatius
450 2081 476 2108 p.
492 2073 552 2100 157.
587 2073 765 2100 Demonstrat
787 2072 862 2100 enim
879 2072 936 2105 hic,

151 2127 183 2146 ex
199 2119 273 2146 illius
304 2118 480 2154 potissimum
518 2118 630 2153 scriptis
655 2122 831 2153 propagatum
867 2118 939 2146 inter

151 2163 301 2191 monachos
331 2164 443 2191 GI'IECOS
467 2163 555 2191 fuisse
578 2164 879 2200 Umphalopsyehorum
904 2163 939 2191 de

715 142 1018 172 COMMENTARIUS
1036 143 1218 174 PREVIUS.
1711 143 1783 176 2970

954 197 974 225 Δ
991 201 1045 224 tres
1063 199 1149 225 nostri
1174 198 1288 226 Parisiis
1312 199 1489 226 contulerant
1512 206 1574 226 cum
1594 198 1781 228 Combctlsio:

998 243 1069 270 unde
1081 251 1136 270 non
1153 244 1253 271 mirunt
1266 244 1288 272 si
1300 244 1344 272 hic
1359 245 1427 280 ipsis
1439 245 1506 272 nihil
1516 246 1585 272 certi
1601 250 1657 272 tum
1670 253 1784 281 respon-

995 288 1066 315 derit
1090 289 1124 316 de
1140 290 1293 317 orthodoxa
1307 291 1459 326 licgumeni
1477 291 1692 319 Xerocercensis
1716 291 1782 324 ﬁde,

994 339 1023 362 et.
1036 337 1236 370 opusculorum
1256 345 1310 364 una
1325 345 1389 365 cutn
1418 338 1478 366 Vita
1503 338 1706 374 descriptorum
1734 338 1784 366 do-

994 381 1092 408 ctrina.

994 458 1006 492 §
1024 458 1055 484 lli
1072 473 1106 478 -—-
1120 459 1157 486 De
1169 459 1256 486 Monte
1275 460 1402 499 Mirabili,
1420 461 1446 499 in
1468 469 1523 499 quo
1538 467 1646 489 sanctus
1670 462 1783 499 Symeon

1295 495 1390 522 Junior
1420 496 1495 524 vixit.

1028 561 1054 588 8.
1070 561 1200 589 Sanctum
1218 562 1390 598 Symeonem,
1403 563 1437 590 de
1449 571 1503 598 quo
1515 565 1631 599 agimus,
1642 565 1782 593 Iuniorem

992 606 1134 642 Stylitarn,
1153 608 1180 634 in
1199 608 1290 635 lttccm
1302 609 1391 644 primo
1408 609 1525 643 editum,
1544 610 1702 644 Antiochia,
1729 612 1781 647 Sy-

994 653 1042 680 ria:
1053 653 1196 680 notissima
1210 654 1286 687 urbs,
1305 655 1426 690 excepit,
1460 663 1579 691 moxque
1605 657 1633 684 in
1655 657 1778 685 vicinum

993 703 1114 726 montem
1135 700 1284 727 transtulit.
1303 700 1368 727 Inde
1384 701 1408 728 is
1421 709 1451 728 se
1466 702 1585 729 contulit
1611 703 1639 730 in
1664 703 1782 730 Montem

993 745 1158 778 Mirabilem,
1180 746 1227 781 qui
1246 746 1386 782 praecipua
1410 747 1463 775 viri
1489 737 1576 775 sancti
1599 749 1725 784 palaestra
1746 750 1783 777 ita

992 792 1083 820 dictus
1094 792 1157 825 fuit,
1175 800 1229 819 non
1247 794 1289 828 (ut
1301 794 1457 828 suspicatur
1470 794 1593 830 quidam)
1620 799 1683 822 ante
1699 796 1783 831 hujus

992 839 1018 866 in
1035 839 1111 866 illum
1128 832 1288 872 adv-cntum,
1305 839 1378 866 unde
1389 847 1451 867 cum
1474 840 1527 867 hoc
1549 841 1782 869 communicatum

992 892 1092 911 nomen
1105 884 1222 918 luisset;
1241 884 1288 912 scd
1301 893 1333 912 ex
1348 885 1430 921 hujus
1446 885 1534 921 ipsius
1547 887 1677 914 inauditis
1699 892 1782 922 atque

992 930 1163 958 admirandis
1179 931 1258 965 plane
1271 931 1421 965 operibus;
1440 931 1479 959 uti
1506 939 1571 959 mox
1586 932 1690 961 indicat
1714 933 1781 961 Pro-

991 977 1070 1012 logus
1091 975 1162 1004 Viue
1177 985 1259 1011 quam
1276 977 1395 1004 damus:
1413 977 1468 1005 imo
1484 985 1517 1005 ex
1533 977 1580 1004 Dei
1594 978 1680 1013 ipsius
1697 983 1778 1012 nutu,

992 1022 1223 1057 quemadmodum
1238 1031 1265 1050 u.
1285 1023 1318 1050 79
1335 1031 1465 1058 expresse
1480 1029 1619 1051 narratur.
1641 1024 1709 1052 Cum
1727 1025 1779 1060 igi-

993 1071 1037 1094 tur
1048 1068 1074 1094 in
1088 1067 1161 1095 illius
1171 1068 1290 1095 decursu
1301 1068 1432 1103 frequens
1448 1070 1581 1097 memoria
1592 1070 1637 1097 tiat
1651 1078 1706 1097 non
1722 1075 1783 1097 tan-

992 1117 1050 1140 turn
1064 1113 1165 1140 Montis
1179 1113 1254 1140 illius
1269 1114 1403 1141 Mirabilis
1415 1135 1422 1147 ,
1447 1115 1493 1142 sed
1507 1115 1658 1142 Antim‘him
1670 1123 1779 1150 quoque

990 1162 1018 1185 et
1032 1159 1178 1193 Daphnes,
1206 1158 1278 1186 haud
1302 1159 1422 1187 otiosqu
1446 1160 1540 1192 luerit,
1566 1164 1651 1187 totam
1681 1160 1779 1187 horum

990 1203 1113 1230 locorum
1138 1203 1373 1238 descriptionem,
1412 1204 1566 1239 elegantem
1597 1212 1662 1232 sane
1696 1208 1780 1238 atque.

990 1254 1159 1282 accuratam,
1177 1257 1211 1276 ex
1232 1249 1337 1276 Joanne
1354 1249 1463 1283 Phocar,
1484 1250 1530 1284 qui
1552 1257 1597 1276 an.
1624 1250 1692 1276 MSS
1718 1250 1780 1276 istic

991 1295 1183 1330 peregrinatus
1200 1295 1256 1322 visa
1272 1299 1381 1322 enarrat
1397 1295 1519 1328 referre;
1546 1300 1576 1322 ut.
1597 1295 1631 1322 ad
1662 1303 1774 1322 manum

990 1340 1090 1368 ltabcat
1101 1341 1199 1373 lector,
1213 1340 1297 1367 veluti
1313 1340 1492 1372 ἀειίηοςιιιιιη,
1514 1341 1567 1368 1οοί
1592 1341 1619 1368 in
1641 1349 1696 1376 quo
1713 1349 1777 1368 vcr-

990 1394 1085 1414 samur
1105 1386 1189 1413 totius
1207 1387 1299 1413 situm.
1312 1385 1358 1413 Sic
1371 1387 1408 1413 ait
1423 1386 1467 1413 ille
1484 1395 1511 1413 nt
1531 1387 1559 1413 tl
1575 1395 1580 1412 :

1025 1431 1155 1458 Exstabat
1186 1437 1259 1464 tum,
1283 1439 1342 1458 cum
1371 1436 1439 1463 erat,
1456 1433 1490 1458 ad
1513 1431 1637 1459 Orantent
1659 1432 1782 1459 Antiochi

990 1477 1144 1512 Theopolis,
1163 1478 1326 1504 theatrorum
1339 1478 1531 1512 magnitudine,
1553 1482 1673 1505 stam-um
1694 1478 1782 1513 splen-

991 1522 1108 1553 doribus.
1123 1522 1281 1558 templorum
1296 1523 1447 1554 structuris,
1470 1523 1545 1558 copia
1560 1523 1621 1550 item
1640 1524 1734 1550 civium
1757 1529 1781 1550 et

991 1568 1144 1595 divitiarum
1159 1568 1358 1604 magniﬁcentia
1379 1568 1492 1603 superba
1509 1577 1540 1595 ac
1554 1574 1667 1601 tunmts,
1679 1569 1784 1605 lateque

989 1620 1098 1642 ca'teras
1117 1615 1171 1649 fere
1183 1614 1323 1641 orientales
1340 1615 1414 1641 urbes
1438 1615 1621 1650 exsuperabat.
1637 1615 1689 1642 Sed
1716 1621 1782 1642 tent-

989 1669 1037 1695 pus
1054 1669 1085 1687 ac
1106 1661 1142 1687 vis
1158 1660 1275 1687 barbara
1291 1661 1443 1687 beatitatem
1470 1660 1542 1686 illius
1567 1661 1686 1687 exhausit
1700 1670 1709 1688 :
1725 1661 1783 1687 licet

989 1709 1129 1742 conspicua
1146 1707 1231 1734 adhuc
1246 1707 1290 1740 sit,
1315 1711 1339 1733 et
1360 1707 1474 1733 turrium
1493 1707 1634 1734 altitudine
1644 1712 1669 1734 et
1683 1715 1783 1742 propu—

989 1753 1165 1789 guaculorum
1182 1752 1329 1784 ualiditate,
1347 1758 1371 1779 et
1391 1758 1528 1787 pratorum
1542 1761 1573 1779 ac
1584 1753 1681 1788 ﬂorum
1696 1754 1782 1779 omni-

988 1808 1056 1836 gena
1073 1799 1244 1834 fecunditate,
1257 1803 1280 1825 et
1294 1799 1322 1825 in
1338 1797 1427 1833 plures
1443 1806 1498 1825 sese
1511 1798 1682 1825 dividentium
1697 1807 1783 1834 aqua-

990 1853 1050 1871 rum
1066 1843 1170 1876 sibilis;
1185 1852 1243 1870 cum
1271 1843 1375 1879 placide
1390 1843 1486 1878 [lucius
1509 1843 1675 1878 circum/luat
1694 1844 1783 1869 urbem

989 1895 1014 1918 et
1029 1891 1128 1927 cingat,
1142 1895 1166 1917 et
1177 1890 1251 1917 molli
1264 1895 1335 1917 tactu
1350 1890 1406 1925 ejus
1429 1894 1515 1916 turres
1541 1889 1782 1925 circumplectalur.

989 1937 1102 1973 Insuper
1119 1946 1132 1964 ε
1157 1936 1269 1964 Castalii
1284 1936 1363 1971 {antis
1384 1937 1491 1971 [tuentis
1516 1937 1616 1971 egregie
1635 1936 1783 1970 irrigatur;

990 1984 1065 2018 cujus
1079 1991 1154 2018 aquae
1171 1983 1329 2009 torrentium
1345 1982 1431 2008 instar
1446 1981 1593 2016 pelluntur,
1610 1986 1634 2007 et
1660 1981 1784 2016 frequen—

990 2029 1057 2055 tibus
1080 2027 1215 2054 sulcorum
1236 2027 1299 2053 rivis
1326 2027 1416 2052 urbem
1442 2026 1592 2052 unimrsant
1608 2025 1782 2059 perfundunt,

990 2081 1100 2108 certique
1114 2072 1226 2108 [luxibus
1246 2076 1390 2107 aspergunt
1404 2080 1412 2103 ;
1427 2079 1568 2106 operarum
1587 2071 1661 2105 copia
1680 2075 1703 2097 et
1719 2079 1781 2097 con-

990 2119 1083 2146 ditoris
1103 2117 1301 2153 magniﬁcentia
1318 2125 1350 2144 ea:
1370 2117 1423 2144 illis
1445 2117 1557 2152 fontibus
1569 2124 1616 2151 per
1629 2121 1728 2142 monles
1748 2116 1783 2143 ad

991 2165 1076 2199 ipsam
1099 2164 1231 2190 civitatem
1258 2162 1379 2190 laticibus
1405 2163 1553 2197 corrigatis.
1568 2161 1615 2188 llic
1639 2161 1713 2196 [mna
1736 2170 1782 2196 per

148 2209 264 2238 Lumine
280 2209 412 2237 Taberan
427 2209 568 2242 haeresim;
585 2217 666 2244 quatit
676 2214 770 2244 postea
787 2209 937 2244 Gregorius
950 2209 976 2239 D
990 2210 1078 2237 orbem
1100 2209 1237 2245 vulgatum
1257 2209 1381 2244 Daphnes
1395 2209 1558 2240 suburbium,
1573 2209 1685 2243 proceris
1701 2215 1778 2234 onme

150 2254 274 2282 Palamas
298 2254 401 2289 aliique
436 2262 585 2289 sequaces,
616 2255 789 2282 dissmmlato
814 2254 937 2290 magistri

150 2300 272 2333 nomine,
298 2299 518 2334 pertinacissime
535 2304 748 2335 propugnarunt
763 2299 872 2339 lateque
883 2299 939 2326 dis-

150 2345 341 2379 seminarunt;
359 2349 387 2373 et
402 2345 448 2372 cui
465 2349 494 2372 ut
506 2346 594 2380 major
619 2346 816 2373 conciliaretur
841 2349 937 2372 aucto-

150 2392 233 2424 ritas,-
246 2391 403 2426 conscripta
415 2391 461 2420 illa
488 2390 550 2418 Vita
575 2395 628 2423 est,
652 2391 825 2426 conﬁt-tuque
847 2391 939 2419 cidem

149 2437 298 2472 subjuncta
312 2436 456 2463 miracula.
474 2435 543 2463 Cum
563 2441 656 2463 autem
687 2437 811 2464 Palatinas
834 2437 939 2464 circum

150 2483 272 2510 medium
283 2483 375 2510 saeculi
385 2490 426 2509 xw
436 2483 573 2515 tloruerit,
584 2482 718 2509 credibile
731 2491 783 2510 non
794 2482 823 2509 lit
838 2483 872 2510 de
885 2487 938 2510 tum

152 2529 260 2556 recenti
277 2536 357 2564 agerc
369 2529 483 2556 Menam.
497 2528 575 2561 Quod
592 2529 614 2555 si
633 2529 666 2555 ad
681 2537 791 2556 manum
803 2529 863 2556 Vita
881 2530 939 2564 ipsa

152 2581 227 2601 nunc
248 2579 333 2607 esset,
357 2575 410 2601 levi
440 2579 509 2601 tunc
533 2574 614 2601 oculo
626 2579 654 2601 et
678 2575 737 2602 solo
758 2575 838 2602 titulo
860 2580 941 2603 tenus

153 2619 218 2645 olim
231 2618 365 2653 inspectu,
383 2619 508 2646 fortassis
521 2619 823 2655 huncqualemcuuque
844 2624 871 2646 et
893 2628 942 2648 cu-

152 2665 307 2700 juscunque
321 2665 384 2692 ﬁdei
400 2665 565 2699 Symeonent
591 2665 644 2691 alio
672 2673 786 2700 prorsus
806 2665 851 2692 die
867 2674 940 2692 mor—

155 2715 231 2737 tuuut
255 2710 427 2742 ostenderet,
448 2714 474 2737 rt
498 2710 524 2737 in
542 2711 668 2738 columna
694 2717 813 2745 unquam
840 2711 940 2739 vixisse

154 2755 294 2791 probaret.
307 2756 400 2782 Restat
415 2755 498 2791 igitur
513 2761 541 2783 ut
554 2756 598 2783 hic
613 2761 770 2787 retractata,
782 2757 818 2783 ibi
829 2757 938 2784 delean-

155 2805 210 2828 tur.
231 2801 310 2828 Edita
326 2809 408 2836 porro
419 2801 470 2828 iuit
484 2802 574 2830 Allatii
591 2803 624 2830 de
641 2803 801 2830 Simeonum
829 2803 941 2838 scriptis

156 2845 281 2874 Dialriba
298 2846 377 2874 annis
398 2851 524 2883 quatuor.
541 2853 683 2883 postquam
699 2849 732 2876 de
748 2849 792 2876 illa
813 2849 872 2877 Vita
892 2850 939 2878 Γει-

989 2264 1070 2292 genus
1095 2255 1231 2282 arboribus
1254 2259 1428 2287 exornatum;
1455 2258 1480 2280 et
1510 2262 1583 2280 mons
1611 2258 1648 2280 est
1666 2253 1779 2279 maxime

990 2301 1095 2333 nobilis,
1109 2309 1186 2337 quem
1212 2301 1385 2328 admirandus
1402 2299 1514 2336 Symcon
1534 2301 1562 2326 in
1590 2299 1779 2326 habitationem

991 2348 1138 2383 adoptauit.

1028 2393 1071 2420 l0.
1084 2392 1161 2420 Hisce
1181 2392 1312 2426 finitimus
1336 2396 1373 2418 est
1390 2400 1463 2418 mons
1482 2391 1593 2418 Maurus
1606 2395 1630 2417 ct
1643 2389 1782 2425 Scopulux,

991 2439 1018 2466 in
1036 2438 1130 2474 quibus
1144 2438 1290 2473 antiquitus
1304 2436 1381 2464 multi
1394 2436 1448 2464 Deo
1464 2436 1637 2463 addictissimi
1648 2436 1707 2466 viri,
1722 2443 1779 2461 eum

992 2485 1155 2520 requirentes
1182 2484 1350 2516 invenerunt,
1367 2485 1391 2510 et
1419 2483 1454 2510 ad
1467 2483 1522 2510 hwc
1543 2487 1662 2517 tempora
1682 2482 1780 2516 perdu—

991 2534 1065 2563 rant,
1082 2535 1107 2557 et
1119 2529 1289 2559 laudatorum
1306 2529 1434 2556 montium
1449 2527 1648 2563 pulchritudine
1668 2527 1782 2561 pellet-li.

991 2576 1072 2604 siluas
1089 2575 1249 2603 inhabitant.
1263 2573 1396 2602 Castalius
1417 2574 1474 2608 fons
1483 2574 1552 2601 inter
1567 2573 1630 2599 duos
1644 2572 1723 2599 colles
1735 2581 1780 2598 c.1-

991 2621 1092 2653 siliens,
1107 2628 1138 2647 ea;
1163 2620 1231 2655 ejus,
1245 2620 1290 2654 qui
1311 2620 1338 2646 in
1355 2627 1431 2645 mare
1459 2619 1602 2654 procurrit,
1621 2618 1674 2644 ima
1697 2622 1783 2652 partv,

993 2667 1089 2694 eximia
1113 2665 1235 2701 quaedam
1260 2673 1392 2700 aquarum
1418 2664 1521 2699 irrigua
1545 2664 1659 2695 erontit;
1679 2664 1703 2689 in
1733 2671 1783 2697 quo

993 2711 1156 2747 prcegrandis
1171 2711 1284 2746 assurgit
1296 2711 1423 2745 porticus,
1436 2718 1542 2736 cursant
1556 2709 1633 2744 fontis
1644 2717 1782 2735 containe-

995 2767 1067 2784 rans.
1081 2758 1148 2784 Hinc
1161 2765 1237 2792 aqua‘
1248 2757 1385 2792 afﬂuenter
1404 2755 1578 2791 prosilientes,
1591 2756 1617 2782 in
1630 2755 1692 2781 duos
1716 2763 1782 2781 rit-rs

995 2803 1156 2836 dividuntur.
1172 2804 1272 2830 Eurum
1296 2812 1348 2830 una
1362 2811 1423 2838 pars
1439 2811 1486 2837 per
1509 2801 1652 2828 altissimos
1677 2802 1784 2830 ductus,

994 2849 1073 2877 veluti
1083 2848 1167 2876 sulcos
1177 2849 1306 2879 der'rata,
1321 2856 1392 2882 irque
1405 2857 1434 2874 ac
1450 2848 1536 2874 aerius
1549 2847 1654 2882 ﬂuuius,
1668 2855 1698 2873 (π
1709 2852 1785 2881 parre
