1966 3068
200 142 268 174 ΞιἸΙ

839 141 869 170 S.
891 139 1039 170 SYMEON
1058 139 1210 170 JUNIOR.

1753 139 1824 169 2972

200 199 307 226 dextera
322 198 539 234 superioriquciu
549 198 638 225 urbem
649 199 735 233 inﬂuit
748 208 756 231 ;
773 198 858 225 altera
869 198 983 225 sinistris
1000 200 1019 225 Α
1035 196 1138 223 fuerint
1151 206 1157 222 :
1179 196 1224 223 hic
1239 195 1389 223 cminuissc
1401 194 1474 222 inter
1500 203 1595 222 omnes
1609 195 1746 221 dicendus
1761 199 1802 222 est
1816 215 1822 224 .

200 245 267 278 [uati
282 244 343 272 locis
356 244 542 279 campestribus
563 243 712 276 exundans,
730 245 756 270 in
778 243 917 279 paludibus
938 251 978 269 su-

199 294 362 325 perstagnat,
375 289 546 323 universaque
571 289 694 323 Bap/mes
714 292 793 323 prata
819 288 928 320 irrorat,
944 287 986 313 de-

203 344 272 363 mum
301 335 372 362 lituis
396 333 503 361 Orontis
525 335 631 369 ﬂuentis
646 335 814 361 immiscetur.
829 335 905 361 Mons
925 342 985 361 vero

202 381 384 412 admirandus,
399 380 467 406 inter
484 381 572 406 urbem
589 384 612 406 et
629 388 702 406 mare
717 380 813 411 elatus,
828 389 867 406 res
881 381 986 415 egregia

201 433 232 451 uc
241 424 390 458 spectabilis
414 429 438 451 et
457 425 650 452 advenientium
664 425 746 452 oculis
772 425 904 457 delicium,
924 434 986 452 con-

201 471 327 505 tpieitur:
336 478 449 505 namque
458 471 515 497 urbi
528 470 666 506 R/tosoque
678 472 986 506 conterminus,utraque

199 524 231 543 es;
255 520 330 551 parte
350 516 480 543 montibus
502 516 614 551 Scapula
637 516 806 552 Caucasoque
828 517 985 552 constringi-

199 565 252 587 tur.
266 560 375 588 Orontes
387 562 480 596 ﬂuuius
494 562 640 588 innumeris
654 562 825 597 inﬂexionum
846 562 985 588 verticibus

201 607 236 633 ad
255 606 332 642 pedes
347 608 440 634 montis
456 608 572 642 proﬂuit,
589 602 614 633 ei
625 608 652 634 in
673 616 746 634 mare
762 617 845 643 aquas
856 609 983 635 immittit.

206 667 207 673 ι
237 652 322 679 Η.1η
350 653 444 680 montis
460 653 568 688 hujusce
595 654 693 680 vertice
719 662 829 689 magnus
859 653 905 680 ille
934 654 984 687 vir,

199 698 343 733 tranquille
358 699 439 725 vitam
452 707 532 734 agens
545 704 569 725 et
585 700 612 726 in
625 700 702 726 corde
717 701 881 727 ascensione:
896 700 985 735 dispo-

200 753 273 776 nens,
291 753 398 779 corpore
410 745 528 772 sublimis
541 745 684 779 extollitur,
697 750 721 772 et
734 754 792 772 cum
807 747 863 781 ipso
878 754 985 781 corpore

199 791 324 816 a'tltereus
336 789 406 824 ﬁeri,
416 791 534 826 interque
547 791 628 818 Deum
640 795 663 818 et
675 792 791 818 homines
803 793 902 818 medius
919 801 983 824 esse,

198 835 339 861 contendit.
354 835 387 862 At
401 844 453 866 qua
470 836 571 862 ratione
588 835 642 863 Deo
654 836 740 863 dedito
755 837 809 863 viro
822 838 872 863 ista
886 846 925 863 res
935 838 984 864 ad-

199 881 339 907 miratione
363 881 443 916 digna
469 882 658 916 euenerit,ipse
681 883 777 909 dirum.
796 883 984 917 Lapicidarum
999 866 1022 895 Β

198 934 278 961 opera
291 927 441 954 summitate
452 927 709 955 MontisAtlmirandi
720 930 771 955 alte
781 933 918 961 excavata,
928 938 983 956 mo-
998 946 1001 950 -

199 971 343 997 nastcrium
354 979 383 997 ex
391 979 442 997 uno
452 971 618 1006 ejusdemque
627 977 731 999 natura
743 972 830 1007 lapide
842 975 981 1008 exstruxit,

201 1016 228 1041 in
248 1016 321 1050 cujus
336 1017 418 1043 tnedio
430 1017 548 1044 nativam
562 1017 712 1045 columnam
725 1019 983 1047 excidendamcuru-

199 1062 244 1091 cit.
257 1062 285 1089 in
296 1070 378 1097 eaque
389 1063 498 1097 vestigia
508 1064 604 1097 posuit,
614 1063 737 1098 ﬁrmans,
749 1066 786 1092 uti
794 1074 870 1092 sacra
888 1071 984 1093 sonant

199 1107 324 1142 Eloqnia,
338 1115 417 1143 super
427 1112 528 1141 petram
541 1109 617 1144 pedes
629 1118 688 1136 suos
697 1111 717 1136 ¹.
732 1110 823 1137 Versus
834 1111 915 1138 solem
925 1120 984 1138 vero

200 1152 371 1185 exorientem,
387 1151 516 1187 templum
531 1153 583 1179 Deo
598 1153 803 1188 pulcherrimum
814 1156 947 1187 eucitavit,
958 1157 985 1182 in

199 1197 268 1232 quod
281 1197 439 1224 convocabat
456 1198 596 1233 discipulos
614 1207 622 1225 :
644 1205 723 1234 atque
745 1201 783 1227 ita
800 1201 846 1228 sub
867 1202 909 1228 dio
932 1202 985 1235 ipse

200 1251 377 1276 comntorans,
391 1243 432 1271 illi
456 1248 511 1271 tota
527 1250 600 1271 nocte
613 1246 640 1272 in
656 1246 751 1281 templo
762 1252 872 1280 stantes,
889 1253 917 1274 ut
939 1249 984 1274 (le-

199 1288 272 1316 cebat
288 1294 404 1321 sanctos,
418 1290 532 1317 debitum
544 1291 598 1318 Deo
613 1291 713 1318 cultant
728 1293 878 1327 offerebant.

236 1334 279 1361 12.
291 1333 431 1362 Hactenus
441 1336 606 1370 perpulchrc
617 1337 736 1364 Joannes
750 1337 856 1365 Phocus.
879 1338 907 1366 lu
922 1339 984 1374 qui-

200 1380 251 1407 bus
264 1384 353 1407 tamen
369 1381 421 1408 sub
435 1380 516 1408 ﬁnem
530 1383 645 1416 paucula
678 1383 812 1418 qumdam,
831 1392 864 1411 cx
883 1385 986 1412 versio-

205 1432 239 1452 ne
251 1425 354 1457 Allatii,
369 1433 450 1460 quam
471 1431 498 1454 et
511 1434 562 1454 nos
577 1428 637 1455 loco
645 1429 782 1464 assignato
792 1429 924 1465 integram
937 1431 984 1458 dc-

203 1470 304 1502 dimus,
320 1471 499 1503 subobscura,
517 1472 562 1499 hic
576 1481 637 1500 cum
651 1474 745 1501 Grzcco
770 1479 845 1502 textu
875 1476 984 1508 collata,

1037 250 1098 268 ctttn
1114 241 1246 269 nominati
1264 240 1393 276 Scopulus
1405 245 1433 267 et
1444 240 1576 267 Caucasus
1601 240 1686 267 veluti
1701 249 1750 274 pro
1774 248 1823 275 ap-

1036 288 1201 322 pendicibus
1220 287 1396 324 adjiciantur,
1411 295 1462 314 nec
1478 287 1562 314 ullutn
1579 286 1698 313 aliorum
1724 293 1824 312 nomen

1036 337 1152 367 excepto
1168 333 1273 365 Mauro,
1287 337 1334 360 aut
1351 332 1406 364 hic,
1438 337 1485 359 aut
1513 333 1541 358 in
1555 332 1626 363 Vita,
1654 331 1737 363 forte,
1773 339 1824 358 mc

1036 379 1101 406 alibi
1116 379 1255 406 memoria:
1273 378 1412 413 proditqu
1436 379 1603 406 inveniatur.

1072 425 1115 452 Μ.
1132 425 1164 452 Et
1187 433 1261 457 salte,
1287 432 1368 459 quem
1396 424 1505 452 eminus
1531 425 1724 451 advenientium
1761 432 1825 452 ocu-

1037 470 1068 497 lis
1079 469 1201 496 delicium
1216 470 1335 504 appellat
1349 473 1455 502 auctor,
1472 477 1527 496 non
1547 469 1714 505 injucundus
1733 469 1821 497 fuerit

1036 516 1112 543 locus
1126 524 1238 543 necesse
1261 521 1312 548 est,
1326 516 1451 550 quamvis
1467 515 1494 542 in
1511 515 1582 548 Vita,
1597 524 1625 542 ιι.
1645 516 1689 547 92,
1702 516 1823 542 desertus

1035 561 1209 597 incultusque,
1228 571 1278 589 non
1305 563 1338 589 ab
1354 571 1434 596 aqua,
1450 566 1532 592 tecto,
1550 561 1636 588 aliave
1651 569 1678 588 re
1690 561 1724 588 ad
1740 562 1823 589 vitam

1036 609 1183 635 necessaria
1213 609 1356 635 instructus
1392 608 1509 635 dicatur.
1546 606 1845 634 Commendationcm‘

1035 653 1136 688 quippe
1152 654 1286 681 meruisse
1306 658 1395 689 potest
1410 653 1467 688 ipsa
1484 653 1630 680 sterilitate
1646 657 1727 687 atque
1741 660 1823 687 aspe-

1036 700 1116 726 ritate
1132 707 1191 729 sua,
1208 699 1309 734 quibus
1324 699 1594 732 oculos,virentibus
1608 698 1712 726 circum
1726 697 1822 725 riden-

1036 744 1163 779 tibusque
1189 745 1276 779 pratis
1300 749 1435 777 assuetos,
1450 744 1601 779 jucundius
1612 743 1756 771 alliciebat.
1769 744 1824 771 Po-

1036 790 1088 816 tuit
1102 790 1184 817 ctiam
1201 790 1317 822 laudari,
1332 790 1404 825 quod
1416 789 1660 825 injucundissimus
1681 789 1744 816 inde
1755 797 1822 824 pro-

1036 841 1146 870 spectus
1160 840 1242 863 esset.
1260 836 1322 863 Sive
1343 836 1417 862 cnim
1432 835 1516 870 (quod
1541 835 1643 862 sanctis
1659 834 1822 862 deliciarum

1036 883 1157 909 omnium
1176 882 1414 910 dciiciosissimum
1423 882 1474 917 est)
1486 887 1593 909 erectos
1606 881 1633 908 in
1644 881 1743 908 (telum
1757 881 1823 908 vul-

1036 928 1174 962 tusplacct
1186 929 1292 960 tollere,
1310 929 1355 955 hic
1365 929 1514 964 spatiosius
1526 929 1699 963 lucidiusque
1711 929 1824 963 conspi-

1036 974 1118 1005 citur,
1137 975 1220 1002 nul-lis
1238 979 1318 1002 terra:
1329 974 1489 1010 fumigantis
1509 975 1654 1002 inamtonis
1673 974 1824 1009 vaporibus

1036 1019 1236 1054 interceptum:
1254 1021 1311 1047 sive
1337 1024 1446 1047 terrena
1484 1020 1663 1055 contemplari
1692 1020 1821 1052 delectat,

1036 1066 1100 1094 inde
1115 1075 1147 1093 ac
1166 1067 1320 1094 cmlestium
1347 1067 1554 1094 meditationem
1574 1067 1700 1094 securius
1724 1075 1821 1094 ascen-

1035 1120 1146 1145 surum;
1165 1112 1336 1148 ubi.qu:cso,
1356 1117 1490 1140 terrarum
1510 1114 1679 1148 voluptatum
1703 1113 1824 1147 amplior

1036 1163 1248 1193 sanctorumque
1291 1159 1490 1195 cogitationum
1524 1159 1642 1186 fcrtilior
1682 1159 1823 1193 campus?

1035 1203 1123 1231 Urbcs
1147 1204 1280 1238 imprimis
1311 1205 1440 1241 subjecta:
1462 1205 1607 1232 Antiochia
1626 1213 1658 1232 ac
1683 1205 1822 1237 Seleucia,

1036 1250 1228 1278 mcmombilcs
1241 1251 1358 1278 maxime
1372 1259 1403 1278 ac
1419 1251 1560 1286 speciosa),
1571 1251 1635 1286 quid
1653 1259 1706 1278 non
1720 1259 1824 1286 repray

1026 1297 1164 1335 lsenlant?
1180 1297 1248 1324 llinc
1274 1297 1421 1332 Scopulus,
1434 1297 1582 1331 asperitate
1597 1304 1645 1323 sua
1665 1303 1791 1323 amoenus
1815 1304 1823 1328 ;

1037 1341 1100 1368 inde
1112 1342 1249 1369 celebrata
1266 1342 1389 1369 omnium
1405 1342 1524 1377 scriptis,
1538 1346 1568 1369 ut
1579 1341 1823 1376 merita,Dapbue.

1036 1391 1168 1422 quantum
1183 1389 1327 1414 recreant!
1347 1387 1445 1422 Prope,
1462 1387 1512 1414 sub
1531 1387 1590 1422 ipso
1611 1392 1715 1418 monte,
1748 1387 1821 1414 ludit

1036 1432 1120 1459 variis
1141 1432 1279 1459 meandris
1297 1436 1379 1467 atque
1392 1432 1561 1459 anfractibus
1579 1432 1823 1467 Orontcszprocul

1037 1482 1112 1512 patet
1123 1477 1349 1513 spatiosissimum
1364 1481 1445 1512 atque
1453 1477 1541 1504 oculis
1555 1476 1758 1504 interminabile
1769 1484 1820 1511 pc-

201 1515 317 1542 clariora
334 1515 396 1543 feci.
412 1516 482 1549 Quid
497 1517 570 1544 enim
583 1518 635 1545 sibi
655 1519 712 1546 vult
726 1519 813 1547 istud:
828 1520 860 1547 In
885 1522 984 1547 colum-
998 1534 1021 1564 α
1037 1524 1130 1559 lngus;
1146 1527 1220 1558 patet
1239 1523 1304 1550 item
1317 1523 1425 1550 diversa
1442 1528 1533 1555 terrae,
1549 1523 1613 1550 hinc
1630 1522 1656 1549 in
1670 1522 1820 1549 collcsela-

202 1568 237 1586 na
253 1559 351 1595 gradus
365 1561 496 1595 appinxit,
525 1561 571 1588 ubi
598 1561 691 1589 Grai-ce
724 1567 768 1590 est
794 1564 822 1590 ἐν
850 1564 919 1590 κίονι
935 1565 984 1596 τὰς

203 1605 296 1639 βάσεις
312 1605 408 1633 ἑθετοῖ
424 1607 537 1634 Rectius
551 1611 578 1634 ct
593 1612 757 1643 argumento
787 1610 915 1644 praesenti
938 1619 984 1638 ac-

203 1651 404 1679 commodatius
417 1652 674 1687 interpretaberis;
690 1654 722 1681 In
736 1655 861 1683 columna
878 1658 986 1692 vestigia

201 1705 247 1724 seu
273 1697 349 1732 pedes
371 1699 467 1733 posuit.
495 1699 614 1726 lnnuerc
640 1701 742 1736 quippe
772 1703 831 1730 vult
855 1704 987 1738 scriptor,

202 1744 533 1778 Symeonemasccndissc
548 1746 704 1774 columnam
720 1767 727 1780 ,
751 1748 779 1774 in
802 1756 883 1784 eaque
912 1754 986 1777 stan-

204 1792 256 1815 tem
270 1788 321 1815 sub
340 1789 386 1816 dio
401 1789 527 1818 laudasse
538 1791 635 1818 Deum.

238 1833 282 1860 15.
296 1834 341 1861 Sic
356 1834 440 1869 igitur
455 1835 537 1862 situm
552 1837 654 1865 montis
675 1839 800 1874 concipe.
819 1839 877 1868 Non
891 1841 985 1869 admo-

204 1877 270 1904 dum
286 1878 380 1913 procul
407 1879 441 1906 ab
470 1880 625 1913 Antiochia,
655 1882 689 1909 ad
715 1882 846 1912 Orontem
872 1885 984 1913 llm'itnn

197 1921 326 1956 ‘condita,
350 1925 675 1958 septentrionemversus
699 1928 765 1956 urbs
786 1929 896 1958 Rhesus
913 1933 983 1959 mari

202 1968 321 2004 adjacet:
339 1969 411 1997 inter
427 1975 572 2006 utramque
589 1977 673 2005 terra,
687 1974 859 2009 longiuscule
871 1977 898 2004 in
910 1986 984 2006 mare

201 2022 298 2042 versus
318 2015 488 2043 occidentem
505 2025 681 2052 procurrens,
696 2020 722 2047 in
749 2026 872 2049 extremo
887 2023 984 2051 Seleu-

200 2060 270 2086 ciam
296 2061 455 2096 continent,
471 2063 521 2090 150
541 2063 628 2090 stadia
660 2064 807 2093 Antiochia
835 2067 960 2096 dissitam

200 2105 268 2133 adeo
282 2110 312 2133 ut
326 2106 442 2134 formam
457 2108 590 2144 trigonam
605 2114 688 2138 ternae
703 2111 761 2139 ista:
775 2113 900 2141 civitates
913 2123 982 2149 quo-

199 2150 345 2180 dammodo
368 2159 578 2188 reprzcsentcnt,
592 2156 651 2190 pari
665 2156 750 2184 ferme
767 2159 837 2186 inter
852 2167 880 2186 se
892 2161 982 2195 spatio

1039 1575 1081 1602 ue,
1099 1570 1161 1597 inde
1177 1569 1204 1596 in
1217 1569 1300 1596 valles
1311 1569 1455 1604 depressae,
1472 1568 1538 1596 alibi
1553 1568 1666 1600 arentis,
1683 1568 1749 1595 alibi
1757 1576 1827 1595 con-

1037 1616 1096 1643 sitae
1115 1615 1208 1643 facies.
1224 1615 1329 1651 Ecquid
1348 1615 1431 1650 igitur
1445 1614 1532 1647 deest,
1549 1619 1579 1642 ut
1599 1614 1722 1642 delicium
1746 1615 1824 1642 dica-

1039 1666 1083 1689 tur
1098 1669 1176 1689 tnons
1195 1661 1246 1689 iste
1259 1662 1270 1688 ’ἓ

1110 1706 1123 1742 §
1137 1707 1181 1734 lll.
1200 1706 1236 1733 De
1255 1711 1332 1734 «atate
1349 1707 1435 1734 sancti
1450 1706 1586 1742 Symeouis
1604 1707 1732 1734 Junioris.

1074 1753 1117 1780 15'.
1135 1753 1193 1780 Duo
1209 1753 1341 1780 hactenus
1357 1761 1489 1788 perquam
1505 1753 1632 1786 obscura,
1650 1761 1710 1788 qua:
1733 1753 1766 1780 ad
1782 1754 1823 1781 di-

1036 1798 1210 1826 stinctionem
1242 1798 1407 1834 Symeonum
1435 1799 1616 1834 Stylitarum,
1642 1807 1757 1834 qumque
1784 1800 1818 1827 ad

1037 1844 1154 1871 Montem
1165 1844 1326 1876 Mirabilcm,
1343 1844 1401 1871 solo
1416 1845 1473 1872 fere
1485 1845 1596 1873 nomine
1606 1845 1654 1872 diu
1669 1846 1822 1880 cognitum,

1036 1889 1163 1921 attinent,
1179 1889 1351 1924 prosecutis;
1367 1889 1440 1917 haud
1455 1891 1536 1925 paulo
1547 1890 1656 1925 gravior
1676 1890 1824 1918 difﬁcultas

1034 1934 1170 1961 incumbit
1182 1934 1331 1962 deﬁniendi
1345 1938 1463 1967 certum.
1477 1935 1499 1962 si
1515 1935 1612 1970 possit,
1626 1940 1733 1971 tempus
1744 1956 1750 1968 ,
1767 1943 1823 1971 quo

1033 1979 1131 2007 Junior
1147 1980 1263 2015 Symcon
1279 1984 1360 2007 natus
1375 1984 1553 2015 mortuusque
1571 1980 1664 2008 fuerit.
1678 1981 1821 2008 Neminem

1034 2025 1156 2060 reperire
1183 2025 1262 2053 licuit
1290 2030 1444 2058 auctorem,
1460 2026 1508 2061 qui
1538 2026 1752 2054 determinatius
1771 2027 1822 2054 ali-

1034 2071 1098 2105 quid
1114 2070 1271 2104 a‘llirmaret,
1290 2079 1372 2106 quam
1387 2071 1472 2100 fuisse
1500 2072 1663 2107 Symeonem
1692 2075 1820 2108 tempori-

1033 2117 1079 2144 bus
1086 2117 1184 2144 Justini
1199 2117 1325 2144 Senioris.
1340 2118 1398 2145 lmo
1411 2126 1499 2153 neque
1513 2118 1586 2152 Vita,
1600 2126 1681 2153 quam
1706 2119 1819 2154 subjici-

1033 2162 1181 2194 tuus,diem
1188 2170 1324 2190 annumve
1336 2167 1412 2190 ortus
1420 2168 1466 2191 aut
1473 2163 1564 2191 obitus
1573 2164 1645 2192 illius
1653 2164 1821 2192 determina-

199 2197 342 2244 distantes.
365 2198 434 2226 Hinc
449 2208 538 2233 mons,
563 2201 610 2236 qui
640 2201 813 2230 Antiochiam
846 2197 981 2232 Rhosum-
996 2197 1020 2225 ι)
1034 2210 1090 2232 tum
1099 2206 1190 2242 ponit;
1207 2207 1327 2242 suggerit
1337 2211 1426 2235 tamen
1434 2208 1822 2244 quaedamhincindcquui-

198 2248 251 2276 que
264 2241 366 2269 dicitur
378 2245 561 2276 committere,
581 2244 736 2273 Seleuciam
761 2248 877 2275 includit
891 2257 982 2284 segre-

197 2291 297 2322 gatquc
313 2288 348 2316 ab
360 2289 467 2324 reliqua
477 2291 649 2318 continente.
661 2292 750 2328 Atque
780 2295 815 2322 ita
840 2301 913 2323 recte
927 2305 976 2331 po-

198 2331 274 2359 nitur
288 2332 360 2361 inter
375 2334 472 2362 urbem
488 2336 689 2364 Antiochenam
713 2342 797 2373 atque
825 2349 899 2369 mare
922 2342 979 2369 ela-

198 2382 257 2404 tus:
275 2379 349 2413 quod
366 2380 454 2414 ipsum
473 2381 555 2408 etiam
567 2390 600 2408 ex
625 2383 688 2411 Vita
702 2392 729 2410 n.
749 2385 781 2411 77
799 2387 915 2414 stabiliri
933 2396 981 2423 po-

197 2427 260 2451 test.
272 2424 361 2453 Habet
375 2433 457 2461 porro
468 2435 547 2454 mons
564 2428 616 2455 iste
631 2430 770 2464 oppositos
795 2432 864 2460 duos
888 2433 979 2467 alios;

196 2477 313 2502 quorutn
326 2471 396 2498 alter
413 2471 470 2506 qui,
487 2471 616 2506 Scopulus
641 2473 752 2508 dicitur,
769 2475 893 2504 Seleucia
909 2479 981 2505 Itho-

197 2520 257 2539 sum
273 2515 396 2542 tendenti
410 2516 498 2543 media
514 2518 637 2545 occurrit
657 2519 712 2551 via,
729 2521 796 2547 mari
813 2522 999 2561 imminens”

196 2563 224 2585 ct
238 2558 273 2586 ab
287 2559 338 2586 hac
368 2561 447 2594 urbe,
465 2562 560 2594 credo,
581 2562 704 2599 Scopulus
720 2566 844 2595 Rhosicns
861 2569 981 2604 appella-

172 2604 181 2615 ‘
197 2607 260 2636 tur;
275 2605 404 2638 alterum,
419 2607 463 2633 cui
477 2607 610 2635 Caucasus
636 2618 736 2638 nomen
750 2613 858 2648 obtigit,
884 2615 910 2641 in
929 2615 978 2642 ad-

195 2657 273 2676 versa
284 2657 344 2677 esse
360 2656 438 2686 parte
452 2652 548 2680 Montis
560 2654 689 2682 Mirabilis
700 2677 707 2689 ,
735 2657 863 2686 videlicet
890 2661 980 2688 orien-

199 2695 257 2727 tali,
275 2703 308 2723 ex
336 2698 494 2726 narratione
505 2705 632 2728 constare
657 2702 774 2730 videtur.
798 2704 875 2738 Quod
897 2706 978 2742 siqui

195 2740 239 2767 alii
256 2741 343 2770 colles
363 2750 505 2772 montesve
533 2746 721 2781 ignobiliores,
748 2740 978 2784 quemadmodum

196 2784 254 2812 ﬁeri
273 2787 373 2815 assolet
387 2794 469 2824 atque
485 2790 511 2818 in
529 2792 587 2820 Vita
604 2794 686 2821 etiam
705 2795 842 2829 proditur,
860 2797 978 2826 circum-

236 2842 243 2859 ¹
261 2843 330 2870 Psal.
348 2853 437 2878 xxxiv;
456 2848 481 2875 5.

1035 2250 1086 2278 bus
1100 2250 1208 2278 deliniri
1218 2251 1334 2279 certiora
1344 2253 1460 2286 possint.
1467 2253 1527 2280 Mox
1535 2253 1608 2280 enim
1615 2262 1643 2280 n.
1654 2254 1685 2281 lO
1693 2254 1820 2287 habetur,

1036 2296 1197 2332 Symconem
1212 2299 1416 2334 quinquennem
1429 2299 1521 2333 fuisse,
1541 2309 1603 2328 cum
1623 2303 1713 2337 gravis
1740 2308 1821 2331 terra:

1035 2345 1126 2368 motus
1132 2342 1305 2370 Antiochiam
1317 2342 1562 2379 labefactavit,quo
1573 2352 1668 2372 eversa
1676 2345 1748 2373 illius
1755 2355 1823 2381 quo-

1036 2394 1088 2421 que
1098 2388 1194 2415 domus
1204 2389 1276 2416 inter
1293 2389 1359 2416 alias
1373 2395 1425 2422 est,
1445 2394 1473 2417 et
1485 2394 1563 2425 pater
1577 2391 1663 2419 ruinis
1678 2392 1821 2421 involutus

1035 2432 1150 2460 interiit.
1165 2433 1311 2460 Deﬁnitum
1328 2434 1374 2461 hic
1391 2434 1471 2466 foret,
1486 2436 1509 2462 si
1530 2435 1637 2465 felicior
1663 2438 1819 2470 Antiochia.

1032 2479 1123 2506 minus
1136 2478 1328 2514 frequentibus
1343 2485 1469 2514 quassata
1486 2481 1606 2508 motibus
1621 2481 1728 2510 fuisset.
1747 2483 1821 2511 Duo-

1032 2532 1093 2551 rum
1105 2524 1292 2552 mcminerunt
1303 2529 1429 2553 auctores
1444 2526 1577 2562 Evagrius
1589 2532 1670 2562 atque
1678 2529 1822 2565 Theopha-

1031 2578 1091 2602 nes,
1105 2571 1152 2604 qui
1169 2570 1221 2597 sub
1235 2570 1307 2597 idem
1324 2571 1381 2598 fere
1391 2575 1508 2607 tempus,
1526 2573 1671 2609 intcrjecto
1682 2577 1820 2604 mensium

1032 2616 1144 2651 triginta
1160 2625 1214 2644 non
1232 2617 1349 2652 amplius
1365 2619 1463 2652 spatio,
1481 2619 1664 2648 invaluerunt.

1069 2661 1112 2688 16.
1127 2661 1249 2689 Priorem
1270 2662 1309 2688 sic
1327 2661 1600 2699 describitEvagrius
1613 2665 1632 2692 l.
1649 2674 1685 2699 tv,
1702 2675 1763 2702 cap.
1780 2669 1797 2696 5
1813 2678 1820 2696 1

1032 2707 1129 2734 Iisdem
1149 2707 1247 2735 Justiin
1264 2708 1420 2743 temporibus
1431 2709 1522 2737 crebra
1537 2712 1680 2746 graviaque
1698 2713 1821 2741 incendia

1032 2753 1177 2781 Antiochia?
1192 2755 1368 2789 contigerunt,
1389 2763 1446 2789 qua:
1461 2756 1541 2783 veluti
1553 2757 1629 2785 duces
1647 2758 1754 2793 {uerunt
1766 2765 1821 2786 ter-

1033 2799 1167 2834 ri/icorum
1193 2806 1270 2828 terra!
1292 2805 1418 2834 motuum,
1433 2802 1526 2829 ibidem
1551 2808 1640 2838 postea
1668 2811 1820 2834 consecuto-
