1966 3068
133 117 202 148 2.373

693 119 993 151 COMMENTARIUS
1013 121 1196 152 PRxEVlUS.

1682 127 1755 159 297l-

133 183 202 208 rum,
217 176 442 212 prteluscruntqne
471 177 669 214 calamitatibus,
692 179 826 216 venturis,
847 179 918 206 Nam

977 180 1061 212 λείας,
1078 181 1142 216 μηνὶ
1151 180 1257 215 δεκάτῳ
1271 189 1277 195 -
1295 180 1347 207 ἁνᾶ
1361 181 1405 207 τὸν
1421 182 1591 217 ’Λρτεμεσιον
1607 185 1677 220 μῆνα
1693 188 1752 222 ἦτοι

134 221 203 248 brct-i
231 227 288 256 post
306 228 432 259 tempore,
445 234 515 252 anno
529 227 639 261 septimo
661 227 766 262 imperii
786 227 884 254 Justini
896 232 920 254 et

135 275 222 294 mense
239 267 338 295 decimo
352 278 361 302 ;
376 278 463 297 mense
482 271 622 299 Artemisia
636 280 681 299 seu
693 272 783 305 Maio;
802 273 843 299 dic
865 273 921 308 ejus

135 320 203 339 nona
216 321 247 340 ac
262 315 394 347 vicesima,
408 316 464 351 ipso
484 318 591 344 meridie
608 318 680 351 ferite
692 316 782 349 scalae,
793 323 822 344 ut
843 326 922 345 voca-

134 360 188 388 tur,
200 358 367 386 hebdomadis
383 368 392 392 ;
406 363 536 388 succussio
553 371 584 388 ac
595 367 679 389 motus
695 368 780 394 terrte,
794 362 921 390 invaden-

135 407 172 429 tes
199 403 299 436 urbem,
318 413 383 439 pene
412 411 495 433 totum
518 407 636 442 funditus
649 409 842 435 subuerterant.
857 408 921 435 Post

135 448 189 475 haec
211 451 332 477 successit
361 451 428 486 ignis
455 461 567 488 quoque,
587 458 611 480 et
639 453 820 481 calamitatem
845 454 923 489 quasi

135 501 193 521 cum
216 494 269 523 illis
299 497 414 532 partitus
439 502 486 525 est.
505 498 603 531 Quibus
617 500 684 527 enim
699 499 761 527 locis
786 500 923 535 quassatio

137 545 271 575 motusque
285 547 466 576 pepercerant,
483 543 531 570 illa
546 544 614 579 ignis
628 545 726 572 circum
737 545 879 580 deposcens
896 545 922 571 in

136 585 234 612 cineres
262 586 421 623 favillasque
445 589 554 624 redegit.
572 589 636 622 Quae
651 599 730 625 porro
747 591 817 617 urbis
835 596 924 626 partes

138 632 250 664 ruerint,
267 638 328 668 quot
342 634 460 661 homines
474 636 591 670 ﬂammis
607 637 780 671 motibusque,
799 637 924 663 11ιίδίιηὶ-

137 676 186 704 lius
214 686 272 705 vero
287 683 334 713 est,
357 680 524 713 interierint,
558 689 617 716 qua:
638 683 718 709 etiam
735 682 868 710 mirabilia
883 683 924 710 di-

137 723 262 759 cendique
281 725 406 760 facultate
422 730 494 756 ontni
507 731 612 765 majora
625 732 792 766 contigerint,
821 731 926 768 lugubri

136 776 289 803 prosecutus
314 778 351 799 est
372 775 491 802 oratione
516 775 633 804 Joannes
662 778 763 810 rhetor,
779 778 923 808 Historiam

136 823 214 842 suam
231 818 272 844 hic
294 818 460 847 concludens.
487 821 651 857 Euphrasius
665 831 725 850 vero
738 825 819 851 etiam
840 825 924 855 ruinis

974 228 1073 259 tum,
1101 227 1198 266 ὲγνάτῃ
1208 227 1235 253 δὲ
1264 228 1372 262 εἰκοστῇ
1396 228 1478 254 αὑτοῦ
1496 230 1596 266 ἡμέρᾳ.
1614 232 1689 258 Λιιηο
1710 241 1752 260 u-

971 273 1052 308 ptimo
1065 265 1167 307 imperii
1174 272 1285 303 Justini.
1299 281 1384 300 mense
1395 273 1512 302 decimo:
1525 284 1610 302 mense
1618 277 1756 305 Artemisio

970 326 1015 345 seu
1029 318 1164 350 Maioadic
1176 319 1232 353 ejus
1252 327 1322 345 nona
1339 323 1362 345 et
1376 320 1508 347 vicesima.
1522 321 1577 348 Cur
1592 322 1615 350 si
1637 332 1752 351 mensem

972 363 1099 390 decimum
1111 363 1174 389 anni
1185 364 1288 398 septimi
1301 364 1358 391 vult
1375 365 1501 400 intelligi,
1519 367 1750 400 quemadmodum

971 409 1039 436 diem
1055 410 1205 435 vicesimum
1227 418 1326 438 nouum
1351 410 1479 445 intelligit
1505 413 1599 439 mensis
1619 413 1754 442 Artemisii

971 463 1016 481 seu
1031 453 1109 485 Maii;
1123 462 1181 484 cur.
1195 456 1316 490 inquam,
1330 456 1540 491 ulmbiqucnou
1551 458 1674 493 loquitur
1687 460 1757 494 pari-

972 500 1114 527 l'ormiter?
1135 499 1263 528 Secundo
1288 501 1348 528 loco
1362 502 1433 529 diem
1451 503 1553 530 mensis
1577 503 1679 532 indicat
1706 513 1755 532 ex.

973 553 1064 580 presse
1077 554 1125 580 per
1142 546 1287 573 relativum
1300 547 1393 581 αὑτοῦ,
1416 548 1482 581 ejus.
1505 556 1559 575 non
1581 549 1645 576 item
1664 550 1754 585 primo

973 599 1094 619 mensem
1109 592 1173 619 anui
1188 601 1194 625 ;
1211 592 1285 619 nulla
1300 592 1345 619 hie
1360 593 1462 620 mentio
1490 594 1642 622 relationis.
1664 595 1756 623 Voluit

974 637 1057 672 igitur
1071 645 1126 664 non
1138 637 1202 664 anni
1215 637 1337 672 septimi,
1354 638 1401 665 sed
1424 646 1505 673 supra
1522 639 1608 670 illum,
1633 648 1755 669 mensem

973 682 1111 709 decimum
1124 683 1293 718 signiﬁcare;
1312 683 1384 717 quod
1403 687 1432 710 ut
1461 684 1594 719 liquidius
1619 685 1688 713 foret
1707 695 1759 714 nec

976 729 1001 756 in
1016 737 1138 756 errorem
1149 729 1307 764 quempiam
1338 729 1469 764 deinceps
1495 731 1652 763 induceret,
1674 733 1759 767 parti’

974 774 1064 805 cuiam
1089 773 1147 806 καί,
1169 778 1204 806 et,
1230 782 1386 809 quanquam
1411 775 1456 802 vix
1480 777 1672 808 necessariam,
1689 786 1756 804 con-
1800 800 1803 803 .

975 823 1063 845 stante
1076 819 1157 845 etiam
1175 819 1233 846 sine
1244 820 1288 846 illa
1299 827 1380 847 sensu
1401 828 1483 854 quem
1500 820 1693 854 indicavimus,
1706 822 1739 849 ad
1749 837 1756 843 ι

138 862 305 897 interceptus,
318 865 398 891 vitam
417 865 523 897 ﬁniuit:
541 875 572 894 ac
605 872 687 894 morte
716 877 765 895 sua
792 869 922 903 publicam
940 861 959 888 θ
972 864 1057 899 lic”?-
1072 865 1161 891 τίδυῐη
1177 869 1228 892 (‘51-

136 907 316 934 calamitatem
334 911 418 942 auxit,
438 913 540 938 nomine
549 913 619 947 jam,
632 913 677 948 qui
698 916 838 948 prolatum
860 922 922 948 sug-

137 958 249 987 gereret,
260 960 413 988 superantc.
430 956 513 984 Addit
529 958 712 993 Theophanes
726 968 733 985 :
753 959 847 986 Omnes
857 967 923 993 quo-

136 1005 185 1030 quc
200 998 267 1025 (vdes
282 999 427 1028 ctecclesite
437 1003 617 1035 conciderunt,
630 1008 654 1030 et
672 1004 740 1032 urbis
749 1005 826 1032 decor
839 1006 923 1031 omnis

138 1041 236 1068 deictus
249 1048 285 1070 est
304 1053 312 1070 :
331 1045 376 1073 scd
402 1054 485 1079 neque
500 1047 560 1073 talis
575 1047 715 1075 calamitas
742 1048 802 1075 aliis
821 1047 922 1075 sa’culis

138 1089 228 1122 quavis
251 1090 277 1115 in
308 1090 370 1116 urbe
399 1092 713 1127 contigit.Pientissimus
726 1099 814 1121 (tatem
841 1095 922 1129 impe-

138 1137 212 1160 rator
227 1134 357 1168 Justinus,
372 1145 400 1164 re
411 1138 526 1173 cognita.
540 1139 641 1174 ingenti
657 1139 747 1166 dolore
759 1140 842 1166 animi
862 1149 923 1174 pcr-

138 1186 238 1210 cussus,
250 1180 352 1207 sublato
367 1182 460 1217 capitis
470 1184 511 1209 sui
533 1188 628 1210 ornatu
650 1193 820 1220 purpuraque
845 1185 924 1220 depo-

137 1224 199 1252 sita.
216 1225 305 1260 plures
324 1226 378 1254 dies
392 1236 497 1254 saccum
519 1229 625 1255 indutus
641 1229 706 1256 luxit
721 1239 730 1263 ;
747 1231 811 1257 adeo
819 1235 864 1265 ‘ut
884 1231 923 1265 [e-

142 1274 183 1296 sto
208 1278 310 1305 quoque
330 1270 386 1298 luce
401 1273 541 1307 procedens
557 1274 583 1300 in
598 1274 733 1310 templum,
744 1279 923 1302 coronamaut

141 1317 304 1353 chlamydem
316 1324 419 1353 gestare
432 1322 569 1348 renuerit:
584 1329 672 1348 rerum
692 1322 729 1348 sic
744 1322 856 1356 simplici
874 1323 923 1349 ha-

139 1364 193 1391 bitu
213 1372 270 1390 cum
287 1364 343 1391 solo
363 1366 477 1401 mandya
493 1375 623 1401 purpureo
640 1368 809 1400 processerit,
826 1375 856 1393 ac
879 1376 923 1394 co-

141 1418 198 1436 ram
216 1415 268 1437 toto
290 1416 384 1438 senatu
401 1412 568 1446 ingemuxrit,
584 1413 722 1447 cwterique
743 1421 832 1440 nntncs
847 1413 923 1448 lugu-

138 1455 196 1482 bria
227 1456 312 1484 induti
339 1465 393 1484 una
425 1466 483 1484 cum
510 1458 565 1492 ipso
593 1457 727 1485 luxerunt.
744 1457 806 1485 llaec
828 1458 866 1485 illi
889 1458 923 1486 de

139 1500 224 1535 priori
236 1501 408 1530 Antiocheno
426 1507 505 1530 terra:
519 1508 605 1531 motu.

177 1547 217 1574 l7.
235 1547 335 1576 Verum
363 1550 541 1584 priusquam'
558 1550 591 1577 ad
618 1550 735 1578 alterum
763 1550 922 1586 progredia-

141 1602 211 1626 mur,
226 1595 504 1624 mouitumlectorem
529 1597 624 1630 velim,
639 1605 689 1624 nos
713 1597 791 1624 illum
815 1597 926 1633 Evagrii

139 1641 239 1673 locum,
252 1649 322 1668 anno
335 1643 448 1676 septimo
461 1662 468 1674 ,
486 1651 578 1670 mense
592 1643 692 1670 decium
711 1643 814 1678 imperii
827 1643 925 1673 Justini

140 1687 198 1721 (qui
213 1694 307 1715 errare
317 1687 382 1715 fecit
395 1688 557 1720 Baronium,
574 1688 734 1723 errorisque
763 1689 888 1724 arguitur
910 1696 925 1718 a

139 1732 249 1760 Valcsio
263 1732 291 1760 in
307 1733 542 1761 Aduolationihus
557 1733 627 1768 hic),
652 1733 796 1769 iuterjecta
808 1734 925 1769 conjun-

140 1777 231 1805 ctione
245 1782 280 1809 ct.
293 1778 333 1805 sic
345 1779 495 1814 corrigere,
514 1787 584 1806 anno
595 1779 705 1815 septimo
721 1783 745 1806 et
768 1787 854 1809 mense
878 1780 924 1808 de-

141 1824 208 1850 cimo
222 1825 326 1859 imperii
336 1824 443 1857 Justini,
455 1829 484 1853 ut
499 1833 597 1860 nempe
615 1829 751 1855 statuatur
760 1826 807 1856 hic
823 1830 924 1859 motus,

145 1871 183 1897 uti
197 1870 288 1904 debet,
301 1872 434 1899 accidisse
451 1877 548 1900 octavo
564 1873 672 1908 imperii
700 1881 773 1901 anno
793 1873 828 1901 ad
843 1873 925 1900 tinem

142 1922 284 1950 vergente,
303 1917 349 1951 qui
382 1917 466 1944 refert
495 1925 598 1944 annum
624 1918 746 1952 vulgaris
777 1926 839 1946 mra:
860 1918 924 1952 526,

140 1961 251 1995 quando
284 1961 376 1989 littera
404 1962 582 1990 Dominicalis
607 1963 629 1990 Ι)
653 1963 772 1990 iaciebat
797 1963 869 1990 diem
891 1963 926 1991 29

140 2007 204 2034 Maii
237 2014 299 2034 cum
333 2008 413 2035 Feria
442 2008 457 2035 6
487 2008 669 2038 hebdomadis
696 2009 855 2037 convenire.
886 2009 925 2036 lta

141 2059 210 2078 vero
235 2052 317 2079 etiam
332 2052 366 2079 ab
383 2053 500 2088 Evagrio
514 2054 647 2088 scriptum
663 2054 747 2081 fuisse
760 2054 857 2081 suadet
879 2062 925 2081 ex-

141 2096 311 2131 pressissima
328 2098 583 2132 mentiotemporis,
593 2099 665 2126 inter
686 2103 833 2134 utrumque
847 2103 926 2126 terra:

142 2145 247 2168 niotum
262 2141 358 2176 elapsi,
375 2142 449 2176 quod
467 2144 506 2170 ait
524 2143 635 2178 triginta
669 2144 806 2173 mensium
823 2143 923 2176 fuisse;

142 2187 215 2220 quod
232 2191 339 2222 tempus
357 2187 379 2214 si
399 2188 512 2223 adjicias
528 2188 560 2215 ad
576 2189 649 2216 diem
666 2189 700 2216 ‘29
728 2189 832 2216 mensis
849 2189 923 2221 Maii,
945 2193 965 2220 D

142 2231 208 2259 dicti
222 2240 282 2259 sane
301 2233 422 2268 vulgaris
433 2234 496 2260 anui
513 2233 574 2265 5'26,
585 2239 715 2268 exsurget
742 2241 833 2264 annus
856 2234 928 2270 ejus-

143 2279 204 2304 dem
213 2286 274 2306 tera:
285 2279 347 2309 5&8.
363 2280 467 2306 mensis
481 2279 648 2311 November,
661 2279 721 2307 dies
739 2280 783 2313 29,
797 2288 852 2314 quo
863 2289 929 2315 pra:-

145 2323 202 2350 eise
222 2324 402 2358 posteriorem
427 2328 508 2357 terra:
527 2328 630 2351 motum
645 2325 766 2352 saeviissc
778 2333 810 2352 ex
839 2325 928 2352 Theo-

143 2369 232 2404 phane
250 2369 365 2404 aliisque
385 2369 529 2396 manifeste
550 2373 668 2397 constat.
684 2369 778 2404 Neque
797 2369 929 2397 credibile

144 2419 184 2441 est
197 2420 338 2442 auctorem
356 2415 403 2449 qui
421 2419 485 2448 tam
509 2419 637 2441 accurate
660 2414 842 2442 minutissima
857 2423 930 2450 qua:-

145 2469 198 2495 quc
218 2460 386 2492 ubst-rvavit,
406 2464 437 2486 ut
451 2460 533 2486 etiam
550 2459 645 2486 horam
661 2464 688 2486 et
710 2463 842 2494 punctum
861 2464 928 2487 tem-

144 2506 230 2541 poris,
243 2514 298 2540 quo
318 2509 410 2533 motus
434 2505 529 2540 carpit,
552 2505 738 2541 expresserit;
756 2505 928 2533 aberravisse

144 2560 217 2578 anno
230 2552 349 2586 integro,
368 2551 520 2586 prteserlim
535 2559 596 2578 cum
625 2551 671 2578 vix
700 2551 821 2586 potuerit
838 2552 927 2587 ipsum

144 2596 257 2622 secundi
288 2601 378 2623 motus
406 2595 569 2623 distinctum
601 2601 708 2630 tempus
730 2595 882 2630 praeterire,
913 2603 926 2621 a

143 2639 312 2673 Theophane
331 2640 410 2674 longe
424 2639 578 2674 posteriore
593 2639 816 2673 determinatam.
840 2639 926 2670 Adde,

144 2685 166 2711 si
203 2685 267 2719 quid
294 2686 376 2712 etiam
402 2686 454 2712 hoc
477 2685 609 2712 momenti
635 2684 727 2715 habet,
750 2685 808 2720 ipsa
834 2689 928 2712 aucto-

146 2731 183 2758 ris
198 2730 293 2761 vcrha,
309 2730 334 2757 in
351 2731 447 2758 cadent
462 2730 519 2758 fore
532 2730 646 2765 periodo
663 2730 771 2758 diversa
797 2730 926 2765 loquendi

146 2775 232 2801 forma
247 2774 364 2805 utentis,
382 2774 427 2801 ubi
440 2780 530 2802 tamen
545 2775 641 2802 cadent
655 2775 751 2802 volunt
767 2774 925 2809 signiﬁcari.

147 2819 193 2848 Sic
211 2820 269 2847 ait:
293 2819 336 2845 Ἐν
351 2820 389 2855 τῷ
405 2820 509 2856 Mitigat
524 2820 578 2847 ἔτει
604 2821 652 2857 τῆς
674 2821 815 2848 ‘louativw
849 2821 926 2856 $15:-

1010 909 1052 935 l8.
1071 909 1122 937 Sed
1141 910 1295 942 redeamus,
1315 911 1388 938 unde
1409 911 1526 946 digressi
1541 919 1646 939 sumus.
1664 912 1753 939 Poste.

975 955 1055 981 rioris
1080 958 1170 982 minus
1194 955 1378 983 calamitatem
1392 957 1432 983 sic
1449 962 1562 985 enarrat
1574 957 1758 992 Theophanes

974 1008 1045 1026 anno
1062 1000 1079 1026 2
1105 1000 1264 1033 Iustiniani,
1293 1001 1339 1036 qui
1369 1001 1421 1028 528
1444 1006 1487 1029 est
1501 1010 1562 1030 aera:
1578 1002 1755 1030 communis:

975 1044 1075 1079 Eodem
1101 1054 1170 1072 anno
1197 1048 1292 1073 mensis
1314 1047 1467 1074 Novembris
1480 1048 1522 1074 tlie
1539 1056 1607 1075 nona
1626 1056 1708 1083 supra
1720 1048 1759 1074 υἱ-

974 1087 1108 1118 cesimum,
1123 1088 1188 1114 hora
1215 1089 1267 1115 dici
1294 1090 1383 1120 tertia,
1402 1091 1467 1124 feria
1486 1095 1595 1125 quarta,
1618 1091 1759 1117 indictione

974 1132 1095 1166 septima,
1115 1132 1217 1158 biennio
1234 1139 1290 1168 post
1307 1134 1469 1168 superiorem
1484 1134 1596 1167 cladem,
1610 1134 1757 1166 Antiochia,

975 1177 1066 1202 ciuitas
1083 1185 1189 1212 magna,
1204 1178 1289 1213 plaga:
1303 1179 1402 1205 coalitus
1419 1178 1502 1206 illatw
1517 1180 1643 1206 damnum
1664 1180 1760 1206 iterum

974 1229 1052 1255 passa
1085 1226 1131 1248 est.
1149 1221 1244 1257 lugens
1269 1223 1365 1258 quippe
1390 1229 1467 1251 terrm
1497 1229 1581 1250 motus
1605 1232 1650 1259 per
1666 1225 1760 1251 horam

976 1275 1054 1293 uuam
1069 1267 1407 1302 factus,utqttelmrretttlus
1421 1270 1526 1295 omnino
1538 1270 1650 1304 mugitus
1666 1278 1679 1296 e
1696 1270 1760 1296 caelo

974 1312 1080 1338 auditus
1107 1317 1144 1339 est
1156 1321 1168 1353 q:
1185 1314 1274 1340 omnia
1294 1322 1397 1351 quoque
1431 1316 1541 1351 artiﬁcia
1563 1321 1588 1342 et
1607 1317 1676 1344 muri
1700 1316 1756 1344 solo

974 1363 1079 1393 a'quala
1104 1364 1165 1386 sunt
1181 1369 1189 1391 ;
1209 1368 1318 1397 qua‘que
1333 1364 1503 1390 substiterant
1519 1365 1545 1391 iu
1573 1365 1656 1399 priori
1681 1369 1760 1392 terra!

975 1409 1045 1430 motu
1066 1410 1161 1431 veteres
1177 1406 1391 1442 substructiones,
1408 1417 1445 1437 ea:
1465 1418 1535 1437 nunc
1549 1411 1668 1445 funditus
1686 1419 1761 1438 euer-

974 1458 1029 1476 sw:
1049 1451 1159 1487 denique
1169 1454 1294 1488 quidquid
1311 1458 1365 1481 tam
1376 1455 1565 1490 imperatorum
1585 1456 1761 1488 liberalitate,

976 1504 1055 1532 quam
1085 1498 1195 1532 priva/is
1220 1499 1314 1526 civium
1347 1500 1493 1534 sumptibus
1515 1501 1574 1528 urbi
1593 1501 1760 1530 conciliatum

976 1542 1061 1576 fuerat
1079 1542 1180 1570 decoris
1197 1549 1275 1579 atque
1294 1548 1414 1577 ornatus,
1430 1546 1456 1572 id
1470 1550 1525 1573 tum
1539 1555 1615 1574 omne
1629 1547 1757 1582 deiectum

975 1589 1002 1614 in
1016 1593 1124 1615 terram.
1142 1589 1188 1616 llis
1201 1590 1327 1624 perceptis
1348 1591 1440 1618 uicina:
1469 1591 1586 1619 civitates
1609 1593 1635 1619 in
1662 1593 1761 1620 lactant

976 1639 1000 1661 et
1021 1634 1139 1670 publicas
1150 1635 1355 1670 supplicationes
1371 1637 1459 1671 effusae
1477 1642 1548 1665 sunt.
1564 1637 1605 1665 Ea
1618 1637 1694 1665 clade
1713 1640 1758 1666 Iw-

976 1681 1077 1707 minum
1095 1686 1209 1716 quatuor
1237 1682 1334 1714 millia,
1355 1684 1495 1718 octingenti
1527 1687 1552 1710 et
1590 1686 1759 1721 septuaginta

976 1726 1086 1760 periere.
1102 1725 1164 1754 llaec
1188 1726 1382 1761 Theophanes,
1400 1728 1470 1755 nihil
1490 1728 1564 1756 aliud
1590 1733 1763 1757 memorante

977 1771 1106 1807 Evagrio,
1130 1779 1212 1807 quam
1226 1772 1323 1808 elapsis
1337 1773 1448 1808 triginta
1468 1774 1610 1807 mensibus,
1625 1775 1686 1802 aliis
1701 1783 1762 1802 rur—

977 1825 1034 1844 sum
1044 1817 1155 1845 motibus
1170 1818 1259 1845 urbem
1269 1818 1458 1853 labefactatam
1466 1827 1529 1846 esse.
1539 1820 1691 1855 Procopius
1699 1821 1761 1848 nul-

977 1863 1157 1904 iam'omuino
1169 1863 1253 1898 hujus
1267 1863 1381 1892 secundi
1393 1869 1486 1892 motus
1493 1864 1558 1892 facit
1570 1866 1738 1894 mentionem
1753 1876 1760 1894 :

977 1909 1010 1936 de
1026 1910 1119 1944 priore
1132 1910 1190 1937 bare
1204 1910 1377 1937 solummodo
1390 1910 1475 1938 refert
1488 1911 1537 1938 lib.
1553 1919 1582 1943 ιι,
1595 1919 1655 1946 cap.
1670 1912 1712 1945 ll,
1727 1913 1761 1940 do

983 1954 1055 1982 bello
1069 1955 1179 1982 Persico
1197 1964 1204 1982 :
1223 1955 1288 1983 Cum
1313 1955 1435 1982 Justinus
1457 1955 1582 1983 Romanis
1607 1957 1759 1991 imperaret.

977 2006 1031 2028 tota
1048 2002 1162 2028 immuto
1176 2006 1253 2028 terra:
1273 2007 1344 2028 motu
1363 2007 1538 2037 conquassata
1554 2003 1624 2033 urbe,
1644 2003 1758 2037 plurima

977 2047 1233 2083 pra'clarissimaque
1260 2048 1373 2082 (ediﬁcia
1408 2049 1491 2076 subito
1511 2055 1665 2076 corruerunt
1691 2058 1700 2076 :
1732 2054 1756 2076 ct

977 2094 1050 2128 fama
1069 2094 1164 2121 obtinet
1184 2095 1312 2121 interiisse
1328 2098 1388 2121 tunc
1403 2095 1528 2130 temporis
1542 2095 1762 2122 Amice/tonorum

978 2143 1093 2167 trecenta
1107 2139 1202 2166 millia.

1017 2185 1059 2213 19.
1079 2185 1171 2212 Posito
1183 2186 1238 2221 jam
1257 2185 1401 2221 utriusque
1416 2190 1496 2214 terra:
1518 2189 1609 2214 motus
1626 2186 1756 2215 determi—

982 2236 1046 2259 nato
1059 2236 1193 2266 tempore,
1208 2232 1322 2259 alterius
1336 2240 1409 2260 anno
1421 2232 1624 2260 Justinioctavo
1632 2239 1762 2265 excitate,

981 2275 1102 2311 vulgaris
1117 2284 1178 2303 mra:
1191 2277 1252 2308 5'26,
1263 2277 1392 2304 vicesima
1404 2284 1476 2304 nona
1489 2277 1534 2304 die
1554 2277 1614 2312 Maii
1626 2285 1634 2310 ;
1648 2278 1762 2306 alterius

981 2328 1052 2347 anno
1074 2320 1220 2348 Justiniani
1234 2321 1366 2358 secundo,
1391 2329 1453 2348 terte
1473 2322 1593 2356 vulgaris
1613 2322 1677 2355 528,
1691 2323 1764 2350 vice-

981 2366 1050 2393 sima
1073 2375 1144 2393 nona
1174 2367 1218 2394 die
1242 2367 1423 2401 Novembris;
1460 2368 1643 2404 indagandum
1667 2373 1762 2401 restat,

982 2411 1034 2437 utri
1048 2411 1221 2445 potissimum
1230 2411 1377 2439 conveniat
1388 2416 1479 2438 motus
1491 2412 1546 2444 ille,
1562 2412 1620 2446 qui,
1634 2411 1763 2447 Symeonc

981 2459 1077 2482 nostro
1089 2456 1145 2490 jam
1160 2456 1282 2490 quinque
1301 2463 1388 2484 annos
1403 2461 1477 2488 nato,
1497 2457 1669 2484 Antiochiam
1696 2464 1763 2483 cons

980 2503 1076 2529 cussit.
1093 2501 1138 2529 Sic
1149 2509 1199 2537 ego
1216 2506 1317 2529 statuo.
1340 2503 1408 2530 Cum
1435 2503 1516 2529 unius
1534 2506 1638 2529 talltum
1672 2507 1764 2533 motus

981 2548 1091 2575 circiter
1109 2548 1175 2575 illud
1189 2552 1297 2583 tempus
1316 2547 1474 2574 meminerit
1486 2547 1554 2574 Vitae
1569 2553 1675 2578 auctor,
1691 2547 1766 2575 illius

981 2593 1150 2622 ttletllllllSSC.
1161 2593 1208 2627 qui
1219 2593 1334 2620 maxime
1345 2593 1497 2624 luctuosus,
1509 2593 1554 2626 qui
1562 2592 1645 2621 variis
1656 2592 1764 2620 eventi-

981 2638 1314 2672 bustnemorabilior,qui
1342 2638 1411 2664 fatua
1429 2637 1510 2664 latius
1538 2637 1622 2664 didita
1638 2637 1766 2672 pluribus

982 2683 1133 2711 notusfuit.
1146 2683 1220 2711 Talia
1238 2684 1310 2710 cuitu
1329 2683 1473 2709 memorari
1506 2682 1690 2717 scriptoribus
1714 2682 1765 2709 itu-

981 2729 1338 2764 primissolent,pt'mscrtim
1350 2736 1412 2755 cum
1427 2732 1501 2755 certe
1519 2733 1642 2762 tempore
1658 2727 1764 2762 aliquid

980 2775 1124 2807 evertisse,
1161 2782 1320 2809 expressum
1353 2773 1490 2807 cupiunt;
1530 2774 1767 2807 practermittcntL

981 2819 1031 2846 bus
1045 2819 1354 2854 obscurioravniam-11m
1380 2818 1498 2852 cognita,
1520 2826 1552 2846 ne
1582 2817 1646 2852 quid
1678 2818 1761 2852 igno-
