1966 3068
203 149 274 180 2975

845 147 874 176 S.
893 145 1040 176 SYMEON
1059 145 1209 175 JUNlOR.

1756 139 1822 170 2976

207 210 265 231 tum
293 212 342 239 per
367 203 442 230 aliud
465 211 541 238 :rquc
554 203 676 238 ignotum
689 208 733 230 aut
761 211 815 230 non
833 203 918 229 inulto
942 210 991 229 no-
1006 206 1028 232 Α
1044 208 1096 236 pus
1113 202 1146 229 ad
1164 210 1208 228 an.
1228 202 1263 229 85
1295 201 1398 229 faciunt
1415 205 1594 228 excrescere:
1613 198 1685 233 quod
1701 198 1748 225 alii
1768 203 1823 232 lost

206 250 271 283 tius,
302 250 460 278 contudisse
480 249 582 284 potius,
613 257 695 284 quam
718 250 869 276 illustrasse
893 249 989 275 velint.

207 295 309 328 Quidni
328 295 411 330 igitur
431 295 465 322 ad
493 295 613 329 priorem
628 299 706 322 terra:
717 299 820 321 motum
834 295 991 330 quinquen-

207 349 269 367 nem
295 341 438 376 Symeonis
453 345 561 368 atatem
582 341 752 368 reteramus?
764 340 858 374 Certe,
872 341 993 368 siTheo-

209 387 290 422 pltani
321 387 480 420 credimus,
512 395 648 422 nunquam
684 387 744 414 talis
774 387 913 414 calamitas
932 387 992 414 aliis

207 433 309 460 “oculis
321 434 413 468 quavis
426 433 453 460 in
465 433 530 460 urbe
540 433 657 468 contigit.
669 432 739 465 Quid
751 433 858 459 tristius
870 437 916 459 aut
932 439 992 459 me-

208 477 379 510 morabilius,
393 486 475 512 quam
490 478 623 505 subversa
639 478 667 505 in
682 478 751 505 urbe
766 482 888 505 trecenta
904 477 993 505 homi-

207 531 274 551 num
290 524 375 551 millia
391 524 536 557 occidisse,
554 524 692 559 publicam
714 524 897 552 calamitatem
909 532 992 552 vene-

208 570 325 597 randum
343 571 495 598 antistitem
508 578 556 598 sua
571 574 663 598 morte
694 571 812 602 auxisse,
830 569 992 605 augustissi—

208 624 284 643 mum
313 617 509 651 imperatorem
538 617 670 644 inusitato
704 616 884 651 inauditoque
909 616 991 643 modo

209 662 324 690 luxisse?
335 662 409 689 Nihil
423 662 502 689 istius
514 662 588 690 modi
599 662 627 689 in
640 662 762 689 secundo
773 665 848 689 motu
859 662 992 690 accidisse

209 709 323 744 legitur:
338 708 393 736 imo
412 708 497 743 hujus
531 708 665 735 memoria
691 708 762 742 apud
784 713 922 741 auctores,
944 708 992 744 qui

208 761 322 789 propius
351 754 385 781 ad
408 753 454 780 illa
480 757 601 788 tempora
617 753 761 786 accedunt,
786 753 832 780 vix
863 754 935 785 ulla,
963 758 993 781 ut

209 799 340 831 vidimus,
369 803 468 832 exstat,
497 799 554 826 solo
573 798 741 834 Theophane
761 799 903 834 lugubrius
933 807 992 827 rem

209 844 391 872 deseribente.

1043 247 1111 275 alios
1125 248 1255 283 deinceps
1265 247 1508 281 transcripserunt.

1112 316 1126 351 §
1141 316 1184 343 IV.
1198 315 1236 342 De
1251 315 1355 350 scriptis
1371 315 1459 342 sancti
1478 313 1614 350 ngeonis
1630 313 1758 340 iunioris.

1077 383 1134 410 Leo
1150 382 1274 414 Allatius,
1290 381 1323 409 de
1340 380 1523 416 Symeonibus
1534 381 1637 415 optime
1658 380 1785 412 meritus,
1799 381 1825 408 in

1042 428 1163 456 Diatriba
1187 427 1218 454 de
1240 435 1329 453 eorum
1355 427 1478 461 scriptis,
1496 426 1578 460 hujus
1603 433 1713 460 quoque
1741 425 1824 452 nostri

1043 475 1168 509 quzedam
1193 478 1338 501 recenset:
1357 480 1475 508 quorum
1499 480 1560 500 cum
1586 472 1661 499 nulla
1684 473 1786 499 mentio
1801 472 1826 499 in

1028 519 1104 547 ‘Vita
1120 520 1253 546 habeatur
1269 518 1385 553 uspiam,
1397 517 1501 553 juverit
1518 517 1564 545 hic
1577 517 1623 545 illa
1638 525 1671 545 ex
1684 517 1759 544 dicto
1781 526 1828 544 ευ-

1044 568 1132 595 ctore,
1150 570 1205 590 non
1226 562 1355 590 omnibus
1376 562 1468 595 obvio,
1481 562 1676 595 adnumerare,
1702 567 1827 596 tanquam

1043 609 1151 644 egregia
1164 609 1215 635 viri
1232 613 1260 636 et
1275 607 1449 635 auctoritatis
1465 607 1537 642 apud
1555 608 1694 642 principes
1704 627 1711 639 ,
1725 613 1754 634 et
1780 607 1828 634 zeli

1043 663 1094 690 pro
1115 654 1248 687 Ecclesia,
1268 659 1296 681 et
1305 653 1414 688 pietatis
1428 661 1493 688 erga
1507 653 1619 681 leites
1643 659 1827 680 monumenta.

1044 700 1165 727 Primum
1182 699 1265 734 igitur
1279 699 1422 734 scripsisse
1434 698 1468 726 de
1486 698 1663 734 imaginibus,
1677 704 1782 726 constat
1798 707 1829 725 ex

1044 746 1150 773 Joanne
1166 746 1345 778 Damasceno,
1357 745 1405 780 qui
1419 749 1490 773 orat.
1502 745 1519 772 5
1532 745 1566 772 de
1583 745 1752 780 imaginibus
1770 753 1830 780 par-

1045 796 1099 819 tem
1116 791 1179 818 inde
1197 791 1303 823 recitat,
1318 798 1381 818 cum
1397 791 1450 818 hoc
1466 791 1571 818 indicio
1593 791 1725 822 auctoris,
1743 790 1831 826 Magni

1047 837 1194 873 Symeonis,
1211 837 1361 864 admirandi
1372 837 1478 869 montis,
1490 837 1521 863 de
1539 836 1713 872 Imaginibus.
1730 837 1832 864 Secun-

243 891 289 918 αξο,
306 891 343 918 Ex
357 891 454 918 eodem
478 895 570 918 tamen
596 895 710 918 auclore
733 891 801 918 illud
831 891 915 918 etiam
944 899 994 918 no,
1011 877 1032 904 Β
1047 882 1082 909 do
1107 883 1206 918 stylnm
1220 886 1315 909 contra
1331 881 1476 909 hatreticos
1494 882 1612 914 acuisse,
1629 882 1737 909 eruitur
1754 890 1769 909 c
1786 880 1831 908 Bi-

211 942 284 964 tasse
311 935 425 971 juverit,
447 935 521 970 quod
539 935 573 963 de
596 935 688 970 priore
714 940 790 963 motu
821 944 913 971 agens,
947 945 994 972 per

210 990 310 1009 annum
329 990 430 1013 unum;
448 981 481 1008 de
497 981 627 1013 secundo,
644 989 693 1016 per
724 988 804 1008 unam
822 981 994 1009 solummodo

210 1028 313 1058 horam,
326 1026 399 1054 dicat
413 1027 544 1054 tenuisse.
571 1026 649 1060 Quod
674 1028 695 1054 si
710 1027 800 1054 minus
824 1027 921 1060 solide,
939 1035 994 1055 non

210 1071 424 1107 sutIragantibus
451 1072 511 1099 aliis
543 1072 725 1106 auctoribus,
753 1072 862 1107 probari
890 1073 992 1108 possit;

210 1117 443 1149 obtinebitcerte,
456 1117 576 1152 priorem
606 1118 725 1153 longiori
753 1118 841 1153 spatio
867 1117 991 1151 durasse,

210 1163 391 1200 posteriorem
403 1163 534 1190 breviori.
550 1163 638 1190 Motus
653 1168 757 1196 autem,
775 1164 808 1190 de
819 1172 874 1198 quo
888 1164 915 1191 in
933 1163 993 1191 Vita

210 1211 311 1246 agitur,
324 1211 400 1238 hora:
418 1210 500 1237 unius
518 1209 663 1236 intervallo
682 1209 787 1236 absolvi
808 1217 863 1236 non
890 1210 990 1244 potuit,

210 1263 273 1282 cum
285 1254 398 1291 Symeon
417 1256 444 1282 in
459 1255 561 1290 templo
572 1255 799 1290 Prom-Martyris
816 1255 934 1282 orationi
945 1263 993 1282 va-

211 1300 390 1336 caritprimo,
406 1306 501 1336 postea
513 1300 673 1327 labentibus
686 1301 787 1335 passim
805 1300 912 1327 aedibus
929 1300 994 1328 inde

212 1357 241 1377 se
256 1348 434 1383 proripuerit,
450 1347 559 1375 tandem
575 1355 702 1382 egressus
719 1347 785 1374 urbe
797 1348 900 1375 circum
916 1355 995 1375 erra-

210 1394 291 1426 verit,
309 1401 471 1421 reversurus
498 1393 593 1428 utique
611 1392 633 1420 si
665 1397 755 1420 mutus
779 1397 932 1425 cessasset;
946 1393 994 1420 sed

209 1447 243 1466 eo
255 1443 460 1474 perseverante,
481 1438 599 1473 denique
618 1438 747 1474 inventus
769 1438 853 1465 fuerit
881 1446 897 1465 a
928 1444 993 1466 nota

210 1484 324 1512 muliere
337 1484 526 1518 abductusque
545 1483 572 1510 in
584 1487 715 1515 montem,
727 1483 788 1509 urbi
801 1483 947 1510 admodum
957 1483 995 1510 vi-

210 1529 314 1561 cinum,
335 1536 366 1556 ac
379 1527 483 1555 ibidem
496 1527 555 1555 dies
568 1533 672 1562 septeni
687 1526 900 1562 perstiterit.At,
915 1532 991 1563 puto,
1007 1542 1030 1571 ο

210 1573 233 1601 si
248 1574 325 1609 prius
359 1573 421 1601 linis
443 1577 566 1600 motuum
590 1573 697 1605 fuisset,
716 1573 793 1600 illum
818 1578 866 1600 aut
887 1581 936 1607 per
963 1580 993 1600 se

214 1619 394 1654 repetiturum
407 1623 553 1653 paternam
569 1618 693 1651 domum,
706 1623 752 1646 aut
770 1627 819 1654 per
848 1619 992 1646 mulierem

211 1664 301 1697 matri,
319 1664 488 1692 desiderium
502 1665 551 1691 lilii
567 1665 620 1692 hoc
641 1665 791 1699 praesertim
809 1668 880 1692 statu
901 1672 993 1692 rerum

209 1710 353 1745 aegerrime
368 1709 479 1742 ferenti,
492 1710 694 1738 restituendum
712 1710 806 1738 fuisse.
831 1710 872 1737 Sit
900 1711 994 1746 itaque

211 1755 256 1782 hic
269 1763 358 1782 annus
371 1754 508 1790 Symeanis
535 1756 658 1790 quintus,
683 1763 744 1782 :era:
776 1755 879 1790 vulgari
909 1756 993 1790 quin-

209 1800 383 1834 quagesimus
407 1799 554 1827 vicesimus
566 1804 658 1827 sextus
678 1809 684 1826 :
701 1804 729 1826 et
749 1800 923 1827 manifestum
939 1799 994 1827 erit

208 1845 380 1872 nativitatem
395 1845 454 1880 ejus
473 1845 500 1872 in
514 1853 615 1872 annum
630 1845 691 1877 521,
704 1849 822 1872 mortem
842 1853 919 1879 vero,
929 1853 992 1873 cum

209 1899 281 1917 anno
292 1891 381 1918 aetatis
397 1891 429 1918 75
444 1891 555 1924 abierit,
570 1891 597 1918 in
610 1891 661 1918 596
675 1891 816 1918 incidisse.

243 1937 288 1962 2|.
307 1937 379 1963 Vixit
397 1937 481 1972 igitur
497 1937 548 1964 sub
575 1938 696 1971 quinque
715 1937 853 1964 continuis
873 1937 993 1971 impera-

210 1982 325 2013 toribus,
338 1982 446 2010 Justino
458 1982 735 2014 vetere,.|ustiniano,
744 1982 853 2010 Justino
867 1982 991 2015 Juniore,

210 2028 320 2056 ’liberio
334 2027 367 2060 ll,
397 2033 425 2055 et
449 2027 567 2062 denique
588 2028 639 2055 sub
654 2027 799 2060 ltlauritio;
818 2027 899 2062 primi
920 2035 993 2054 anno

212 2074 228 2100 «ι
245 2077 336 2104 natus,
353 2073 513 2107 posterioris
527 2073 634 2100 decimo
645 2073 742 2108 quinto
758 2073 885 2106 donatus,
895 2078 992 2108 quarta

209 2125 237 2146 et
250 2119 379 2146 vicesima
390 2119 434 2146 die
446 2119 549 2147 mensis
575 2120 648 2147 Maii.
666 2120 770 2146 llorum
785 2125 876 2147 autem
899 2119 993 2146 termi-

210 2173 307 2191 norum
338 2165 513 2192 intervallum
531 2173 619 2192 annos
648 2165 682 2192 75
706 2165 908 2200 complectitur,
923 2172 992 2200 quos

1046 927 1174 955 bliotheca
1198 928 1288 955 Photii
1309 927 1376 955 Cod.
1389 927 1452 959 251,
1469 928 1516 954 ubi
1530 931 1641 955 sanctus
1658 927 1833 962 Sophronias

1045 973 1201 1008 patriarcha
1217 973 1482 1008 Hierosolymitanus
1497 973 1524 1000 in
1545 973 1660 1008 epistola
1683 973 1832 1008 Synodira,

1046 1017 1168 1044 Honorio
1183 1018 1307 1045 Romano
1320 1018 1398 1052 Papa:
1413 1017 1479 1052 (non
1493 1018 1662 1052 imperatori,
1689 1022 1719 1044 ut
1735 1026 1833 1052 perpe-

1046 1071 1104 1090 ram
1120 1063 1257 1098 interpres
1276 1063 1365 1098 ponit,
1383 1068 1477 1098 utpote
1492 1064 1572 1091 annis
1587 1068 1652 1091 ante
1665 1064 1793 1091 ducentis
1806 1068 1833 1091 et

1045 1108 1162 1143 amplius
1176 1109 1232 1135 vita
1248 1108 1364 1143 functo),
1380 1110 1474 1141 missa,
1489 1109 1619 1144 colligens
1630 1109 1741 1136 Patrum
1757 1111 1833 1136 testi-

1045 1155 1136 1181 monia
1145 1175 1152 1188 ,
1168 1154 1202 1181 ad
1212 1155 1445 1190 comprobandum
1461 1154 1597 1189 duplicem
1608 1155 1634 1181 in
1645 1154 1756 1182 Christo
1767 1162 1833 1189 0pc-

1046 1201 1191 1232 rationem,
1211 1200 1293 1236 hujus
1314 1207 1423 1235 quoque
1447 1200 1532 1228 nostri
1549 1200 1704 1236 Symeonis,
1718 1206 1748 1228 ut
1758 1201 1834 1228 vide-

1045 1250 1106 1277 tur,
1123 1244 1248 1273 meininit
1267 1253 1329 1273 cum
1344 1245 1434 1273 laude.
1451 1245 1496 1273 Sic
1509 1246 1605 1273 scribit
1619 1246 1681 1274 loco
1695 1247 1834 1282 assignato

1046 1291 1160 1319 Photius
1177 1302 1184 1319 :
1202 1292 1292 1319 Etiam
1315 1291 1464 1328 Symonius,
1482 1293 1623 1320 monachus
1642 1296 1666 1319 ct
1689 1293 1833 1328 presbyter.

1045 1338 1232 1365 Testimonium
1258 1339 1410 1374 vcr0,qu0d
1440 1343 1560 1366 sanctum
1578 1339 1694 1374 agnoscit
1724 1338 1836 1374 Symeo—

1045 1392 1107 1411 nem
1124 1389 1274 1416 auctorem,
1290 1393 1322 1411 ea;
1341 1384 1450 1420 epistola
1467 1385 1577 1420 cjus,ad
1588 1384 1769 1413 Iustinianum
1783 1385 1835 1412 im-

1046 1434 1194 1464 peratorem
1223 1430 1298 1464 data,
1318 1438 1376 1466 qua:
1406 1432 1485 1458 etiam
1510 1435 1602 1457 contra
1623 1431 1797 1458 Nestorianos
1811 1437 1835 1458 et

1045 1474 1223 1510 Eutycliianos
1239 1475 1417 1510 digladiatur,
1438 1475 1620 1510 depromptum
1633 1480 1680 1502 est.
1699 1475 1759 1511 Ipse
1776 1485 1837 1503 vero

1045 1519 1222 1553 Justinianus,
1244 1521 1301 1555 pius
1320 1521 1473 1556 imperator,
1500 1520 1527 1546 in
1550 1521 1581 1546 iis
1596 1529 1654 1555 qua:
1675 1521 1710 1548 ad
1731 1521 1836 1548 Zoilum

1045 1566 1224 1600 patriarcham
1241 1565 1449 1592 Alerandriimm
1473 1566 1587 1600 scripsit,
1606 1567 1673 1592 lianc
1695 1566 1836 1601 epistolam

1045 1611 1195 1637 thesaurum
1211 1611 1363 1637 nominavit.

1079 1655 1124 1682 25.
1138 1653 1234 1682 Tertio
1259 1655 1392 1682 recitatur
1409 1655 1532 1691 ejusdem
1552 1656 1668 1691 epistola
1679 1655 1787 1690 quinta,
1801 1655 1835 1682 ad

1045 1700 1184 1728 Iustinum
1198 1700 1340 1728 Juniorem
1356 1705 1404 1728 aut
1428 1702 1521 1736 potius
1540 1702 1726 1729 Iustinianum
1746 1701 1837 1736 impe—

1045 1750 1176 1778 ratorem,
1206 1746 1234 1772 in
1247 1746 1358 1781 Synodo
1376 1746 1497 1781 generali
1513 1754 1562 1778 vn,
1578 1754 1661 1782 agens
1680 1750 1777 1773 contra
1794 1747 1837 1772 in-

1044 1792 1188 1819 solentiam
1205 1791 1402 1819 Samaritarum
1416 1801 1424 1826 ;
1453 1801 1535 1828 quam
1551 1793 1565 1828 §
1583 1801 1641 1828 seq.
1665 1792 1836 1826 descriptam

1045 1836 1182 1863 dabimus.
1200 1836 1332 1869 Quamvis
1346 1841 1437 1864 autem
1458 1838 1522 1865 istic
1538 1837 1646 1865 dicatur
1657 1837 1765 1865 Iustino
1788 1836 1836 1863 Ju-

1044 1881 1117 1909 niori
1146 1882 1286 1916 inscripta,
1317 1882 1431 1909 inclinat
1459 1888 1550 1910 tamen
1571 1883 1681 1910 animus
1709 1890 1764 1909 non
1787 1889 1836 1918 pa-

1044 1935 1105 1954 rum
1121 1927 1158 1958 ei,
1177 1932 1206 1955 ut
1224 1932 1330 1962 putem,
1344 1928 1377 1954 ad
1393 1928 1578 1955 Justinianum
1605 1929 1713 1963 potius,
1731 1928 1834 1955 Justini

1044 1973 1121 1999 illius
1136 1973 1308 2000 decessorem
1319 1993 1327 2006 ,
1348 1973 1440 2000 datam
1455 1981 1516 2001 esse
1534 1983 1540 2000 :
1557 1980 1614 2001 tum
1631 1973 1704 2009 quod
1723 1974 1774 2001 sub
1789 1974 1835 2001 Ju-

1044 2018 1164 2045 stiniano
1176 2018 1372 2045 Samaritarum
1390 2018 1503 2045 audacia
1519 2018 1581 2053 plus
1602 2019 1684 2045 solito
1709 2019 1835 2045 invalue-

1044 2064 1091 2095 rit,
1108 2063 1153 2090 vix
1170 2064 1278 2099 cognita
1293 2064 1343 2090 sub
1356 2065 1465 2092 Justino
1477 2065 1599 2097 aliunde,
1615 2073 1697 2100 quam
1717 2073 1749 2092 ex
1770 2065 1834 2095 hac,

1044 2109 1078 2135 de
1094 2116 1148 2143 qua
1163 2109 1337 2144 ambigimus,
1356 2108 1500 2144 Symeonis
1517 2110 1646 2144 epistola,
1663 2110 1739 2136 velut
1753 2117 1767 2135 a
1785 2118 1836 2143 po-

1045 2154 1165 2186 steriori,
1185 2155 1377 2189 utloquuntur
1400 2155 1427 2182 in
1455 2154 1582 2182 Scholis:
1599 2160 1655 2182 tum
1675 2155 1749 2189 quod
1775 2155 1837 2189 epi-

210 2210 246 2237 ειη
269 2210 423 2246 symwncm
441 2211 596 2246 implevisse
619 2218 652 2238 ex
665 2211 729 2238 Vim
756 2215 873 2238 consul,
899 2211 994 2238 Αηηοε
1010 2206 1031 2233 Ι)
1046 2201 1115 2228 stola
1132 2201 1221 2228 Caroli
1236 2201 1335 2236 Magni,
1351 2209 1384 2228 ex
1400 2201 1553 2236 Capitulari
1567 2202 1600 2228 de
1614 2210 1667 2228 non
1683 2202 1838 2230 aderandis

208 2257 331 2291 quinque
354 2258 443 2292 exegit
460 2258 487 2284 in
520 2261 636 2292 paterna
653 2257 735 2284 domo
761 2265 848 2292 usque
864 2257 898 2284 ad
913 2261 993 2284 terra:

211 2307 315 2329 motum
328 2310 335 2335 ;
360 2303 424 2329 hinc
439 2310 510 2329 unus
523 2302 633 2336 elapsus
650 2301 733 2329 fuerit
746 2303 772 2329 in
784 2306 877 2329 monte
888 2309 919 2329 ac
932 2302 992 2337 pri-

207 2347 261 2374 mis
273 2348 336 2375 vita:
349 2348 510 2375 monasticae
535 2347 710 2379 rudimentis,
724 2348 883 2382 priusquam
896 2347 924 2374 in
942 2355 991 2374 co-

209 2393 329 2420 lumnam
340 2393 544 2420 admitteretur.
558 2393 587 2420 In
602 2393 653 2420 hac
674 2393 828 2425 humiliori,
844 2396 873 2419 et
899 2392 992 2427 potius

208 2436 267 2464 basi
281 2444 363 2471 quam
380 2437 518 2468 columna,
531 2437 583 2464 sub
596 2437 684 2464 oculis
708 2437 822 2464 Joannis
844 2436 948 2468 anniti,
963 2437 992 2463 in

208 2482 339 2514 secunda,
366 2482 449 2516 pedes
463 2482 496 2509 40
511 2482 660 2514 eminente,
684 2482 700 2509 8
722 2482 862 2509 transacti.
890 2481 992 2516 Sicque

209 2528 244 2554 :20
260 2532 320 2554 erat
334 2535 481 2559 annorum,
498 2533 528 2554 ut
540 2527 667 2554 meminit
694 2534 822 2562 expresse
836 2527 897 2555 Vita
912 2535 990 2553 num.

213 2573 258 2605 72,
273 2580 335 2599 cum
359 2572 423 2600 inde
433 2572 559 2607 migravit
576 2573 603 2599 in
620 2573 739 2600 Montem
756 2572 926 2600 Mirabilem:
944 2572 991 2600 ubi

214 2619 349 2654 reliquum
366 2618 429 2645 vita:
445 2623 552 2654 tempus
564 2617 692 2652 confecit,
703 2619 783 2645 annis
812 2618 845 2645 10
860 2618 889 2645 in
913 2623 989 2653 petra

208 2663 259 2690 sub
277 2663 335 2695 dio,
347 2663 382 2690 45
399 2671 486 2698 usque
499 2664 531 2690 ad
547 2664 652 2691 obitum
671 2664 698 2690 in
716 2664 843 2691 columna
854 2668 988 2698 perstans.

208 2708 395 2735 Consentium
423 2708 467 2736 his
492 2708 604 2741 Mentea,
633 2713 662 2736 et
689 2709 849 2744 Synaxaria,
868 2701 952 2736 nnu'm
968 2709 990 2736 si

209 2753 300 2780 locum
314 2754 446 2788 excipias,
467 2754 513 2780 ubi
532 2754 615 2781 stanti
632 2754 660 2781 in
685 2754 812 2781 columna
829 2754 864 2782 40
890 2753 990 2788 pedum

208 2805 294 2825 annos
312 2798 343 2825 18
363 2799 437 2832 pr08
452 2799 586 2831 tribuunt,
603 2799 687 2831 facili,
716 2804 745 2826 ut
762 2799 850 2831 vides,
870 2806 965 2826 errore
983 2809 988 2825 :

210 2841 253 2867 cui
267 2847 468 2876 consequenter
484 2843 650 2872 inhaerentes
666 2845 824 2872 universum
843 2846 905 2872 vitm
922 2849 990 2872 tem-

1044 2245 1210 2281 imaginibus
1221 2246 1239 2273 l.
1252 2254 1288 2277 tv,
1300 2253 1325 2273 c.
1340 2247 1367 2278 ὅ,
1379 2246 1414 2273 ab
1425 2246 1527 2273 Allatio
1543 2247 1571 2273 in
1585 2247 1757 2273 Diatribuhic
1771 2255 1838 2280 prn—

1043 2292 1125 2319 ducta
1139 2300 1145 2324 ;
1163 2296 1191 2319 et
1206 2292 1258 2319 alia
1273 2292 1403 2319 Hadriani
1417 2292 1427 2318 l
1441 2300 1517 2327 papa:
1542 2293 1575 2319 ad
1599 2293 1726 2319 eumdem
1749 2292 1838 2319 Caro-

1044 2337 1101 2364 lum
1117 2345 1167 2372 pro
1183 2337 1286 2373 synodo
1299 2337 1408 2365 Nicena
1423 2346 1442 2365 ιι
1457 2338 1484 2364 in
1501 2337 1622 2365 editione
1643 2337 1836 2365 Conciliorum

1043 2383 1196 2411 Labbaaana
1223 2383 1303 2411 dicta:
1324 2384 1430 2419 synodo
1454 2383 1601 2418 subjuncta
1618 2384 1751 2418 (utraque
1776 2391 1836 2410 non

1043 2431 1124 2466 longo
1139 2435 1200 2465 post
1226 2428 1349 2465 tempore
1367 2429 1479 2464 scripta)
1494 2430 1652 2464 exprimant
1666 2437 1767 2456 nomen
1780 2429 1836 2456 Ju-

1043 2477 1171 2509 stim‘ani,
1204 2483 1259 2502 non
1287 2476 1409 2502 Justini:
1441 2480 1498 2502 tum
1527 2475 1650 2511 denique
1677 2475 1761 2503 etiam
1788 2476 1838 2502 vel

1044 2522 1171 2555 maxime,
1200 2521 1274 2556 quod
1301 2521 1392 2549 statim
1420 2521 1448 2548 in
1469 2521 1607 2556 principio
1635 2521 1764 2556 Epistolm
1790 2522 1839 2548 di-

1043 2574 1142 2596 cantur
1164 2568 1307 2596 Samaritze
1335 2568 1363 2594 in
1389 2572 1511 2594 sanctum
1532 2568 1670 2603 templum.
1690 2568 1764 2602 quod
1782 2568 1837 2594 im—

1043 2619 1153 2650 perator
1174 2612 1336 2640 struendum
1364 2616 1520 2645 curaverat,
1547 2620 1596 2648 per
1616 2621 1756 2640 summum
1771 2621 1836 2640 see-

1043 2660 1086 2687 lus
1100 2664 1183 2694 atque
1202 2659 1371 2694 impietatem
1394 2658 1523 2686 satviisse.
1537 2659 1675 2687 Incertum
1689 2666 1783 2687 manet
1799 2669 1837 2687 cx

1042 2707 1169 2742 epistola,
1188 2710 1250 2732 uter
1262 2704 1402 2735 curaverit
1416 2713 1424 2737 ;
1445 2712 1500 2731 non
1517 2709 1609 2732 manet
1619 2713 1652 2732 ex
1672 2706 1838 2740 conjectura

1043 2752 1189 2787 probabili.
1207 2751 1275 2779 Cum
1292 2751 1366 2777 enim
1385 2751 1448 2777 totis
1470 2758 1515 2777 sex
1528 2751 1606 2778 libris
1622 2751 1783 2785 complexus
1797 2752 1838 2777 sit

1042 2797 1194 2831 Procopius
1210 2796 1430 2823 substructiones
1445 2801 1527 2830 atque
1541 2797 1656 2823 mdilicia
1670 2797 1762 2824 omnis
1783 2805 1836 2832 ge.-

1042 2845 1118 2872 noris
1133 2843 1188 2871 fere
1207 2844 1360 2874 innumera.
1376 2843 1476 2878 ubique
1493 2849 1626 2871 terrarum
1645 2852 1658 2871 ιι
1674 2844 1834 2872 Justiniano
