1966 3068
153 113 224 145 2077

716 111 1013 143 COMMENTARIUS
1033 112 1215 142 PItrEVlUS.

1702 116 1772 147 2978

153 169 280 200 excitata,
300 168 425 203 interque
439 175 470 195 ea
488 171 650 195 numeretur
668 167 799 202 templum
815 167 938 203 Deiparaz
952 170 972 197 Α
990 167 1068 199 hens,
1096 168 1168 195 inter
1183 168 1235 195 alia
1255 169 1314 196 haec
1334 169 1440 203 prot'crt
1461 177 1494 197 ex
1515 169 1689 205 Epiphanio:
1708 171 1772 204 Qui—

153 215 274 250 Virginis
291 215 483 249 Porphyreone
499 223 505 247 ;
520 215 592 242 circa
615 221 696 249 quam
717 213 856 240 civitatem
871 218 938 240 tem-

154 265 245 296 pestas
265 261 401 296 praecipue
419 261 557 288 indicatur
572 261 728 288 desreviisse
742 282 749 293 ,
762 260 861 287 Justini
873 266 938 286 vero

154 307 268 342 paucula
279 307 403 341 qmcdam
418 311 595 333 monumenta
607 307 642 333 ab
659 306 821 333 auctoribus
832 313 938 332 memo-

155 357 271 385 rentur;
288 352 366 379 facile
383 352 475 387 quivis
492 351 665 387 dijudicabit,
684 351 738 379 utri
752 350 938 378 verosimilius

155 405 187 425 ac
201 398 305 425 certius
318 398 376 425 haec
394 398 510 432 epistola
525 397 656 431 inscripta
674 396 767 424 tuerit.

188 443 233 470 24.
252 443 367 477 Reliqua
385 443 508 477 ejusdem
534 443 634 478 scripta
659 445 803 469 enumerat
822 441 938 469 Allatius

155 490 208 517 hoc
223 490 304 516 modo
320 499 326 517 :
340 491 366 517 4.
384 490 509 524 Ejusdem
520 490 661 525 Τροπὰρῑα
680 491 718 521 εἰς
732 490 776 515 τὸν
789 490 867 523 ἆγιον
892 498 939 524 με·

154 535 347 571 γαλομάρτυρα
379 535 535 571 Δημήτριον
560 536 588 561 ἐν
601 535 638 566 τῷ
652 536 739 570 Στίχῳ
751 544 757 551 ⁸
774 535 899 571 Troparia
911 531 943 562 iri

153 586 273 608 snm'tum
290 591 414 617 magnum
440 586 584 617 martyrem
611 582 770 608 Demetrium
790 583 815 608 in
839 581 937 614 Sticho,

155 627 190 654 ειδ
205 626 332 654 Octobris.
362 627 389 654 5.
410 626 537 662 Ejusdem
557 627 631 662 Εὺχὴ
653 627 720 662 πρὸς
735 627 780 653 τὸν
792 627 866 658 Υυιν,
886 627 939 662 ἰδίᾳ

155 673 224 707 πρὸς
256 673 319 704 τοὺς
347 672 580 708 παρενοχλοῦντας
604 672 760 708 λογισμούς·
787 671 881 700 Oratio
905 673 938 699 ad

157 718 263 750 Filium,
285 717 486 752 particulariter
519 718 553 744 ad
580 717 744 752 repellendas
770 716 939 743 obturbantes

157 764 334 798 cogitationes.
358 762 530 797 Principium
555 767 618 790 est:
636 762 759 788 Δέσποτα
771 762 858 796 Κύριε
884 762 939 796 Ἰη-

157 809 204 834 σοῦ
224 808 335 843 Χριστὲ,
349 808 417 842 Λόγε
430 808 475 834 τοῦ
498 808 565 834 Θεοῦ
586 807 713 839 ἁθάνατε,
743 808 756 832 ὁ
781 807 835 833 τῶν
862 807 938 841 μεγι-

158 861 228 878 στων
238 853 350 878 τουτωνὶ
365 852 471 886 φύσεων
485 852 608 887 τεχνέτης
622 852 667 878 καὶ
682 852 852 886 κυϐερνήτης
876 851 941 878 Erat
956 841 976 868 Β

157 905 188 924 ea
199 898 224 924 in
233 897 354 925 Palatina
369 901 396 925 et
411 905 495 932 penes
514 898 654 924 Allatium.
671 897 697 924 6.
714 897 839 932 Ejusdem
856 896 939 931 Εὑχὴ,

157 944 289 979 λεγομένη
308 944 376 978 μετὰ
389 943 516 978 δακρύων
530 945 569 974 εἰς
589 943 634 969 τὴν
661 941 775 977 Κύριον
791 942 868 977 ἡμῶν
889 943 941 976 ’1η-

159 989 222 1015 cro-3v
248 990 375 1024 Χριστδν,
396 990 460 1016 ὅταν
488 990 650 1025 ἐπέρχονται
669 990 693 1015 οἱ
719 988 846 1022 λογισμοὶ
873 997 940 1023 πορ-

159 1034 242 1065 νείας
261 1034 351 1061 Oratio
374 1034 510 1061 recitanda
536 1042 595 1061 cum
615 1034 737 1069 lacrymls
753 1034 787 1060 ad
800 1033 942 1060 Dominum

160 1086 277 1107 nostrum
289 1079 379 1107 Iesum
398 1079 539 1112 Christum,
558 1089 617 1106 eum
639 1080 779 1115 insurgunt
807 1081 943 1115 cogitatio-

161 1134 206 1152 nes
218 1126 459 1160 fornicationisEst
479 1126 645 1161 principium
662 1134 669 1152 :
682 1126 768 1161 Κύριε
782 1126 867 1160 Ἰησοῦ
877 1127 943 1161 Χρι-

161 1172 217 1203 ars,
233 1172 301 1205 Λόγε
315 1171 362 1198 τοῦ
373 1171 450 1203 Θεοῦ,
461 1172 663 1205 Λόγεὰθάνατε,
677 1173 690 1198 ὁ
706 1171 742 1207 μὴ
755 1171 942 1208 mmun

160 1219 222 1248 τ’,ἰις
252 1218 298 1243 ἐπὶ
330 1217 370 1243 σοὶ
391 1217 565 1248 πεποιθότας.
583 1217 611 1244 In
625 1217 766 1250 Vaticana,
789 1218 845 1245 Cod
880 1218 940 1246 798.

161 1262 187 1288 8.
199 1261 333 1296 Ejusdem.
350 1262 421 1296 Εὑχὴ
437 1262 487 1296 τῆς
519 1262 672 1297 ὑπεραγίας
685 1263 815 1289 Θεοτόκου
839 1264 877 1295 εις
897 1272 942 1289 πο-

161 1307 259 1342 νηροὺς
271 1307 428 1342 λογισμούς·
447 1308 538 1335 Oratio
553 1309 580 1335 in
593 1309 786 1335 sanctissimam
799 1309 944 1344 Deiparam

161 1361 209 1388 pro
247 1354 333 1387 pravis
368 1354 578 1389 cogitationibus.
608 1354 797 1389 Principium:
821 1355 944 1388 Πανσιγζα

162 1399 277 1425 Θεοτὸκε
299 1399 447 1432 ὰποδὶωξον
481 1401 542 1431 τοὺς
560 1401 693 1435 πονηροὺς
712 1401 758 1427 καὶ
774 1400 945 1436 ἀκαθάρτους

161 1445 319 1479 λογισμούς.
341 1445 452 1472 Ibidem.
469 1446 650 1479 Prreterhaae,
670 1446 704 1473 ab
721 1447 820 1474 Allatio
839 1447 945 1475 indica-

163 1496 199 1524 ta,
210 1496 297 1518 exstat
306 1499 414 1526 quoque
421 1492 542 1526 Epistola
552 1493 611 1526 ejus
625 1492 652 1519 in
666 1492 724 1519 Vita
735 1492 820 1520 beata
832 1492 943 1520 Marthae

163 1537 267 1565 matris.
276 1537 396 1564 llahetur
405 1541 494 1565 autem
511 1538 582 1565 dicta
593 1539 748 1572 Epistolan.
759 1539 802 1569 69,
813 1539 943 1574 inscripta

163 1583 371 1618 Stauruphylaci
386 1588 489 1610 sancta:
506 1584 720 1611 resurrectionis
736 1583 944 1620 Hierosolymis,

163 1636 246 1666 quem
267 1629 300 1655 de
318 1629 406 1656 salute
419 1631 529 1656 anxium
551 1630 663 1662 animat,
676 1638 708 1657 ac
725 1635 828 1665 partem
845 1635 945 1658 saneta:

165 1674 255 1702 crucis
279 1679 366 1709 rogat.
384 1675 473 1709 Atque
499 1680 600 1709 praeter
615 1675 672 1702 haec
683 1676 772 1702 omnia
786 1696 793 1708 ,
812 1677 863 1703 alia
879 1685 947 1711 quo-

165 1727 217 1754 que
232 1719 309 1746 illum
328 1719 468 1753 Scripsisse
480 1727 533 1746 non
546 1727 643 1754 pauca,
660 1728 720 1754 qua:
736 1724 889 1755 temporum
906 1721 947 1748 in-

163 1764 236 1800 juria
256 1764 375 1798 periere,
392 1764 419 1790 in
446 1769 588 1798 comperto
608 1768 650 1791 est
667 1771 699 1790 ex
715 1764 831 1799 epistola
845 1765 878 1792 de
893 1773 946 1799 qua

166 1818 228 1837 mox
242 1829 249 1842 ,
275 1814 370 1836 contra
395 1809 554 1841 Samaritas,
569 1817 629 1844 quae
652 1811 743 1845 quinta
769 1810 946 1845 indigitatur.

165 1855 206 1882 sic
224 1861 254 1882 ut
266 1855 325 1882 alite
341 1854 499 1881 necessario
510 1855 711 1889 praecesserint.
727 1855 829 1882 Eodem
846 1855 949 1882 faciunt

166 1900 298 1935 Eragrius
316 1903 344 1926 et
357 1900 429 1931 Vita,
451 1907 533 1934 quam
550 1899 646 1926 damus
662 1909 668 1926 :
685 1908 801 1934 quorum
818 1900 863 1927 ille
876 1900 895 1926 l.
910 1907 947 1931 vt,

167 1953 191 1973 c.
217 1946 262 1978 ‘25,
287 1946 364 1977 dicit,
387 1945 439 1972 ista
471 1953 499 1972 n.
517 1945 567 1972 190
593 1946 730 1973 Iustinum
752 1945 896 1980 epistolam
933 1953 949 1972 a

169 1995 265 2020 sancto
277 1991 429 2025 accepisse.

169 2072 233 2108 §V.
248 2071 368 2106 Epistola
387 2071 472 2098 sancti
485 2070 621 2114 ngeonis
647 2071 682 2114 ad
702 2070 835 2111 Iustinum
856 2071 951 2098 lunia-

318 2114 372 2132 rem
384 2110 476 2132 contra
495 2105 646 2132 Samarites
662 2105 807 2132 hwreticos.

205 2171 248 2198 95.
263 2170 357 2197 Fidem
374 2170 516 2203 solvimus,
530 2178 583 2204 qua
598 2178 627 2197 se
644 2169 790 2197 obstrinxit
801 2169 950 2196 Bollandus
967 2167 988 2197 D

169 2218 201 2245 ad
218 2218 235 2245 5
258 2217 370 2244 Januari
387 2217 414 2243 in
433 2216 494 2243 Vita
507 2217 562 2251 jam
576 2223 646 2250 szepe
671 2215 816 2242 memorati
838 2215 952 2250 Symeo—

170 2264 212 2290 nis
225 2263 329 2298 Stylita:
355 2261 489 2293 Senioris,
520 2269 569 2296 per
597 2261 800 2295 Metaphrasten
829 2261 949 2295 scripta,

169 2317 228 2343 cap.
245 2309 286 2339 Η,
299 2312 394 2335 annot.
410 2308 437 2339 d,
460 2314 522 2334 cum
536 2307 620 2334 latius
633 2307 679 2333 hic
693 2307 727 2334 de
740 2305 882 2333 Samarilis
902 2313 950 2333 seu

170 2354 348 2382 Samaritanis
369 2353 503 2387 agendum
517 2353 666 2386 promittit.
678 2351 812 2386 Neapolis,
831 2350 952 2378 Hebraeis

170 2398 270 2431 Sic/ten,
287 2407 335 2426 seu
348 2398 448 2425 Sic/rem
459 2397 620 2429 etSicIu'ma,
632 2396 699 2423 urbs
713 2396 914 2423 estPala-stina:
925 2395 954 2422 in

171 2444 293 2472 Samaria
327 2443 501 2478 episcopalis,
532 2442 614 2469 hodie
641 2441 698 2468 fere
725 2441 864 2468 exstincta
892 2445 921 2468 et
939 2449 953 2467 a

173 2491 268 2526 paucis
288 2491 410 2518 habitata
427 2499 433 2516 :
451 2490 537 2516 distat
565 2497 578 2515 a
607 2489 730 2516 Samaria
755 2489 823 2515 urbe
836 2496 861 2514 rx
877 2488 906 2515 P.
919 2488 953 2514 Μ.

173 2538 199 2564 in
217 2538 355 2564 Austrum.
371 2537 501 2562 imminet
517 2535 577 2562 urbi
588 2542 667 2561 mons
682 2535 763 2566 altus,
776 2535 894 2561 Garizim
910 2542 956 2560 no-

173 2583 257 2614 mine,
271 2590 351 2616 quem
369 2582 434 2608 olim
451 2581 478 2608 in
505 2580 685 2608 veneratione
701 2580 839 2606 habebant
852 2586 879 2606 et
890 2587 954 2614 pre-

173 2628 289 2654 cationis
310 2635 390 2654 causa
412 2627 523 2654 adibant
553 2626 718 2654 Samaritani
736 2635 741 2651 :
766 2633 882 2659 qtlnrmn
899 2627 954 2660 jam

176 2679 232 2700 turn
257 2674 359 2700 Christi
386 2674 554 2708 temporibus
582 2677 685 2700 sectam
704 2672 838 2698 Duronius
863 2671 954 2698 tom.l

176 2720 272 2749 Annal.
289 2719 356 2746 leris
378 2719 470 2751 variis,
492 2719 628 2754 prmcipue
650 2719 676 2745 in
692 2719 829 2753 Αρραιγιιιι
846 2717 953 2744 deut-ri-

989 222 1051 240 nam
1070 222 1129 241 vero
1143 215 1240 248 fuerint
1268 215 1420 247 Samaritm,
1449 224 1524 243 nemo
1546 217 1572 243 in
1592 217 1685 244 divinis
1711 226 1770 244 eer-

988 263 1061 286 satus
1074 258 1217 293 Scripturis
1231 250 1345 294 ignorat.
1359 260 1394 286 Ili
1411 265 1483 291 sunt,
1497 261 1542 296 qui
1555 270 1613 288 cum
1630 262 1705 289 diuisi
1731 271 1772 289 es-

989 308 1048 331 sent
1064 313 1080 331 α
1108 305 1216 338 ludatis,
1235 314 1286 332 non
1312 306 1447 341 templum.
1480 316 1530 335 non
1556 308 1699 342 sacriﬁcia,
1732 309 1772 336 vel

988 351 1157 377 rmremonias
1175 359 1323 378 communes
1345 360 1402 380 cum
1427 352 1479 379 illis
1497 352 1647 380 habebant:
1662 362 1772 389 cumque

990 395 1103 430 quinque
1119 399 1223 422 tantum
1240 396 1335 431 Moysis
1362 397 1441 424 libros
1459 399 1611 429 retinerent,
1634 400 1773 434 prophetas

991 449 1022 468 ac
1039 445 1135 468 cwtera
1162 441 1257 469 divinw
1287 441 1431 477 Scriptura:
1453 443 1587 470 volmnina
1612 444 1773 479 negligenter

990 487 1162 522 rejiciebant;
1177 496 1227 514 non
1257 488 1389 515 credentes
1413 490 1628 516 resurrectionem
1655 495 1772 517 mortuo-

990 542 1068 565 rum;
1088 539 1213 568 negantes
1228 537 1252 560 et
1267 533 1394 569 Spiritum
1421 539 1554 562 sanctum.
1565 535 1647 562 Plura
1668 537 1689 563 si
1708 536 1750 563 vis
1763 556 1771 569 ,

989 586 1081 612 qumre
1095 578 1166 613 apud
1188 579 1276 613 ipsum
1293 579 1476 614 Epiphanium
1492 580 1519 606 in
1538 579 1666 607 Panario.

1025 624 1069 651 26.
1086 624 1170 652 Iidem
1188 624 1250 651 aliis
1264 625 1422 651 successive
1438 625 1547 652 smeulis
1570 625 1710 660 impietate
1741 634 1773 654 ac

991 669 1143 697 sceleribus
1168 669 1420 702 l'amosi,licentius
1445 677 1526 704 agere
1543 675 1685 704 coeperunt
1705 675 1773 698 tem-

990 716 1104 750 poribus
1121 716 1249 744 Zenonis.
1263 715 1328 743 Cum
1340 717 1409 743 enim
1423 717 1542 742 coiissent
1557 716 1652 747 subito.
1666 721 1696 744 ut
1710 717 1774 744 scri-

991 762 1030 789 bit
1051 761 1228 796 Procopiusl.
1242 770 1259 788 v
1274 761 1305 788 de
1318 762 1400 796 zEdif.
1417 770 1443 789 c.
1464 763 1489 793 7,
1507 762 1577 797 facta
1590 761 1703 797 Neapoli
1722 763 1774 789 im-

991 812 1050 842 petu
1059 809 1085 834 in
1093 807 1264 839 Christianos,
1274 808 1401 842 festumin
1411 807 1517 834 ecclesia
1531 807 1775 843 celebrantes,quo:l

991 853 1143 880 Pentecoste
1158 858 1276 883 vocatur,
1291 853 1387 879 multos
1401 852 1542 886 con/iciqu
1557 862 1565 885 ;
1586 853 1694 880 illorum
1718 854 1774 888 epi-

991 907 1099 933 scopum
1117 899 1309 925 Tcrebintliinm
1325 906 1408 927 saera:
1425 906 1521 925 mensre
1543 902 1675 925 ostentent
1698 907 1775 925 orcu-

992 948 1067 978 pant,
1083 944 1283 978 a/ferenlemque
1300 943 1430 978 ine/Tabile
1446 943 1605 977 sacri/icium
1631 944 1726 979 gladiis
1741 945 1776 978 fe-

993 988 1236 1020 riunt,vulneribus
1254 982 1404 1021 con'cidunt,
1420 997 1549 1016 manuum
1567 994 1691 1016 truncant
1713 990 1777 1025 digi-

993 1033 1041 1066 tis;
1056 1034 1231 1069 mysteriaque
1246 1034 1526 1068 injuriosetractantes
1538 1054 1545 1065 ,
1559 1034 1665 1068 piacula
1679 1043 1774 1070 perpe-

993 1084 1064 1107 trant
1087 1080 1167 1114 digna
1186 1079 1376 1112 Samaritanis,
1404 1080 1475 1107 nobis
1497 1080 1600 1106 silentia
1623 1081 1775 1115 premenda.

993 1124 1179 1152 Renuntiante
1206 1125 1265 1152 hmc
1281 1125 1549 1160 Constantinopolim
1567 1130 1595 1152 et
1606 1126 1771 1153 ostendente

994 1171 1022 1199 in
1038 1178 1066 1199 se
1084 1171 1202 1199 admissa
1233 1171 1337 1198 scelera
1363 1170 1556 1203 Terebinthio,
1577 1171 1774 1198 Samaritarum

993 1216 1139 1244 insolentia
1155 1217 1189 1244 ab
1205 1217 1370 1252 imperatore
1382 1217 1466 1245 armis
1476 1226 1599 1253 repressa
1611 1223 1662 1246 est.
1676 1218 1777 1246 Deinde

993 1263 1094 1290 iterum
1130 1263 1216 1290 moliti
1246 1264 1322 1290 varia
1349 1264 1401 1291 sub
1428 1265 1573 1292 Anastasio
1598 1265 1777 1299 imperatore,

994 1308 1093 1335 iterum
1111 1315 1206 1343 pmnas
1225 1308 1464 1340 dederunt,etiam
1485 1318 1637 1344 supremas.
1654 1311 1775 1345 Denique

994 1354 1045 1381 sub
1058 1354 1214 1382 Iustiniano
1231 1355 1420 1383 crudelissime
1437 1356 1559 1383 omnium
1580 1357 1733 1388 smvientes,
1745 1365 1777 1385 ea

994 1404 1241 1434 patraruntopera,
1253 1408 1314 1435 qua:
1324 1401 1414 1428 audiri
1429 1401 1487 1429 sine
1496 1402 1611 1429 horrore
1625 1407 1777 1437 nequeunt.

995 1444 1035 1471 Ita
1060 1445 1256 1473 describuntur
1271 1454 1286 1473 a
1316 1446 1417 1481 Cyrillo
1438 1448 1466 1474 in
1491 1448 1553 1474 Vita
1575 1452 1676 1475 sanctae
1689 1448 1778 1479 Sabe,

957 1507 977 1535 ε
996 1498 1056 1525 qum
1071 1490 1163 1518 Graeca
1179 1499 1264 1526 penes
1280 1499 1329 1519 nos
1339 1497 1391 1524 est,
1407 1492 1495 1519 danda
1513 1493 1528 1519 5
1542 1493 1711 1520 Decembris.

1029 1536 1074 1563 27.
1088 1537 1201 1573 Jamque
1217 1547 1305 1565 rerum
1323 1540 1420 1573 potitus
1436 1539 1602 1566 Justinianus
1623 1539 1779 1566 moderaba-

996 1588 1039 1610 tur
1061 1584 1211 1619 imperium,
1227 1593 1286 1610 cum
1309 1585 1336 1611 in
1358 1584 1503 1611 Palwstinn
1519 1593 1581 1619 gens
1604 1584 1779 1612 Samaritana

996 1637 1083 1664 regem
1097 1629 1145 1656 sibi
1156 1629 1292 1656 lulianum
1303 1630 1452 1664 quemdam,
1470 1634 1494 1656 el
1510 1631 1594 1665 ipsum
1606 1630 1779 1659 Samaritam.

997 1675 1128 1709 eligentes,
1144 1675 1229 1702 multa
1254 1676 1442 1702 contumeliose
1454 1676 1578 1702 adversus
1598 1675 1780 1703 Christianum

998 1727 1091 1745 nomen
1104 1719 1162 1745 ausi
1178 1719 1293 1753 fuerunt.
1316 1719 1429 1753 Templis
1445 1728 1560 1754 namque
1576 1720 1684 1755 direptis
1696 1721 1780 1755 subji-

998 1764 1098 1790 ciebant
1109 1765 1214 1799 ignem;
1231 1764 1392 1791 Christianos
1407 1765 1516 1798 inﬁnitis
1542 1766 1705 1792 excruciatos
1728 1770 1782 1793 tor-

997 1810 1092 1835 mentis
1120 1810 1224 1836 tamlem
1248 1811 1327 1837 morti
1350 1810 1488 1837 tradebant
1502 1819 1511 1842 ;
1525 1811 1620 1838 vicinos
1645 1819 1725 1847 pagos
1742 1812 1783 1838 in-

998 1854 1159 1881 cursionibus
1176 1855 1390 1889 populabantur;
1407 1861 1559 1882 sanctorum
1579 1859 1664 1883 thecas
1682 1856 1783 1892 diffrin-

998 1905 1096 1935 gentcs,
1126 1901 1300 1927 imminebant
1329 1903 1356 1928 in
1381 1902 1569 1936 ﬂammas:el
1594 1902 1648 1928 ha’c
1673 1903 1783 1930 so’vitics

999 1947 1131 1981 pra'cipue
1144 1955 1194 1973 non
1220 1948 1361 1974 admodum
1387 1949 1492 1974 remotis
1512 1947 1624 1982 Neapoli
1643 1948 1785 1983 grassaba-

1000 1995 1043 2017 tur
1068 1991 1139 2018 locis.
1152 1991 1237 2018 Porro
1261 1993 1409 2026 episcopum
1425 1992 1587 2020 sustulerunt
1599 1991 1696 2025 gladio.
1713 1999 1785 2018 cont-

1000 2037 1182 2071 prehensisque
1216 2037 1372 2070 quibusdam
1399 2037 1553 2071 presbyteris
1570 2056 1577 2068 ,
1617 2036 1783 2063 membratim

1001 2081 1085 2116 primo
1102 2090 1132 2107 ac
1152 2082 1285 2116 frustatim
1299 2081 1359 2107 illos
1371 2086 1519 2113 secuerunt,
1537 2089 1647 2116 cumque
1663 2081 1782 2116 reliquiis

1002 2132 1150 2161 martyrum
1161 2127 1187 2153 in
1199 2127 1333 2161 sartagine
1353 2127 1483 2161 frixerunt
1496 2135 1505 2153 :
1522 2127 1631 2161 denique
1651 2126 1724 2153 nullo
1736 2135 1786 2153 au-

1004 2173 1087 2200 dacia:
1102 2177 1148 2199 aut
1161 2171 1324 2199 contumelia:
1339 2180 1432 2207 genere
1442 2177 1534 2199 contra
1549 2171 1711 2200 Christianos
1724 2173 1785 2200 abs-

1005 2219 1149 2245 tinuerunt.
1176 2217 1238 2244 Haec
1265 2216 1462 2244 immanissima
1489 2216 1602 2254 scelera.
1629 2219 1656 2244 et
1683 2217 1705 2243 si
1733 2224 1786 2251 qua

1006 2267 1148 2298 praeterea,
1159 2262 1231 2290 circa
1243 2262 1470 2298 Porphyrionem,
1480 2266 1510 2289 ut
1522 2257 1660 2297 putamus,
1670 2267 1785 2297 patrata,

1006 2313 1156 2344 potuerunt
1173 2317 1187 2335 a
1213 2308 1361 2336 mitissimo
1375 2308 1435 2336 viro
1452 2312 1479 2335 et
1495 2308 1603 2336 miseris
1627 2316 1788 2336 succurrere

1005 2353 1221 2388 promptissimo,
1238 2353 1285 2380 ubi
1317 2353 1404 2388 gloria
1429 2353 1478 2380 Dei
1505 2358 1534 2380 et
1550 2353 1724 2380 incolumitas
1740 2353 1789 2380 Ee~

1005 2400 1088 2427 clesia
1111 2399 1299 2434 periclitatur,
1331 2399 1458 2433 exemplo
1491 2399 1606 2426 aliorum
1621 2404 1788 2428 sanctorum.

1007 2444 1161 2471 istiusmodi
1181 2448 1350 2478 extorquere
1375 2443 1531 2478 epistolam.
1549 2444 1657 2477 qualem
1679 2443 1790 2477 subjici-

1008 2498 1077 2521 mus,
1092 2490 1124 2516 ad
1137 2490 1321 2517 Iustinianum
1339 2490 1380 2521 (ut
1399 2497 1482 2524 supra
1505 2489 1685 2523 probabiliter
1706 2489 1786 2515 susti-

1008 2536 1116 2571 nemus)
1134 2536 1237 2562 datam.
1254 2536 1352 2570 lpsam,
1367 2543 1422 2562 non
1450 2540 1480 2562 ut
1505 2535 1639 2561 Baronius
1656 2533 1738 2560 habet
1758 2541 1791 2560 ex

1008 2581 1130 2608 editione
1148 2581 1258 2608 concilii
1277 2588 1309 2607 ιιι
1332 2580 1434 2607 Nicaeni
1451 2580 1557 2610 Latina,
1574 2579 1621 2606 sed
1634 2586 1667 2604 ex
1682 2578 1791 2605 (irasco-

1008 2627 1114 2658 Latina,
1130 2635 1285 2661 quanquam
1305 2634 1358 2653 non
1386 2626 1451 2652 satis
1467 2630 1599 2652 accurate
1623 2625 1790 2655 translatam,

1008 2677 1038 2698 ut
1054 2672 1115 2698 istic
1132 2672 1247 2698 Actione
1259 2672 1275 2697 5
1284 2678 1362 2698 versa
1374 2674 1427 2700 est.
1440 2670 1484 2696 hic
1494 2670 1587 2704 accipe
1603 2690 1610 2696 .
1624 2672 1718 2703 utpote
1729 2676 1791 2695 cum

1006 2723 1135 2744 emrtcxtu
1150 2717 1271 2744 auctoris
1282 2716 1366 2743 Grreci
1382 2716 1466 2751 magis
1480 2715 1692 2742 conrordantem
1706 2714 1756 2749 (Ι).

211 2825 246 2860 (1)
262 2823 336 2850 lianc
356 2823 503 2858 Epistolam
525 2822 593 2849 intra
611 2822 716 2853 damus,
735 2827 792 2856 post
812 2822 899 2848 Vitam
917 2821 943 2848 5.
962 2821 1114 2856 Sytzzeouis.
