1966 3068
131 92 194 123 Ξ981

700 97 996 127 COMMENTARIUS
1016 99 1199 135 PRAEVILTS.

1677 106 1748 138 2992

131 149 233 183 linguis.
242 149 415 177 celebrantur.
436 150 558 177 Omnium
575 152 644 178 enim
665 152 802 178 nationum
829 152 911 178 homi-
927 152 950 182 Α
964 160 1032 182 sum,
1050 152 1174 188 maligne,
1189 158 1212 180 et
1235 162 1312 180 curre
1339 156 1363 182 in
1387 158 1510 192 [lautitias
1524 159 1603 193 ignis,
1616 169 1747 194 arsurus,-

129 201 184 225 nes,
203 202 254 220 non
277 193 389 222 Romani
409 195 505 226 solum,
521 204 609 223 verum
635 198 715 224 etiam
741 196 859 228 barbari,
877 197 911 223 ad

127 248 185 266 eum
198 240 381 273 uentitabant;
397 246 421 268 et
444 250 602 277 quotcunque
624 242 839 277 postulaverant,
862 243 911 269 im-

126 285 275 318 petrabant.
294 285 347 312 I'ro
368 286 421 312 cibo
447 291 534 313 autem
559 297 590 314 ac
615 293 677 322 potu
705 289 728 314 ci
755 289 826 322 fuere
842 289 910 315 rami

126 330 263 365 cujusdam
292 331 414 366 fruticis,
446 333 489 367 qui
510 341 538 359 co
566 333 592 359 in
623 338 710 360 monte
742 334 908 361 nascebatur.

127 376 277 410 Utrumque
295 377 368 404 hunc
384 378 491 413 Evagrii
515 379 605 406 locum
623 379 764 406 transtulit
776 380 858 406 etiam
875 379 909 406 ad

125 429 171 452 se.
208 422 320 449 totidem
347 431 416 457 pene
443 423 554 456 verbis,
579 424 753 459 Nicepliorus
782 424 910 452 Callistus

125 467 142 493 Ι.
164 476 238 498 mu.
258 477 282 495 c.
298 468 313 495 7
329 474 357 496 et
373 469 419 496 Ἡ.

125 548 137 583 §
150 548 203 575 \‘ll.
219 548 278 576 Alia
294 549 325 575 de
338 549 426 576 eadem
443 550 634 586 memorabilia,
648 559 678 577 ea:
691 551 789 586 synodo
800 551 908 579 Nicwna

264 592 292 614 ιι,
314 589 338 611 et
355 589 446 611 sancto
461 585 564 612 Joanne
594 585 767 614 Damasceno.

163 639 213 666 Hic
225 647 334 674 quoque
360 642 548 676 paragraplius
574 643 670 670 eodem
686 643 779 675 faciet,
795 651 851 678 quo
863 651 909 670 su-

125 685 237 719 perior:
255 686 384 713 videlicet
400 692 429 714 ut
451 695 484 714 eo
500 689 612 723 majoris
642 689 816 716 auctoritatis
841 697 908 717 cen~

125 735 218 758 scatur
230 739 289 758 esse
304 732 374 764 Vita,
392 741 445 767 quo
462 734 603 768 graviores
621 740 687 761 sunt
702 739 827 762 auctores
840 755 846 767 ,
860 735 906 770 qui

122 783 172 802 sua
185 795 191 807 ,
221 776 242 802 si
258 784 311 803 non
324 785 357 804 ex
370 777 424 808 illa,
444 783 518 805 certe
531 779 626 806 cadem
642 787 703 806 cum
718 780 775 807 illic
793 785 907 807 conten-

123 821 166 853 tis,
184 823 342 849 testimonia
372 830 578 859 prompserunt.
611 826 650 853 Ac
674 827 763 861 primo
793 827 903 862 quidem
922 824 942 851 Β

121 867 241 902 synodus
271 869 379 896 Nicena
396 878 425 902 η,
448 871 584 905 generalis
613 880 660 904 vn,
686 881 731 900 an.
757 874 817 906 787,
850 873 903 900 lla-

120 913 219 940 driano
233 914 242 940 l
258 921 325 949 papa
337 935 344 947 ,
362 914 545 943 Constantino
562 921 643 951 atque
657 917 735 944 lrene
754 918 904 953 imperato—

122 959 211 992 ribus,
242 961 378 989 cclcbrata
412 967 508 989 contra
536 963 732 996 Iconoclastas,
757 966 864 992 actione
881 966 902 998 ί,

123 1005 150 1032 in
162 1006 284 1034 editione
294 1006 502 1036 Gnaeo-Latina
517 1010 630 1043 Labbci,
645 1011 685 1038 sic
697 1011 820 1046 loquitur
835 1021 841 1038 :
859 1012 905 1038 Jo-

120 1049 192 1083 seph,
210 1051 439 1079 reverendissimus
459 1055 601 1081 monachus
622 1060 646 1081 et
660 1055 826 1091 [legumenus
846 1066 903 1084 mo-

121 1095 230 1121 nasterii
252 1094 392 1129 Ileractitp,
422 1097 488 1124 dixit
505 1106 514 1125 :
529 1098 563 1125 Et
591 1107 637 1134 ego
662 1105 782 1135 peccator
807 1100 902 1128 librum

119 1141 185 1173 fero,
202 1142 378 1168 continentem
404 1142 491 1170 Vitam
508 1145 594 1171 sancti
616 1144 752 1180 ngeonis
774 1146 902 1174 Mirabilis

118 1185 224 1218 Montis,
234 1191 258 1213 et
268 1188 408 1221 utjnbctis.
424 1188 523 1217 Sancta
547 1190 661 1225 synodus
677 1191 743 1217 dixit
757 1200 765 1218 :
777 1192 901 1227 Legatur.

121 1230 155 1257 Et
172 1232 300 1267 accipiens
317 1233 435 1266 Cosmus,
453 1234 507 1261 Dco
523 1236 644 1263 amabilis
662 1237 787 1264 diaconus
812 1242 835 1264 et
847 1238 901 1265 Cn-

117 1276 255 1310 buclcsius,
276 1278 346 1314 legit.
367 1278 408 1306 Ea:
420 1280 476 1307 Vita
493 1282 578 1308 sancti
592 1281 680 1309 Patris
697 1284 780 1310 nostri
794 1282 902 1319 ngco—

118 1322 159 1348 nis
175 1322 304 1350 Mirabilis
318 1324 414 1352 Montis
429 1326 574 1361 capitulum
589 1327 650 1359 “8,
663 1328 701 1354 De
713 1328 811 1363 femina
823 1350 829 1361 ,
842 1338 901 1364 quae

123 1367 261 1403 thosopoli
275 1370 372 1397 sterilis
390 1376 459 1403 erat,
477 1372 565 1399 valido
582 1373 710 1400 dazmouio
725 1383 826 1409 pressa,
843 1383 901 1410 qua:

119 1423 187 1441 sana
200 1421 224 1441 et
242 1416 352 1450 fecunda
368 1417 449 1452 facta,
465 1419 607 1454 imaginem
625 1419 694 1447 Justi
712 1421 835 1456 imposuit
852 1422 899 1448 do—

117 1460 153 1486 mi
163 1468 290 1494 summae
298 1462 436 1497 magniﬁca
446 1464 575 1491 miracula
588 1465 756 1499 operabatur.
770 1465 899 1499 Quamvis

117 1509 209 1532 alitem
247 1506 318 1533 idem
357 1508 521 1536 miraculum
552 1510 621 1537 infra
646 1519 756 1546 quoque
782 1513 809 1539 in
841 1513 899 1540 Vita

117 1557 145 1576 n.
166 1549 213 1576 1%
231 1550 376 1584 referatur,
392 1553 456 1588 quia
475 1558 565 1582 tamen
581 1556 751 1590 aliquantum
763 1557 900 1585 discrimi-

116 1594 160 1621 nis
173 1595 329 1628 intcrcedit,
342 1599 480 1633 praecipue
503 1600 593 1634 quoad
617 1601 738 1635 phrasin,
754 1607 835 1637 atque
854 1603 895 1629 in-

119 1647 201 1674 super
235 1642 427 1669 auctoritatem
464 1645 564 1679 accipit
590 1645 661 1673 liber
690 1651 763 1674 totus
793 1656 826 1674 cx
848 1648 898 1674 hac

118 1690 199 1712 tautae
220 1687 315 1722 synodi
331 1688 444 1722 probata
461 1691 630 1724 narratione,
651 1692 738 1719 videri
753 1700 899 1727 possumus

116 1736 207 1757 actum
221 1740 275 1758 non
294 1740 384 1767 agere,
401 1734 423 1760 si
442 1735 515 1761 illam
544 1737 731 1764 narrationem
757 1738 802 1764 hic
829 1738 896 1773 adji-

113 1777 229 1804 ciamus.
243 1778 287 1805 Sic
312 1778 395 1813 igitur
413 1780 557 1808 lectionem
582 1790 658 1809 suam
682 1790 844 1818 prosecutus
855 1788 897 1810 est

114 1821 228 1849 Cosmus
244 1823 390 1851 diaconus:

150 1868 194 1895 37.
208 1867 304 1895 Mulier
314 1870 435 1904 quietiam
452 1876 508 1897 erat
530 1870 670 1906 Rhosopoli
687 1872 795 1905 Cilicia',
814 1873 895 1900 Theo—

117 1917 192 1940 tecna
214 1914 294 1946 dicta,
316 1923 374 1950 quia
392 1916 556 1943 habitaverat
575 1912 644 1944 'cum
671 1919 725 1945 viro
750 1928 797 1946 suo
818 1921 896 1948 annis

112 1959 215 1992 viginti,
232 1963 256 1985 et
281 1960 368 1994 filium
399 1969 451 1987 non
476 1963 574 1990 habuit.
591 1962 706 1998 Contigit
736 1970 824 1993 autem
835 1975 894 1994 eam

113 2005 194 2030 etiam
210 2013 225 2030 α
238 2005 381 2032 diemonea
399 2008 511 2040 pueritia
530 2009 629 2040 vexari,
645 2013 670 2035 et
696 2010 820 2036 mandere
845 2011 895 2037 lin-

112 2057 203 2084 guam.
222 2049 266 2076 Vir
282 2055 369 2077 autem
383 2052 449 2085 ejus,
464 2052 536 2079 ultra
550 2061 601 2080 non
613 2054 702 2081 valens
715 2056 823 2090 sufferre
845 2057 894 2083 tri-

116 2094 258 2122 bulationis
285 2097 341 2130 ejus
368 2099 529 2133 angustiam,
544 2100 642 2136 dimisit
674 2101 749 2127 illam
774 2110 791 2127 α
817 2102 893 2129 domo

110 2149 172 2171 sua.
189 2145 214 2167 et
228 2150 273 2176 per
289 2147 402 2174 quatuor
417 2152 498 2171 annos
513 2153 570 2172 cum
582 2146 656 2172 nulla
676 2151 713 2173 est
731 2146 828 2181 femina
852 2156 893 2174 so-

110 2187 206 2214 ciatus.
227 2187 280 2214 Illa
310 2197 370 2215 vero
398 2190 503 2217 invento
522 2192 648 2218 comitatu
665 2193 781 2228 confugit
794 2193 828 2220 ad
842 2193 891 2219 Ju—

109 2236 189 2259 stum.
206 2231 272 2260 Cum
297 2238 384 2261 autem
400 2236 581 2265 vidisset~eum
597 2239 710 2272 daemon,
724 2241 814 2266 statim
841 2241 892 2274 fre—

110 2278 177 2304 muit
196 2283 220 2305 et
237 2280 408 2314 torquebatur
431 2289 519 2309 coram
535 2291 581 2313 ea.
593 2285 680 2311 videns
697 2293 756 2312 cum
784 2285 892 2312 muliere

108 2324 274 2357 spiritualem
295 2325 352 2360 ejus
374 2328 525 2363 imaginem,
540 2329 666 2357 dicentem
679 2331 793 2358 humana
810 2340 869 2358 voce
883 2340 892 2356 .-

107 2366 243 2402 Scparabo
262 2373 287 2395 te
305 2370 337 2396 ab
356 2379 399 2403 ea,
414 2371 529 2407 maligne
548 2377 573 2399 et
585 2373 719 2400 immundo
735 2375 851 2408 spiritus,
867 2379 892 2400 et

108 2417 253 2439 revertetur
271 2414 306 2440 ad
321 2415 405 2441 virum
421 2424 507 2448 suum,
524 2421 549 2443 et
569 2418 691 2452 eﬁicietur
704 2420 744 2447 illi
768 2429 838 2448 anno
852 2431 893 2448 se-

108 2457 198 2489 quenti
211 2466 286 2491 puer.
303 2458 337 2484 Et
352 2459 460 2492 cjttlavit
480 2461 637 2489 dazmonium
655 2464 776 2498 feraciter
790 2473 893 2495 contur-

108 2505 197 2528 batum
210 2511 219 2529 :
234 2502 256 2529 Ο
269 2503 392 2530 violentia
409 2506 534 2533 adversus
549 2515 588 2533 nte
604 2509 614 2534 !
629 2518 680 2536 non
693 2515 731 2537 est
746 2516 819 2539 tuum
836 2523 892 2541 ma-

109 2546 227 2572 trimonii
250 2547 393 2575 solutiones
411 2551 529 2584 officere:
548 2554 649 2588 utquid
663 2560 748 2582 autem
767 2561 791 2582 et
805 2558 891 2591 ﬁlium

106 2592 142 2617 eis
158 2592 217 2621 das.
230 2602 287 2620 cum
304 2603 319 2620 α
340 2603 380 2621 me
392 2596 477 2629 ﬁlium
495 2599 601 2625 minime
620 2600 708 2634 fecerit
723 2603 735 2628 .7
751 2604 813 2637 quid
828 2606 892 2632 mali

107 2636 157 2670 feci
177 2637 237 2668 tibi,
253 2638 294 2664 vel
306 2641 368 2673 quid
383 2643 487 2674 peccavi
502 2644 528 2669 in
545 2651 682 2680 conspectu
695 2652 749 2680 tuo,
763 2651 824 2683 quia
848 2659 892 2677 se-

106 2690 190 2716 paras
203 2691 242 2708 me
253 2692 269 2710 α
284 2685 393 2712 muliere
406 2696 462 2714 mea
473 2688 485 2714 ?
534 2698 635 2717 εσνυιιιη
648 2700 688 2718 me
700 2701 888 2729 comparasses.

107 2726 186 2752 dares
201 2735 239 2752 me
255 2728 365 2761 forsitan
378 2732 439 2758 etin
456 2734 590 2760 servitium
606 2736 764 2765 hominibus.
779 2739 811 2766 At
829 2748 888 2768 vero

104 2771 217 2806 ngeon
234 2774 270 2800 ait
283 2782 291 2800 .'
304 2773 371 2806 Quia
387 2777 471 2804 ntalns
489 2787 579 2808 servus
596 2789 631 2813 es,
644 2790 798 2818 recognosce
808 2790 833 2813 te
849 2788 890 2822 ip-

962 202 986 224 ct
1001 197 1040 232 fer
1057 206 1153 233 aquam
1174 204 1196 225 et
1211 200 1303 235 collige
1316 201 1397 236 ligna.
1417 203 1447 229 Et
1464 205 1564 236 statim,
1585 206 1666 233 veluti
1682 215 1745 234 vcn-

961 247 1012 274 tus,
1029 252 1137 271 currens
1153 250 1176 271 et
1196 247 1358 274 velzerncnter
1371 254 1487 276 (esttrans
1510 251 1612 278 damon
1623 273 1629 284 .
1645 257 1668 279 et
1693 254 1746 281 tol-

961 287 1017 314 lens
1033 290 1059 315 in
1075 290 1185 317 muliere
1198 294 1353 326 amphoram
1369 304 1454 329 aquae,
1468 297 1638 331 minabatur;
1656 305 1680 325 et
1698 301 1748 327 im-

960 332 1058 366 pletum
1073 334 1159 367 illaut,
1176 340 1199 362 et
1213 337 1323 365 collecta
1338 339 1369 366 de
1382 340 1449 368 silva
1477 341 1549 377 ligna
1571 344 1671 377 attulit,
1685 347 1744 380 eju-

961 378 1019 405 Ians
1032 385 1054 406 et
1065 380 1151 408 dicens
1164 390 1172 408 :
1189 382 1229 410 Va:
1237 385 1299 411 milii
1312 386 1381 412 malo
1394 395 1467 415 servo
1477 398 1507 415 ac
1519 390 1648 418 inventori
1662 393 1746 419 malo~

961 432 1018 451 rum
1032 426 1110 461 lqnid
1123 436 1215 461 passus
1227 437 1285 456 sum
1298 431 1388 458 ?Nant
1403 443 1417 460 a
1433 435 1542 461 muliere
1565 445 1622 464 mea
1637 443 1744 473 separat

960 478 1001 497 me
1009 477 1114 498 sanctus
1129 472 1250 508 ngcon,
1274 481 1296 502 et
1314 477 1376 511 quid
1404 479 1500 512 faciam
1520 480 1610 515 infulis:
1624 502 1630 514 ,
1648 484 1742 511 nescio.

997 540 1040 567 58.
1059 540 1105 567 Ilis
1124 546 1212 569 autem
1237 543 1310 570 dictis
1322 553 1411 572 coram
1434 548 1539 582 populo.
1562 551 1606 583 qui
1619 559 1743 578 converte-

960 589 1022 615 rat;
1040 590 1177 620 postquam
1203 588 1355 622 adimplevit
1381 592 1570 626 ministerium,
1601 597 1668 630 quod
1693 598 1742 624 sibi

959 629 1046 664 fuerat
1069 631 1245 666 imperatum,
1261 634 1385 662 clamavit
1416 638 1528 665 altisone
1541 660 1547 671 ,
1580 641 1706 676 loquens;
1718 649 1742 670 et

961 677 1091 709 aspiciens
1106 683 1196 705 contra
1210 687 1236 706 se
1248 682 1353 708 veniens
1363 683 1453 717 fulgur
1472 686 1539 720 ignis
1553 707 1559 716 ,
1577 688 1697 716 currebat
1714 691 1740 718 in

959 721 1070 748 muliere
1092 731 1138 758 per
1153 725 1293 752 circuitum
1308 732 1393 754 status
1409 730 1475 764 ejus,
1492 731 1635 766 plurimum
1655 739 1679 760 ct
1694 736 1741 762 do-

959 765 1042 793 lenter
1061 769 1191 796 cruciatus
1205 778 1214 801 ;
1242 776 1266 798 et
1281 772 1370 799 taliter
1398 776 1516 808 protinus
1533 778 1595 804 exiit
1610 788 1618 806 :
1634 785 1658 806 et
1684 790 1741 807 mu-

958 812 1021 839 liere
1045 815 1157 848 pristino
1177 817 1263 844 ordini
1285 820 1414 852 restituta,
1440 823 1537 850 dimisit
1553 833 1610 852 t’ttm
1627 826 1738 862 Symcot

956 866 1070 891 sanam;
1089 860 1176 888 dicens
1193 863 1227 888 ad
1248 863 1324 890 illaut
1340 873 1349 891 :
1370 865 1448 900 Vade,
1466 869 1571 903 mulier,
1584 872 1610 897 in
1631 873 1737 901 domum

956 907 1028 930 tuam
1049 909 1073 931 et
1100 907 1218 934 cohabita
1241 918 1299 935 cum
1312 911 1367 938 viro
1381 917 1443 944 tuo;
1471 923 1527 942 ecce
1550 917 1620 944 enim
1640 919 1736 947 diremit

955 947 1082 976 Dominus
1094 959 1139 977 cor
1156 954 1222 986 ejus,
1240 958 1266 980 ut
1282 957 1390 990 recipiat
1408 962 1433 984 te
1447 967 1506 986 cum
1522 962 1619 995 gaudio
1631 972 1735 998 magno.

955 992 1030 1025 Quod
1044 1000 1067 1021 ct
1084 996 1182 1029 factum
1211 1003 1257 1026 cst.
1290 1000 1407 1037 Cumque
1423 1004 1471 1031 illa
1500 1014 1604 1034 reversa
1632 1009 1734 1043 fuisset,

954 1040 1042 1066 statim
1072 1047 1169 1068 rectum
1190 1043 1287 1077 factum
1303 1051 1340 1073 est
1356 1056 1400 1074 cor
1416 1050 1465 1076 viri
1478 1051 1519 1077 sui
1529 1052 1564 1078 ad
1575 1053 1735 1088 diligendum

954 1092 1029 1117 eam;
1040 1090 1063 1112 et
1079 1087 1215 1123 ingressus
1232 1096 1268 1117 est
1288 1094 1322 1119 ad
1336 1093 1421 1127 illam,
1434 1101 1457 1122 et
1471 1099 1606 1132 confestim
1620 1104 1735 1137 concepit

953 1130 979 1156 in
991 1136 1064 1158 utero
1079 1141 1087 1159 :
1104 1138 1127 1160 et
1142 1136 1271 1170 completo
1285 1147 1354 1165 anno
1367 1141 1483 1169 tulerunt
1511 1153 1621 1178 puerum
1634 1149 1668 1174 ad
1678 1157 1736 1176 ser-

953 1183 1012 1203 vum
1040 1177 1095 1209 Dei.
1109 1179 1248 1209 laudantes
1263 1188 1287 1209 et
1309 1185 1486 1220 gloriﬁcantes
1501 1189 1593 1218 Deum.
1605 1193 1670 1220 Cum
1687 1203 1735 1221 au-

954 1224 1005 1247 tem
1026 1223 1198 1258 complessent
1221 1229 1368 1256 orationem
1393 1240 1480 1263 suam.
1495 1239 1520 1261 et
1544 1237 1681 1266 rediissem
1699 1241 1734 1266 ad

952 1268 1087 1302 propriam
1102 1270 1218 1303 domum,
1231 1275 1313 1300 erexit
1326 1276 1420 1302 mulier
1429 1277 1482 1310 ﬁde
1503 1280 1580 1307 ducta
1592 1282 1735 1317 imaginem

952 1310 1043 1340 Sancti
1054 1316 1081 1340 in
1093 1315 1213 1343 interiori
1229 1318 1306 1345 domo
1318 1328 1368 1347 sua
1383 1330 1391 1348 :
1408 1331 1466 1357 qua:
1480 1326 1640 1359 operabatur
1651 1330 1733 1356 mira-

951 1357 1021 1389 cula,
1036 1359 1188 1389 obumbrata
1201 1362 1299 1398 Spiritu
1315 1367 1359 1400 qui
1373 1357 1507 1405 habitabat
1528 1373 1554 1398 in
1568 1373 1664 1401 Sancto
1683 1384 1692 1402 :
1709 1381 1732 1402 ct

952 1411 967 1428 a
981 1402 1107 1431 diemonio
1122 1407 1208 1434 vexati
1219 1410 1428 1439 cmundabantar
1448 1414 1512 1447 illic,
1540 1421 1564 1443 et
1594 1426 1626 1445 ea:
1654 1422 1734 1448 rariis

951 1450 1113 1481 pussionibus
1132 1453 1261 1486 inﬁrmati
1281 1458 1452 1486 curabuntur.
1470 1460 1499 1487 In
1517 1463 1607 1496 quibus
1628 1471 1651 1492 et
1680 1475 1733 1494 una

915 1492 936 1520 C
954 1495 1047 1521 mulier
1057 1515 1063 1525 .
1078 1498 1179 1531 ﬂuxum
1189 1502 1326 1535 sanguinis
1340 1503 1500 1533 incessanter
1515 1517 1561 1543 per
1585 1512 1731 1544 quindecim

952 1547 1035 1566 annos
1050 1549 1138 1576 passa,
1150 1543 1236 1577 inﬁde
1247 1548 1356 1573 accessit
1368 1549 1402 1575 ad
1413 1550 1553 1578 videndum
1567 1553 1707 1589 imaginem
1721 1566 1729 1587 ,-

951 1590 974 1610 et
990 1587 1110 1613 continuo
1123 1589 1209 1622 [turus
1224 1592 1302 1617 stetit.
1313 1591 1386 1619 Dixit
1400 1595 1470 1621 enim
1483 1596 1556 1624 intra
1565 1605 1608 1629 se,
1621 1600 1693 1633 quia,
1704 1601 1733 1628 Si

951 1633 1053 1656 tantum
1066 1631 1153 1658 videro
1173 1633 1369 1662 similitudinem
1394 1639 1460 1672 ejus,
1476 1640 1551 1668 salva
1564 1649 1617 1669 ero.
1640 1643 1732 1671 Videas

951 1679 1039 1701 autem
1065 1677 1133 1710 quod
1149 1677 1293 1706 exsiccatae
1317 1688 1381 1709 esset
1399 1684 1456 1717 fons
1471 1687 1606 1720 sanguinis
1628 1690 1679 1722 sui,
1696 1692 1731 1717 ad

950 1721 1080 1747 horninem
1095 1722 1143 1749 Dei
1154 1725 1273 1758 protinus
1296 1730 1420 1759 accurrit.
1434 1730 1549 1758 adorans
1576 1742 1665 1761 coram
1688 1745 1730 1768 eo,

952 1765 1064 1793 laudans
1085 1773 1109 1794 et
1128 1769 1280 1804 gloriﬁcans
1297 1772 1390 1806 Dcum,
1406 1783 1436 1802 ac
1455 1778 1596 1806 enuntians
1613 1781 1730 1809 miracu-

950 1809 1004 1837 lum
1017 1811 1044 1838 in
1060 1820 1087 1838 se
1102 1819 1292 1849 perpetratum.

983 1879 1027 1906 59.
1043 1879 1113 1908 Huic
1139 1883 1254 1911 alterum
1285 1886 1369 1914 etiam
1396 1889 1558 1919 miraculum
1582 1893 1730 1929 subjicitur

947 1931 1009 1951 cum
1025 1925 1077 1953 hoc
1093 1927 1190 1955 titulo:
1204 1929 1271 1956 Item
1283 1930 1344 1967 legit
1360 1933 1484 1968 (Cosmus
1495 1925 1642 1975 diaconus)—
1654 1941 1729 1968 aliud

948 1971 1106 1999 miraculum
1135 1976 1222 2001 sancti
1240 1976 1329 2004 Patris
1356 1978 1510 2015 ngeonis:
1537 1983 1664 2020 idemque
1686 1994 1729 2015 est

946 2016 1017 2050 quod
1031 2023 1142 2046 sanctus
1157 2020 1276 2049 Joannes
1298 2024 1482 2054 Damasccnus
1501 2029 1624 2058 oratione
1641 2033 1671 2065 5,
1690 2033 1728 2060 De

946 2061 1113 2096 imaginibus,
1130 2073 1184 2092 non
1202 2068 1296 2100 procul
1313 2076 1327 2095 a
1342 2069 1394 2097 [lue
1404 2072 1524 2106 adducit,
1542 2077 1652 2110 praefixo
1674 2079 1726 2107 hoc

947 2106 1047 2134 titulo:
1070 2109 1110 2136 Ex
1131 2110 1188 2137 Vita
1210 2115 1295 2140 sancti
1312 2114 1449 2151 ngeonis
1472 2128 1560 2147 rerum
1586 2123 1726 2152 admirabi-

909 2153 930 2181 ι)
947 2151 1010 2177 lium
1030 2154 1166 2187 cffectoris,
1181 2159 1303 2185 narratio
1326 2160 1434 2188 Arcadii
1461 2165 1648 2202 archiepiscopi
1674 2169 1725 2206 (ἔῃ-

945 2196 995 2230 pri,
1012 2197 1243 2227 miraculum15'2.
1270 2201 1429 2232 Conferenti
1454 2212 1545 2235 autem
1576 2196 1726 2247 utruquo

943 2246 1048 2270 textum
1062 2243 1134 2272 inter
1149 2253 1188 2279 se,
1221 2248 1327 2276 nullum
1351 2251 1419 2278 mihi
1447 2253 1562 2282 dubium
1579 2261 1632 2290 est,
1658 2243 1726 2294 quin

942 2296 975 2314 ex
990 2289 1085 2316 eodem
1101 2299 1214 2325 prorsus
1227 2294 1324 2322 erco
1335 2296 1391 2324 sint
1413 2301 1548 2333 translati.
1571 2303 1609 2331 ita
1625 2312 1726 2334 conve-

943 2333 1023 2361 niunt
1051 2336 1226 2372 principium,
1252 2339 1324 2374 linis,
1353 2344 1471 2378 periodi,
1505 2349 1606 2376 omnia.
1632 2350 1726 2381 Sicubi

943 2379 1013 2406 forte
1030 2379 1140 2409 Grzeeus
1169 2384 1327 2420 Damasceni
1357 2393 1447 2418 textus
1461 2398 1560 2426 exstat,
1585 2396 1632 2430 qui
1645 2398 1726 2426 nobis

942 2424 1022 2458 defit,
1036 2429 1227 2462 comproliabit
1238 2432 1321 2461 dicta.
1337 2435 1385 2462 Est
1411 2442 1502 2466 tamen
1526 2424 1611 2468 altera
1623 2444 1723 2477 versio,

943 2471 1026 2498 altera
1040 2480 1093 2499 non
1105 2475 1185 2508 patilo
1195 2478 1357 2506 concinnior
1366 2481 1585 2519 elegantiorque.
1598 2485 1724 2516 Vidimus

940 2516 993 2550 jam
1005 2517 1211 2547 iuammniorcm
1225 2524 1342 2555 concilii,
1355 2528 1484 2554 succedat
1494 2530 1627 2563 placitura
1639 2534 1724 2568 nnigis

943 2562 1111 2592 Dnmasceni.
1125 2566 1217 2601 Neque
1231 2569 1285 2601 hic,
1303 2576 1379 2604 puto,
1393 2581 1504 2607 operam
1521 2575 1656 2609 perdituri
1679 2586 1725 2605 su-

941 2615 1002 2635 mus
1016 2609 1197 2638 describenth
1214 2613 1284 2641 hanc
1300 2617 1495 2649 narrationem.
1507 2622 1631 2654 quamvis
1650 2631 1723 2650 eam-

941 2652 1013 2685 dem,
1029 2654 1112 2680 verlio
1123 2659 1202 2683 tonus
1212 2657 1268 2684 fere
1283 2664 1386 2687 tantum
1396 2661 1609 2697 discrepantem,
1622 2666 1648 2692 in
1662 2668 1722 2695 νῐιςι

941 2705 1016 2724 num.
1040 2699 1087 2726 ΠΙ
1113 2701 1183 2736 style
1212 2709 1307 2731 imstro
1331 2706 1447 2739 demus;
1478 2710 1531 2736 erit
1555 2719 1627 2738 enim
1654 2721 1720 2740 mus

941 2745 1084 2780 utriusque
1100 2756 1160 2775 mox
1184 2749 1197 2784 §
1213 2758 1270 2785 seq.
1298 2751 1342 2778 Sic
1358 2753 1440 2787 ἱδίιιιι*
1458 2755 1546 2790 titulo,
1561 2758 1614 2793 iam
1641 2767 1722 2795 supra

943 2790 1070 2825 adducto,
1084 2794 1224 2830 subjungit
1237 2798 1419 2827 Dammzccuus
1433 2810 1438 2826 :
