1966 3068
154 118 225 150 2985

721 116 1022 148 COMMENTARIUS
1040 117 1225 149 PREVIUS.

1714 125 1785 156 2986

154 175 217 202 vitae
246 173 382 206 meminit,
400 173 495 201 Latine
529 172 569 200 sic
586 172 703 200 vertitur
724 173 758 200 ab
788 173 938 207 interprete
956 177 975 204 Α
993 171 1129 209 principio
1156 175 1260 202 aberit:
1278 175 1338 202 istic
1353 176 1501 211 capitulum
1517 178 1574 210 ll8,
1597 179 1642 206 hic
1654 187 1786 208 numerus

154 220 266 255 Langia,
277 219 354 254 quasi
375 227 426 245 non
440 220 479 246 ita
492 219 564 245 docte
578 222 606 244 ut
622 219 777 253 magnitudo
791 227 878 245 rerum
890 220 942 254 ﬂa-

153 266 254 301 gitabat
273 266 420 300 cortscripta
435 266 487 292 sit:
512 265 600 293 utitur
623 264 697 292 enim
733 265 778 292 ille
808 264 942 291 adverbio

155 312 191 347 μὴ
205 312 298 346 ἀξῖως,
313 321 364 338 non
380 304 465 350 digne,
485 312 557 347 quod
577 312 659 340 etiam
675 311 862 339 Ciceronianm
887 312 944 338 elo-

152 358 272 393 quentia:
288 363 381 393 posset
399 359 499 393 aptari.
518 360 551 386 ad
582 359 794 393 exprimendum
817 358 940 392 singula-

152 412 207 431 rem
221 405 425 438 excellentiam,
451 405 526 432 omni
546 405 667 432 humano
698 411 825 431 sermone
853 405 941 431 subli-

151 450 397 485 mioremzalioqui
415 451 518 479 fatetur
538 451 711 486 Nicephorus
736 450 820 485 quod,
845 451 941 477 cumiu

150 497 220 522 hanc
231 497 313 523 vitam
332 497 434 529 incidit,
450 497 583 532 obstupuit
595 496 808 532 magnitudinem
825 502 856 522 ac
870 496 940 522 mul-

150 542 288 569 titudinem
306 544 429 570 eximiam
442 551 553 578 operum
564 551 579 569 a
597 547 689 570 sancto
702 546 870 578 patratorum
884 550 892 568 .'
908 550 941 569 ea

150 593 253 619 autem,
268 588 369 623 inquit,
386 596 467 623 usque
482 588 558 615 hodie
573 587 740 614 celebrantur
756 588 873 614 omnium
888 587 940 614 lin-

149 635 216 668 guis,
233 634 364 668 descripta
377 634 429 660 ὑπὸ
446 634 570 669 Συμεῶνι
589 634 745 669 (Νικηφὸρῳ
765 633 854 660 voluit
869 633 939 660 scri-

149 679 225 711 bere,
242 684 290 706 aut
302 680 385 706 etiam
397 680 520 714 scripsit,
537 679 586 707 sed
605 679 710 706 sciolus
724 679 825 714 aliquis
839 685 940 706 nomen

149 725 267 752 mutavit
281 725 492 760 Metaphrastem
521 725 638 760 intelligi
666 725 772 759 volens)
788 724 940 758 Μαγίστρῳ

150 771 188 806 τῷ
215 770 347 806 Οὐρανῷ²
369 771 442 806 quod
469 770 629 798 abbreviate
650 771 795 805 scriptum,
818 778 852 797 ex
864 777 940 796 more

148 816 249 844 Grzecis
278 817 481 848 usitatissimo,
508 825 558 851 pro
588 816 713 852 Οὖρα-νῷ,
741 824 797 843 non
826 815 939 850 capiens

149 862 268 897 Langius
286 863 478 898 praetermisit;
492 863 598 890 clarum
613 866 705 889 autem
731 862 761 889 tit
785 869 818 889 ex
840 861 938 888 eodem

147 910 310 945 cognomine
321 915 385 937 ante
402 910 493 937 Vitam
509 910 614 945 integre
638 917 780 944 expresso.

181 956 281 982 45.Ab
304 955 359 982 alio
384 963 494 990 quoque
523 963 633 990 quama
662 954 819 989 Nicephoro
848 953 937 980 Vitam

147 998 284 1034 Syntronis
310 994 392 1034 Hujus
418 999 521 1026 litteris
552 999 710 1026 mandatam
731 1004 759 1026 et
783 998 936 1033 posteritati

147 1045 335 1071 transmissum
351 1052 424 1076 esse,
442 1052 475 1071 ex
490 1045 671 1080 paragrapho
695 1044 839 1079 superiore
858 1045 936 1072 colli<

147 1090 253 1123 gimus:
273 1091 350 1125 cujus
373 1088 938 1125 auctorem,quamvisnonumninetconci-

147 1135 269 1167 lium,ex
288 1135 456 1163 Damasceno
481 1136 626 1163 Arcadium
650 1132 729 1170 Cypri
762 1134 937 1168 archiepisco-

147 1190 209 1216 pum
220 1183 405 1216 agnoscimus,
425 1182 512 1209 nihilo
525 1182 662 1209 notiorem
676 1181 820 1216 Nirephoru
829 1184 934 1211 nostro,

147 1228 199 1255 nisi
215 1228 297 1254 etiam
315 1228 505 1255 obscuriorcm
526 1227 611 1260 velis;
632 1231 727 1261 utpote
760 1226 806 1261 qui
823 1234 858 1253 ne
888 1233 936 1260 per

146 1275 246 1309 scripta
277 1275 409 1309 quidem,
439 1283 500 1310 quae
528 1274 741 1304 interciderunt,
775 1273 934 1300 innotescit.

146 1319 250 1356 Colligo
266 1321 360 1351 etiam,
385 1321 597 1356 prolixissimam
627 1319 711 1347 fuisse
736 1318 825 1346 Vitam
848 1319 933 1349 illaut,

146 1374 178 1393 ac
209 1372 309 1394 nostrae
335 1375 390 1394 non
416 1367 495 1394 valde
521 1367 653 1401 imparem
680 1365 871 1400 longitudine;
899 1364 934 1390 ita

146 1411 300 1447 Capitulum
319 1412 380 1445 H8,
397 1413 433 1439 ita
449 1412 608 1439 Miraculum
626 1410 686 1443 15"),
706 1417 789 1445 supra
823 1410 935 1437 recitata

147 1457 288 1490 obtinent;
314 1458 400 1484 multa
426 1458 499 1484 enim
528 1457 701 1492 prmccssisse
735 1459 854 1490 oportet.
879 1455 935 1482 [mo

147 1504 253 1530 nullum
271 1503 395 1536 dubium,
427 1504 493 1538 quin
527 1504 613 1530 altera
628 1510 662 1529 ex
690 1503 775 1529 altera
797 1501 934 1535 descripta

147 1550 184 1578 sit
201 1550 278 1582 Vita;
294 1554 320 1576 et
334 1554 428 1576 nostra
445 1550 537 1584 potius
552 1557 585 1575 ex
612 1548 657 1575 illa
686 1547 808 1579 Arcadii,
834 1546 937 1573 additis

147 1597 273 1631 pauculis
305 1597 347 1623 vel
380 1595 642 1626 exclamationibus,
673 1594 714 1620 vel
745 1591 933 1628 a'postrophis,

147 1643 257 1675 aliisve,
270 1647 300 1670 ut
316 1642 353 1669 rei
368 1643 505 1677 cxigcntia
520 1646 547 1668 et
563 1642 651 1676 pietas
666 1641 788 1668 auctoris
803 1640 936 1666 tulerunt.

146 1692 213 1720 Nam
229 1691 383 1719 cnnt‘erenti
409 1686 560 1725 superioris
577 1688 739 1724 paragraphi
771 1687 935 1714 miraculum

148 1737 266 1772 primum
285 1744 347 1764 cum
361 1743 478 1762 numero
495 1735 546 1761 125
563 1733 641 1765 Vitae,
659 1737 687 1760 et
707 1732 859 1760 secundum
874 1740 936 1759 cum

148 1790 224 1810 num.
247 1783 308 1814 171,
332 1784 458 1816 apparet,
475 1779 702 1809 t‘undamentalia,
721 1777 864 1814 notabilia,
882 1777 937 1804 cii-

146 1827 328 1854 cutnstantias
341 1826 436 1856 etiam,
453 1825 600 1859 utrobique
614 1824 709 1851 eadem
725 1831 797 1850 esse.
815 1823 842 1850 ln
857 1822 936 1858 prio-

148 1872 234 1903 ribus,
250 1872 327 1899 locus
336 1871 436 1898 Rbosus
446 1878 494 1898 seu
509 1867 659 1905 Rlzosopoli:
676 1868 775 1896 Ciliciw
791 1869 873 1901 urbs;
893 1875 940 1895 no-

151 1925 213 1944 men
231 1917 354 1944 mulieris
370 1917 514 1943 Thcoterna
525 1936 532 1946 .
550 1920 659 1951 tempus
671 1915 791 1950 coniugii
818 1915 883 1942 anni
899 1915 938 1941 vi-

147 1965 230 2000 ginti;
244 1964 351 1999 repudii
363 1965 568 1998 anniquatuor;
581 1962 771 1990 hzemorrhtea)
782 1962 846 1988 anni
861 1962 931 1996 quin.

148 2011 245 2042 decim;
259 2018 339 2037 causa
356 2009 477 2037 adeundi
499 2014 642 2041 sanctum;
664 2007 772 2035 aversio
789 2007 938 2039 daemonis;

148 2055 269 2090 querela:
285 2055 432 2089 ejusdem;
454 2055 573 2089 raptatio
609 2054 714 2081 circum
752 2054 910 2080 columnam
931 2062 936 2078 :

149 2101 285 2137 promissa
307 2101 416 2128 mulieri
430 2102 511 2128 data:
528 2105 689 2136 conceptus,
710 2105 801 2133 natus,
831 2100 940 2142 oblatus

151 2148 240 2181 ﬁlius;
260 2146 409 2182 gratitudo,
422 2152 513 2175 erecta
532 2147 624 2176 iconc;
651 2146 810 2174 sanationes
827 2154 876 2181 per
906 2145 939 2171 il-

151 2195 204 2221 lam
219 2194 311 2221 factte.
330 2193 395 2228 quid
410 2193 510 2228 plura?
527 2193 623 2220 eadem
643 2192 791 2227 utrobique
807 2196 938 2219 notantur

149 2241 252 2267 omnia.
266 2240 325 2267 Non
338 2243 489 2274 potuerunt
499 2247 565 2274 ergo
581 2247 637 2266 non
655 2239 699 2265 vel
714 2239 799 2265 altera
817 2246 850 2265 ex
866 2237 935 2265 alte-

149 2287 199 2317 ris,
215 2286 258 2313 vel
274 2290 390 2320 utraque
403 2293 437 2312 ex
458 2285 556 2312 iisdem
584 2284 772 2311 monumentis
800 2283 937 2318 descripta

150 2333 246 2360 videri.
264 2332 324 2366 Qua
347 2331 556 2359 conﬁrmaberis
570 2331 597 2357 in
623 2330 771 2362 sententia,
799 2330 822 2357 si
848 2331 940 2357 conci-

150 2379 219 2414 pias,
245 2379 328 2405 vitam
359 2377 434 2404 illam
462 2385 513 2411 per
530 2376 660 2411 capitula,
690 2375 814 2403 numeris
837 2376 940 2403 nostris

150 2425 207 2452 fere
219 2425 305 2460 paria,
320 2424 478 2451 distinctam
495 2423 595 2455 fuisse;
620 2423 660 2449 sic
674 2422 747 2449 enim
767 2422 840 2449 istud
858 2422 940 2449 mira-

149 2470 243 2498 culum
259 2469 461 2505 propemodum
490 2468 549 2503 pari
577 2467 734 2500 intervallo,
749 2467 896 2503 utrobique
924 2475 938 2494 a

310 2879 446 2909 PATROL.
461 2879 518 2910 Gn.
543 2878 718 2910 LXXXVI.

435 2972 460 2987 θ

954 852 977 880 Β

956 2195 975 2221 1)

998 222 1056 248 125.
1071 222 1110 248 En
1126 222 1287 256 quantulum
1301 222 1449 250 discrimen
1462 223 1468 250 ε
1483 224 1607 252 Alterum
1622 226 1784 255 miraculmn

996 267 1077 301 paulo
1090 268 1198 303 longius
1210 269 1316 296 recedit
1340 269 1368 296 in
1382 274 1476 297 nostra
1494 270 1566 303 Vita,
1588 279 1669 307 quam
1697 273 1784 302 Arca-

995 313 1076 340 diana
1091 322 1098 346 ;
1113 315 1160 341 sed
1176 315 1328 342 notandum
1345 323 1476 342 numeros
1491 316 1517 343 in
1534 317 1588 344 vita
1602 323 1695 347 nostra
1710 320 1783 348 circa

995 360 1115 386 medium
1130 362 1330 389 contractiores
1341 370 1412 394 esse,
1433 370 1515 397 quam
1537 372 1634 391 versus
1653 365 1763 393 initium
1774 375 1784 395 ι

993 407 1118 442 adeoque
1129 409 1313 435 convenirent
1346 410 1460 445 propius
1491 411 1611 443 numeri,
1637 412 1720 440 etiam
1739 414 1784 441 hic

994 452 1094 484 nostri,
1111 460 1173 479 cum
1201 461 1317 480 numero
1341 454 1422 481 istius
1444 455 1581 488 miraculi,
1596 455 1617 483 si
1633 459 1731 491 aequali
1745 463 1785 485 tc-

994 503 1061 523 nore
1074 505 1106 524 ac
1120 498 1209 532 spatio
1222 503 1331 525 nostros
1345 498 1444 533 ubique
1470 499 1674 529 incidissemus.

1028 542 1072 568 M.
1085 542 1138 569 Sed
1156 543 1302 570 redeamus
1318 543 1350 570 ad
1366 543 1540 571 collationem
1551 547 1688 579 miraculi,
1705 554 1733 575 et
1748 550 1784 574 vi-

993 587 1107 614 deamus
1121 596 1182 623 quae
1198 589 1285 616 videri
1298 589 1404 623 possint
1419 589 1446 616 in
1463 590 1524 617 Vita
1538 596 1631 618 nostra
1650 595 1784 627 superad-

992 632 1059 665 dita,
1075 633 1117 659 vel
1132 634 1241 660 decoris
1254 634 1295 660 vel
1310 634 1445 661 claritatis
1460 642 1552 662 causa.
1570 636 1641 663 Sunt
1660 637 1706 664 illa
1719 646 1783 672 per—
1807 631 1813 639 ’

992 684 1148 714 opportuna
1175 684 1271 707 etere
1298 685 1372 708 nata.
1389 681 1440 708 Ubi
1472 681 1505 708 de
1533 681 1658 709 daunone
1681 684 1782 718 agitur.

993 724 1134 752 interserit
1151 735 1156 752 :
1175 726 1406 758 Quemadmodum
1422 728 1504 754 ist/ioc
1521 730 1606 755 scelus
1620 737 1671 756 non
1696 730 1783 765 loqui—

992 776 1034 796 tur
1062 772 1112 798 nisi
1137 772 1247 800 scelera.
1270 773 1374 801 Deinde
1395 779 1508 809 accepta
1536 775 1670 803 beneﬁcia
1699 778 1782 804 simul

990 823 1134 844 enumerat
1146 822 1174 844 et
1188 819 1264 845 velut
1281 819 1441 853 parenthesi
1457 820 1575 847 includit
1590 821 1691 856 (Neque
1714 824 1782 850 enim

991 872 1006 889 a
1016 868 1146 890 roaztanco
1154 865 1203 890 sibi
1214 865 1331 891 dwmone
1340 865 1475 897 immunis,
1489 866 1534 893 sed
1546 871 1569 893 et
1582 868 1676 894 marito
1686 869 1783 904 integre

990 915 1097 939 sanata.
1118 911 1238 937 restituta
1266 911 1386 946 fuit:ad
1412 912 1466 939 han:
1491 920 1556 947 puer
1574 920 1675 947 quoque
1691 921 1723 940 ex
1739 921 1780 943 ea.

991 956 1059 990 quod
1083 964 1218 990 nunquam
1237 961 1309 992 ante,
1322 962 1466 992 prognatus
1483 958 1542 991 est).
1559 958 1683 993 Denique
1700 959 1779 986 istam

990 1000 1017 1026 in
1049 1000 1101 1026 line
1133 1001 1338 1028 conclusionem
1369 1001 1487 1037 adjicit:
1505 1002 1547 1030 Ita
1560 1004 1610 1030 viri
1631 1005 1716 1030 sancti
1740 1005 1780 1031 vel

990 1047 1074 1072 tenuis
1090 1046 1115 1072 in
1130 1047 1245 1081 imagine
1255 1052 1385 1081 aspectus,
1402 1048 1506 1082 signant
1521 1049 1618 1080 crucis,
1633 1050 1719 1084 uirga,
1729 1051 1782 1086 far"

989 1099 1043 1122 ma,
1060 1091 1176 1124 verbum,
1193 1093 1338 1125 invocatio,
1357 1090 1380 1120 ἐι
1398 1094 1495 1128 siquid
1516 1094 1592 1121 aliud
1611 1103 1698 1122 rerum
1709 1096 1780 1123 illius

989 1141 1063 1168 esset,
1077 1138 1222 1172 sufﬁciebat
1236 1138 1338 1166 cuilibet
1350 1139 1499 1166 morborum
1515 1141 1603 1175 generi
1618 1141 1779 1174 depellenda.

1024 1184 1068 1210 liii.
1090 1183 1152 1210 Haec
1169 1184 1202 1210 de
1217 1184 1368 1218 prioribus.
1389 1184 1515 1212 Otiosum
1533 1185 1604 1212 foret
1627 1186 1779 1220 posteriora

988 1228 1068 1254 simili
1093 1228 1174 1255 modo
1197 1229 1323 1256 conferre
1346 1239 1352 1256 :
1371 1230 1493 1257 conferat
1510 1231 1553 1267 cui
1580 1231 1680 1258 lubet:
1704 1239 1778 1266 repe-

989 1273 1040 1300 riet
1073 1273 1169 1301 eadem
1194 1275 1354 1315 utrobique.
1371 1275 1472 1302 Refero
1497 1275 1630 1303 duntaxat
1652 1276 1698 1304 illa
1720 1285 1778 1311 qua:

988 1320 1094 1354 adjecta
1112 1320 1253 1348 videntur.
1267 1321 1391 1348 Primum
1405 1327 1503 1348 erecta:
1519 1321 1590 1348 iconi
1605 1330 1685 1349 suum
1704 1322 1781 1349 addit

987 1370 1126 1398 ornatum,
1139 1375 1202 1394 cum
1229 1367 1302 1394 illam
1321 1367 1457 1394 describit
1471 1377 1476 1394 :
1490 1369 1653 1395 Pcrvcnuste
1667 1377 1718 1395 non
1736 1377 1779 1395 so—

988 1409 1192 1444 luincoloribus,
1204 1413 1250 1439 sed
1268 1413 1350 1439 etiam
1368 1407 1465 1440 amictu
1483 1417 1506 1440 et
1525 1415 1680 1448 tegumentis
1704 1423 1778 1441 orm:-

988 1463 1052 1485 tum.
1077 1458 1160 1486 Paulo
1184 1464 1250 1494 post
1274 1460 1501 1488 exclamationem
1516 1460 1587 1487 hanc
1613 1461 1752 1488 interserit
1774 1471 1779 1487 :

993 1501 1015 1528 Ο
1033 1501 1113 1535 Deus,
1134 1505 1232 1535 quanta
1250 1502 1336 1529 hostes
1352 1501 1477 1529 adversus
1493 1501 1620 1529 Sanctum
1637 1505 1709 1527 tuum
1724 1508 1779 1526 ma-

995 1549 1096 1575 chinati
1111 1549 1189 1575 sunt!
1208 1547 1267 1575 Mox
1285 1556 1347 1574 eum
1364 1548 1523 1575 extenderet
1542 1555 1613 1575 unus
1631 1548 1656 1574 in
1671 1547 1777 1574 iconem

994 1600 1116 1624 manum,
1131 1592 1291 1620 deturbatus
1308 1593 1409 1620 dicitur
1421 1596 1534 1620 venusta
1549 1593 1598 1619 hac
1615 1596 1641 1619 et
1655 1593 1697 1626 pia
1714 1599 1778 1626 apo-

994 1639 1106 1673 strophe
1122 1647 1128 1663 :
1145 1638 1268 1664 Manibus
1282 1636 1349 1667 illis.
1360 1647 1424 1672 quat
1441 1642 1479 1664 tu.
1496 1638 1606 1669 Christe,
1627 1646 1704 1671 super
1718 1638 1779 1664 illo.

994 1693 1052 1711 rum
1069 1684 1217 1718 superbiam
1230 1684 1360 1715 extulisti,
1381 1683 1575 1720 deﬁcientibus,
1591 1683 1702 1710 Demum
1716 1690 1777 1709 eum

994 1731 1091 1759 tertius
1104 1738 1213 1766 quoque
1228 1730 1349 1764 deiectus
1362 1737 1444 1760 esset,
1460 1730 1538 1765 quasi
1561 1728 1778 1763 epiphonematis

994 1777 1054 1803 loco
1078 1775 1178 1804 dicitur
1200 1786 1206 1804 :
1224 1776 1310 1803 Multo
1330 1776 1462 1810 prioribus
1482 1776 1578 1810 majori
1599 1774 1712 1801 ludibrio
1737 1774 1780 1800 di-

993 1833 1059 1859 gnus
1070 1845 1077 1856 ,
1094 1825 1162 1860 quod
1178 1825 1285 1851 illorum
1301 1824 1418 1858 exemplo
1436 1824 1518 1851 nihilo
1537 1823 1665 1858 sapuisset
1682 1822 1778 1857 magis.

990 1872 1061 1906 Quid
1073 1873 1133 1901 hac.
1141 1871 1193 1898 nisi
1205 1871 1395 1906 parentheses,
1407 1869 1621 1897 exclamationes
1631 1889 1639 1902 ,
1656 1874 1780 1905 apostro-

992 1919 1062 1954 phee,
1078 1918 1301 1953 epiphonemata,
1311 1924 1345 1944 ex
1359 1916 1442 1943 rebus
1458 1915 1528 1942 nihil
1540 1916 1694 1943 immutatis
1706 1920 1782 1947 nata,

991 1970 1018 1992 ct
1034 1964 1173 1999 emphasis
1188 1963 1275 1998 gratia
1289 1967 1404 1990 venuste
1418 1961 1542 1996 adjecta?

1029 2012 1074 2039 46.
1088 2011 1163 2038 Ordo
1179 2015 1272 2037 autem
1288 2014 1361 2037 totus
1381 2009 1408 2036 in
1430 2009 1482 2035 hac
1502 2008 1618 2035 historia
1634 2011 1675 2034 est
1689 2007 1782 2034 admo-

993 2058 1057 2084 dum
1075 2057 1220 2088 naturalis,
1241 2056 1377 2090 incipiens
1395 2063 1409 2082 a
1423 2055 1586 2086 nativitate,
1602 2053 1783 2088 progrediens

993 2110 1055 2129 cum
1073 2102 1164 2133 annis,
1181 2101 1313 2129 desinens
1338 2101 1364 2127 in
1381 2104 1470 2127 mone
1484 2108 1490 2126 :
1503 2099 1557 2126 imo
1569 2106 1625 2126 non
1644 2105 1714 2124 vana
1727 2098 1781 2124 erit

992 2147 1164 2183 suspicio,si
1194 2146 1327 2174 miracula
1355 2146 1487 2180 pleraque
1509 2144 1609 2171 ordine
1633 2142 1781 2178 temporis,

992 2201 1047 2228 quo
1063 2193 1134 2220 facta
1157 2195 1232 2222 sunt,
1249 2195 1383 2226 putentur
1406 2190 1525 2228 primum
1541 2190 1680 2224 descripta
1696 2196 1757 2216 esse
1774 2198 1780 2215 ε

992 2238 1020 2265 id
1034 2238 1108 2265 enim
1124 2237 1193 2264 ordo
1206 2237 1293 2264 :etatis
1305 2240 1333 2263 et
1345 2236 1387 2263 ha:
1398 2235 1551 2271 particulae,
1566 2240 1666 2270 postea,
1679 2233 1781 2264 deinde.

993 2290 1049 2320 post
1062 2285 1126 2316 ha‘c,
1142 2283 1194 2311 illis
1208 2284 1332 2318 peractis,
1343 2290 1375 2309 ac
1387 2282 1501 2314 similes,
1516 2282 1544 2309 in
1553 2281 1691 2316 principio
1701 2281 1783 2308 mira-

995 2331 1122 2357 culorum
1151 2328 1302 2356 identidem
1327 2328 1472 2363 rcpetitae,
1497 2327 1627 2354 videntur
1654 2327 1781 2354 innucrc.

997 2375 1075 2403 Hunc
1088 2383 1172 2410 porro
1184 2379 1239 2402 tam
1255 2374 1398 2410 copiosum
1411 2374 1514 2402 fontem
1531 2374 1698 2401 habentibus
1713 2373 1782 2399 nihil

995 2430 1066 2458 opus
1081 2427 1124 2449 est
1141 2422 1247 2449 rivulos
1271 2421 1484 2456 Synaxariorum
1504 2419 1616 2452 sectari,
1630 2419 1658 2446 in
1680 2418 1782 2454 quibus

994 2467 1113 2503 elogium
1127 2467 1193 2495 alibi
1208 2467 1332 2500 brevius,
1347 2466 1413 2494 alibi
1429 2466 1567 2502 prolixius
1581 2466 1692 2501 legitur.

1528 2876 1567 2907 95
