1966 3068
125 133 192 167 2997

161 191 200 225 ιβ’.
219 190 328 226 Συμϐἀν
342 191 369 218 δὲ
382 191 427 218 τὸν
442 191 553 226 Συμεὼν
569 191 638 226 μετά
652 192 738 218 ταῦτα
754 191 813 218 κατ’
825 192 911 218 ἐκεῖ-ιο
925 191 949 220 Α

125 236 317 272 τῆςἈντιόχου
326 236 439 271 διάγειν,
451 237 466 263 ὃ
490 236 634 271 Χερουϐὶμ
644 236 755 268 εἰκότως
768 236 822 262 are
831 236 910 261 Τίτου

127 282 232 313 ωόντος
252 282 424 318 Ἱεροσόλυμα
434 283 552 316 λέγεται,
561 282 669 313 εἰκόνας
680 291 708 308 τε
722 281 911 316 περιωνύμους

127 324 178 355 τῶν
198 327 338 363 Χερουϐὶμ
361 328 415 354 ἀπὸ
439 328 487 355 τοῦ
505 329 534 355 ἐν
554 328 646 360 αὐτοῖς
668 327 828 362 ἀνελομένου
846 325 910 353 ναοῦ

127 371 193 406 πρός
215 380 245 398 τε
265 372 315 407 τὴν
340 372 476 406 Ἀντιόχου
511 373 754 408 μετακομίσαντος,
771 371 911 398 κάνταῦθα

126 417 174 451 τῆς
194 417 297 448 πόλεως
319 417 357 449 ὡς
379 418 408 444 ἐν
430 417 638 452 ἐπιφανεστάτῳ
662 418 820 452 στήσαντος.
842 416 911 451 Τῇδε

125 462 214 489 τοίνυν
223 462 334 497 διάγων,
350 463 401 498 ὁρᾷ
414 463 474 489 κατ’
490 462 657 498 ὀφθαλμοὺς,
671 463 716 490 ἐπὶ
731 463 780 498 τῆς
796 463 911 497 ἀρχαίας

125 509 302 543 τειχοποιτας,
318 509 436 544 φρικτῆς
446 509 553 545 ἐκείνης
566 509 697 545 ὁράσεως.
724 509 790 543 Ὁρᾷ
802 516 912 543 τοιγαρ-

126 553 182 584 οῦν,
200 554 246 579 καὶ
264 553 329 584 1δοὶ),
346 555 360 580 ὁ
372 554 473 589 Κύριος
488 554 616 581 ἁπάντων
630 554 677 580 καὶ
695 554 832 588 Δεσπότης
845 553 912 588 Χρι-

127 599 188 629 στος
207 599 221 625 ὁ
234 598 299 630 Θεὸς
318 599 386 634 (πῶς
401 599 434 625 ἃν
447 600 630 636 παραστήσειε
642 599 719 633 λόγος
733 598 764 625 τδ
778 598 848 633 μέγα
863 598 912 632 τῆς

126 645 287 679 ἐπιφανείας
308 645 416 680 ἐκείνης
437 645 565 681 θέαμα;)
583 646 629 672 ἐπὶ
645 645 741 681 θρόνου
763 645 865 680 ὑψηλοῦ
882 653 911 671 τε

127 689 173 715 καὶ
191 688 342 724 μετεώρου,
360 690 435 724 βῆμά
454 699 483 717 τε
502 690 555 725 πρὸ
568 690 649 717 αὐτοῦ
667 691 781 726 φοϐερὸν
796 691 911 726 ἑωρᾶτο,

129 734 185 760 τότε
210 735 264 761 τῶν
285 735 399 762 δικαίων
418 735 517 770 πλῆθος
541 737 700 773 συνήρχετο,
719 737 767 763 καὶ
786 737 801 772 ἡ
823 735 913 771 βίϐλος

126 779 174 814 τῆς
192 779 265 813 ζωῆς
281 780 433 815 ἀνεῴγνυτο
446 789 453 796 ·
471 781 519 807 καὶ
534 781 587 808 ἀπὸ
606 781 655 816 μὲν
672 781 808 808 ἀνατολῶν
830 782 844 807 ό
863 780 914 815 τῆς

127 826 230 861 τρυφῆς
249 827 378 858 πυκάζων
398 827 576 862 Παράδεισος,
593 828 646 854 ὰπᾶ
662 827 689 854 δὲ
701 827 811 862 δυσμῶν
830 827 912 862 λίμνη

127 871 211 906 πυρὸς
226 871 429 906 ἀναϐράζουσα,
447 872 560 907 Πνεῦμά
573 882 601 899 τε
613 874 714 909 Κυρίου
725 874 768 899 ἐπ’
779 873 858 900 αὐτὸν
872 873 914 899 λέ-

127 926 189 951 γοιμ’
209 919 308 944 ’Ἄκουε
326 918 374 944 καὶ⁹
386 917 464 950 σύνες
484 918 578 953 λόγους
600 919 688 953 ζωῆςο
705 919 843 954 συμϐουλὴ
859 919 914 954 γάρ

128 972 168 990 σοι
193 964 262 999 πρὸς
288 964 404 999 ὲκλογὴν
431 965 477 991 τοῦ
495 964 578 991 καλοῦ
599 965 632 991 τὰ
651 964 786 1000 ὁρώμενα.
813 965 842 991 Ἡ
865 964 914 1000 μὲν

126 1010 182 1044 γὰρ
206 1009 261 1035 τῶν
289 1009 401 1036 δικαίων
428 1009 598 1044 λαμπρότης,
626 1010 673 1036 καὶ
697 1011 711 1036 6
735 1010 784 1044 τῆς
810 1011 914 1046 τρυφῆς

127 1055 304 1089 Παράδεισος,
324 1055 373 1090 τὴν
395 1055 481 1081 ἀΐδιον
498 1055 657 1089 ἀγαλλίασιν
681 1055 913 1089 ἐπαγγέλλονται·

127 1102 142 1135 ὴ
155 1100 183 1126 δὲ
197 1100 243 1126 τοῦ
258 1100 343 1135 πυρὸς
362 1100 469 1134 γέεννα,
490 1100 538 1135 τὴν
554 1100 732 1136 ἀτελεύτητον
748 1101 855 1127 ἀπειλεῖ
872 1110 913 1127 τι-

129 1146 243 1180 μωρίαν.
265 1145 359 1172 Ἀπιθι
378 1145 478 1178 τοίνυν,
496 1146 527 1172 τὸ
545 1146 645 1180 ἀγαθὸν
669 1146 859 1181 ἐκλεξάμενος,
877 1146 914 1178 ὡς

125 1191 158 1219 ἄν
189 1192 226 1227 μὴ
251 1192 304 1218 τῶν
334 1191 476 1219 ἀθανάτων
506 1193 587 1227 μόνον
617 1193 686 1226 μετά
719 1192 793 1223 τέλος
821 1193 914 1219 δεινῶν

126 1237 297 1273 ἀπαλλαγῇς,
312 1237 381 1264 ἀλλὰ
401 1237 448 1264 καὶ
465 1237 518 1264 τῶν
533 1237 751 1273 ἀπηγγελμένων
773 1239 829 1270 τοῖς
846 1239 915 1272 ἀγα-

127 1284 198 1310 πῶσι
210 1284 255 1310 τὸν
269 1283 334 1310 Θεὸν
346 1284 536 1318 ἀνεκλαλήτων
550 1284 660 1319 ἀγαθῶν
675 1285 815 1320 ἐπιτύχῃς.

164 1377 207 1407 ιγ’.
225 1373 333 1408 Ταύτης
354 1373 392 1408 τῷ
405 1374 517 1408 Συμεὼν
539 1374 588 1408 τῆς
607 1374 725 1409 Θεωρίας
746 1374 914 1408 ὑποδειχθεί-

129 1429 188 1455 σης,
205 1420 312 1451 σύνεσίς
326 1428 353 1445 τε
369 1419 526 1454 παραδόξως
544 1419 618 1454 αὐτῷ
639 1419 762 1454 θειοτέρα
782 1421 829 1446 xz‘t
846 1428 914 1455 xpu-

128 1466 198 1499 φίων
218 1465 342 1497 ἀθεάτως
366 1465 565 1500 ἀποκαλύψεων
589 1467 778 1501 προσετέθειτο
802 1467 912 1500 γνῶσις.

624 136 713 167 VITA
731 138 755 166 Α
773 110 989 166 Ntcapuotto
1009 132 1252 164 CONSCRIPTA.

1678 127 1750 160 2908

1000 189 1041 216 12.
1058 190 1123 216 Post
1139 188 1198 215 haec
1212 188 1343 222 Symcon,
1359 192 1421 213 cum
1434 184 1502 212 forte
1521 184 1549 211 in
1564 183 1611 211 illo
1623 189 1748 210 versare-

963 241 1008 263 tur
1037 234 1191 262 Antiochiae
1208 234 1281 266 loco,
1310 232 1358 268 qui
1381 233 1442 267 jure
1466 231 1566 258 merito
1596 228 1748 257 Cherubim

962 281 1127 316 appellatur,
1141 284 1288 315 propterea
1300 278 1374 313 quod
1385 277 1476 310 Titus,
1490 284 1589 304 evorsa
1615 275 1749 303 Hieroso-

962 328 1043 362 lyma,
1061 325 1228 354 celebriores
1242 324 1465 352 Cherubinorum
1482 327 1597 355 statuas,
1626 329 1660 348 ex
1681 325 1750 348 tem-

962 373 1008 407 plo
1022 372 1082 407 ejus
1092 372 1225 404 sublatas,
1247 370 1421 397 Antiochiam
1435 368 1619 398 transtulerit,
1630 366 1749 393 ibidem-

962 425 1015 452 que
1033 416 1214 444 celeberrimo
1242 415 1320 443 urbis
1344 415 1405 442 loco
1423 414 1566 449 posuerit:
1597 420 1660 440 cum
1690 411 1771 452 illo”;

963 462 1085 496 inquam,
1100 460 1161 488 loco
1174 463 1334 487 versaretur
1352 459 1482 494 Symeon,
1501 458 1633 492 objicitur
1647 456 1686 482 illi
1697 463 1746 490 ap—
1768 453 1771 457 “

961 515 1061 543 parens
1076 514 1158 542 super
1173 507 1317 534 ruinosum
1336 505 1469 540 parietem
1479 504 1652 531 horrendum
1666 503 1750 529 hocce

963 553 1162 589 spectaculum.
1184 551 1341 588 Apparebat
1363 558 1428 578 ecce
1451 550 1581 578 Christus
1603 549 1750 576 universo-

963 606 1024 626 rum
1040 598 1174 626 Dominus
1186 597 1245 632 (scd
1255 604 1317 631 qua:
1328 596 1465 623 sermonis
1480 595 1607 622 facundia
1621 599 1675 621 tam
1689 593 1751 621 illu-

964 644 1029 670 stris
1051 642 1234 678 apparitionis
1248 641 1437 677 spectaculum
1450 647 1500 675 pro
1517 640 1650 675 dignitate
1673 646 1752 666 enar-

964 690 1055 721 ret?),
1073 688 1242 724 apparebat,
1279 689 1402 723 inquam,
1427 687 1555 715 Christus
1584 686 1697 714 sublimi
1724 687 1751 712 in

966 736 1076 766 throno,
1107 739 1170 761 ante
1185 741 1267 768 quem
1293 734 1414 761 tribunal
1438 733 1579 766 terribile;
1607 736 1672 759 tttnc
1702 732 1752 758 im-

964 788 1060 808 mensa
1071 780 1209 816 justorum
1221 779 1371 807 multitudo
1384 778 1552 810 conﬂuebat,
1566 777 1753 812 pandebatur-

965 834 1018 861 que
1030 826 1103 853 liber
1113 826 1192 852 vitae:
1207 824 1385 859 spectabatur
1400 823 1435 850 ab
1451 827 1512 850 ortu
1538 821 1657 849 referttts
1675 820 1753 847 volu-

966 877 1069 907 ptatum
1084 869 1234 905 paradisus,
1248 870 1282 897 ab
1295 877 1394 897 occasu
1413 877 1478 896 vero
1493 876 1622 904 stagnum
1642 867 1753 902 ignibus

964 923 1100 949 aestuans;
1115 922 1142 944 et
1152 916 1272 951 Spiritus
1292 915 1400 942 Domini
1430 915 1541 942 dicebat
1554 914 1598 941 ci:
1619 913 1750 940 Ausculta

964 969 992 991 et
1007 963 1129 998 intellige
1143 962 1228 990 verba
1242 962 1320 994 vitae;
1339 962 1452 989 consule
1477 961 1533 993 illa,
1556 966 1617 994 quae
1630 959 1676 986 ltie
1687 965 1750 986 cer-

965 1013 1008 1040 nis
1036 1016 1066 1038 ut
1083 1011 1167 1046 eligas
1176 1011 1316 1038 virtutem.
1335 1009 1470 1045 Splendor
1485 1010 1536 1036 istc
1555 1013 1713 1035 sanctorum
1726 1012 1754 1034 et

965 1058 1110 1094 paradisus
1140 1057 1289 1091 voluptatis
1318 1057 1513 1091 sempiternam
1539 1054 1752 1082 exsultationem

965 1105 1122 1141 significant
1147 1105 1221 1131 :ista
1248 1108 1340 1131 autent
1359 1104 1483 1138 gehenna
1516 1103 1587 1140 ignis
1613 1108 1752 1135 nunquam

967 1140 1140 1179 tet-minanda
1163 1140 1308 1184 supplicia
1331 1148 1537 1175 intermittatur.
1570 1146 1621 1174 Abi
1657 1146 1752 1181 igitur,

966 1198 1152 1231 virtutemque
1165 1195 1254 1231 eligo;
1272 1199 1302 1222 ut
1319 1199 1380 1230 post
1394 1195 1456 1221 vitae
1484 1194 1565 1228 huius
1591 1193 1752 1225 terminum,

966 1252 1020 1271 non
1043 1244 1124 1271 modo
1153 1242 1280 1270 libereris
1301 1242 1434 1269 (erumnis
1464 1241 1571 1267 nullum
1601 1238 1750 1267 terminum

967 1288 1115 1320 habituris,
1144 1294 1242 1313 verum
1266 1286 1348 1313 etiam
1373 1285 1510 1320 particeps
1538 1285 1586 1312 fias
1616 1285 1752 1311 bonorum

967 1332 1159 1364 ineﬂ‘abilium,
1178 1331 1384 1366 propositorum
1398 1329 1555 1357 amantibus
1566 1329 1663 1356 Detttn.

1002 1380 1045 1406 l5.
1057 1377 1296 1411 Contemplatione
1312 1377 1362 1403 ista
1381 1375 1511 1410 Symconi
1535 1375 1653 1410 objecta,
1665 1374 1754 1401 scien-

967 1425 1003 1453 tia
1016 1424 1140 1460 quaedam
1172 1423 1316 1458 plusquam
1344 1422 1474 1453 humana,
1509 1429 1569 1456 qua:
1598 1421 1706 1448 occulta
1728 1425 1756 1448 ct

967 1471 1053 1498 aciem
1069 1475 1190 1497 nostram
1204 1467 1336 1502 fugientia
1352 1467 1497 1498 revelaret,
1521 1460 1689 1493 mirabiliter
1709 1466 1754 1492 ei-

133 1512 254 1544 Ὀλίγαις
274 1511 302 1537 δὲ
325 1511 439 1546 ὕστερον
459 1512 576 1547 ἡμέραις
590 1513 641 1547 ὁρᾷ
657 1512 737 1538 πάλιν
752 1512 798 1538 ὑπ’
816 1512 915 1546 ὀφθαλ-

970 1517 1032 1543 dent
1052 1515 1183 1542 attributa
1201 1518 1253 1541 est.
1267 1514 1365 1540 Paucis
1379 1517 1441 1548 post
1452 1513 1551 1540 diebus
1568 1511 1642 1539 videt
1659 1513 1752 1539 denuo

129 1555 196 1591 μους
211 1555 292 1590 ἄνδρα
309 1555 546 1590 λευχειμονοῦντα,
558 1555 596 1587 ὃς,
617 1556 769 1582 Ἀκολούθει
783 1565 839 1590 μοι,
853 1556 914 1590 ἔφη.

106 1601 110 1603 ’
128 1601 183 1628 Καὶ
196 1601 210 1626 ὁ
225 1601 273 1635 μὲν
291 1600 434 1635 ἠκολούθει
449 1602 619 1637 παραχρῆμα
634 1604 667 1637 τῇ
680 1603 743 1637 σκιᾷ
759 1603 804 1628 τ(ιῦ
820 1602 916 1636 ὀφθέν-

129 1654 190 1677 τος-
209 1647 224 1672 ὁ
240 1645 268 1671 δὲ
287 1645 357 1672 κατὰ
368 1646 418 1680 τὴν
435 1646 580 1682 Τιϐερινὴν
598 1647 698 1680 ἀπάγει
720 1647 811 1681 χώραν
825 1647 915 1681 αὑτὸν,

128 1692 176 1726 τὴν
193 1690 245 1717 ὑπὸ
265 1692 297 1725 τῇ
314 1690 414 1724 γείτονι
435 1690 566 1726 Σελευκίᾳ
585 1691 713 1726 κειμένην
732 1692 777 1717 ἐπί
795 1701 855 1719 τινα
872 1692 916 1718 τό·

130 1746 188 1768 πον,
204 1738 232 1763 ἐν
246 1733 269 1770 ᾧ
281 1737 391 1771 χωρίον,
404 1736 472 1763 Πίλα
491 1737 601 1772 συνήθει
619 1737 726 1772 γλώττῃ
740 1737 916 1771 καλούμενον,

129 1780 173 1818 ἦν.
192 1782 324 1809 Ἐνταῦθα
337 1782 482 1818 τοιγαροῦν
495 1784 508 1809 ὁ
520 1783 632 1817 Συμεὼν
645 1783 696 1809 ἀνὰ
711 1784 761 1817 τὴν
776 1783 823 1809 τοῦ
838 1783 918 1818 ὅρους

129 1829 247 1863 ἐρημίαν
272 1828 324 1855 ὑπὸ
345 1828 450 1863 θηρίοις
465 1828 553 1862 διῆγε,
573 1829 662 1864 μόνοις
683 1829 756 1864 αὖτῷ
780 1831 918 1861 κοινωνοῖς

129 1875 178 1908 τῆς
192 1874 306 1908 διαίτης,
323 1873 452 1901 πλουσίου
467 1874 551 1900 νύκτα
567 1874 614 1900 καὶ
624 1875 730 1909 ἡμέρας
757 1875 846 1908 φωτὸς
872 1874 918 1901 άν-

130 1919 201 1946 ωθεν
218 1920 372 1952 ἀπολαύων,
391 1920 438 1947 καὶ
455 1917 567 1956 ὺπὸρτοῦ
579 1919 706 1953 ὀφθέντος
717 1919 791 1954 αὑτῷ
815 1919 919 1955 λευχεί-

132 1974 212 2000 μονος
229 1966 323 2001 ἀνδρός
333 1965 523 2000 ὁδηγούμενος,
542 1965 570 1996 ὃς
585 1965 659 2000 αὐτῇ
677 1967 722 1992 καὶ
736 1965 770 1992 τὰ
783 1966 917 1999 ἀναγκαῖα

129 2012 256 2046 ἐπήρκει.
284 2011 404 2046 Ἡμέρας
431 2011 479 2045 μὲν
498 2011 529 2045 δή
550 2019 626 2042 τινας
651 2011 714 2046 τῇδε
736 2011 917 2046 διεκαρτέρει,

129 2055 190 2084 εἶτα
215 2058 263 2084 καὶ
285 2057 359 2091 αὐτῷ
386 2057 557 2091 προσϐαίνων
579 2057 629 2092 ἥδη
653 2056 691 2091 τῷ
708 2057 777 2091 ὕρει,
796 2057 919 2092 εὑρίσκει

131 2103 219 2138 βραχὺ
236 2103 426 2137 μοναστήριον,
441 2104 470 2129 ἐν
486 2100 508 2137 ᾧ
526 2112 567 2135 τις
587 2103 723 2137 Ἰωάννης,
737 2103 838 2138 ἀρετὴν
856 2111 920 2137 μετ-

131 2150 180 2176 ιὼν
194 2149 273 2184 ἀνὴρ,
291 2149 336 2174 ἐπὶ
360 2148 464 2183 βάσεως
482 2150 625 2182 ἱστάμενος
640 2147 684 2184 ἦν,
701 2146 722 2183 ᾧ
737 2149 784 2176 καὶ
806 2150 859 2184 πρὸ
872 2149 918 2175 τοῦ

129 2196 175 2221 τὸν
189 2193 301 2229 Συμεὼν
317 2194 444 2227 ἐπιϐῆναι
466 2194 513 2220 τοῦ
527 2194 616 2229 ὅρους,
635 2195 730 2222 πολλαὶ
754 2195 817 2231 περὶ
835 2195 917 2222 αὑτοῦ

131 2239 260 2271 πολλάκις
275 2240 412 2273 ἐφάνησαν
422 2239 507 2273 ὄψεις.
523 2240 591 2266 “ore
608 2241 656 2275 μὲν
673 2240 727 2276 γάρ
746 2241 828 2267 παῖδα
841 2240 915 2276 ἐώρα

129 2285 364 2319 λευχειμονοῦντα,
378 2284 421 2310 ἐπ’
432 2285 568 2320 ὀχήματος
589 2286 738 2320 φερόμενον
752 2285 799 2319 ἐπὶ
809 2286 859 2321 τὴν
870 2294 917 2320 μο-

130 2331 194 2366 νήν·
212 2331 276 2357 ποτὲ
290 2330 318 2357 δὲ
335 2331 414 2357 πάλιν
429 2331 458 2357 ὲν
472 2331 534 2366 ἀέρι
555 2331 639 2366 μέσῳ,
658 2331 746 2367 στόλῳ
763 2332 852 2366 (prato;
870 2332 914 2358 ὁδ-

128 2376 291 2411 ηγούμενον,
313 2376 360 2403 καὶ
380 2377 657 2412 συμπεριῖστάμενον,
681 2379 728 2404 καὶ
757 2379 806 2413 τῆς
832 2379 915 2412 μονῆς

129 2421 303 2448 ἐπιϐαίνοντα
323 2431 330 2438 ’
360 2422 453 2449 ἄλλοτε
479 2422 506 2449 δὲ
536 2424 709 2458 προσάγοντα
742 2424 790 2459 μὲν
812 2424 861 2459 ἤδη
886 2426 918 2459 τῇ

131 2468 199 2502 μονῇ
232 2467 277 2493 τὸν
303 2467 385 2493 παῖδα
400 2489 407 2500 ,
433 2468 547 2502 ἄγγελον
574 2468 602 2494 δὲ
625 2469 696 2504 ἀετῷ
726 2469 819 2496 τοῦτον
853 2470 919 2495 ὑπο-

128 2511 281 2541 δεικνύντα,
299 2512 356 2542 καὶ,
375 2508 460 2543 οὗτος
475 2513 589 2545 ἐκεῖνος,
601 2513 724 2546 λέγοντα,
742 2514 774 2540 δι’
787 2511 817 2539 οὗ
835 2513 919 2546 σώζε-

131 2557 194 2583 σθαι
219 2556 335 2590 μέλλοις.
356 2557 449 2583 Ταῦτα
475 2558 489 2583 6
517 2558 566 2592 μὲν
592 2559 672 2592 ὁρῶν,
696 2560 752 2590 τοῖς
777 2560 824 2585 σὺν
847 2559 920 2594 αὐτῷ

134 2603 259 2636 μοναχοϊς
272 2601 372 2637 διεξῄει
383 2611 389 2616 ·
399 2604 552 2635 μονωτάτου
563 2603 592 2629 δὲ
609 2604 660 2639 ἤδη
672 2606 704 2639 τῇ
724 2606 791 2640 μονῇ
807 2605 852 2630 το]
867 2606 919 2630 Συ-

169 2668 206 2702 (t)
221 2667 360 2703 Nusquam
374 2670 542 2697 mentionem
556 2671 666 2704 reperio
679 2671 761 2704 hujus
774 2671 826 2698 viri
845 2673 917 2706 apttd

131 2704 252 2743 Grtecos,
273 2711 334 2743 cum
352 2708 443 2743 tamen
459 2710 561 2743 praeter
578 2707 629 2733 alia
650 2704 918 2743 virtutis”«dumdum

130 2738 262 2777 studiosus
279 2738 336 2777 hic,
348 2739 497 2777 ct__plrtc_t'tle
508 2746 626 2767 mortuus
642 2749 719 2777 num.
735 2741 778 2769 43.
794 2741 916 2775 dicatur;

131 2778 158 2799 vt
182 2773 208 2799 in
235 2772 292 2799 Vita
315 2773 346 2800 Β.
373 2772 494 2806 Mart/ue,
518 2783 595 2802 num.
622 2776 666 2807 9:2,
688 2777 773 2803 sancti
806 2772 917 2804 nomine

130 2808 355 2845 decoreturL‘Est
373 2814 463 2845 autem
487 2810 541 2840 ille,
572 2811 618 2845 qtti
645 2818 659 2837 a
686 2811 794 2838 “adero
824 2816 918 2838 nostro

133 2846 212 2878 parte
238 2851 264 2871 ιιι
282 2842 416 2875 i’iridarii,
443 2852 501 2878 cap.
529 2847 554 2877 4i,
582 2842 617 2873 De
634 2845 745 2882 Stylitt‘s,
764 2849 916 2882 Anonynms

968 1562 1069 1593 virum,
1099 1560 1161 1587 albo
1178 1559 1344 1586 vestimento
1366 1558 1512 1589 amictum,
1542 1557 1752 1592 dicentemque:

968 1607 1090 1641 Sequere.
1106 1612 1158 1631 tne.
1177 1604 1225 1631 llic
1240 1607 1332 1630 autem
1346 1603 1514 1637 sequebatur
1538 1603 1672 1629 continuo
1696 1609 1756 1628 unt-

969 1652 1045 1678 bram
1073 1649 1230 1684 apparentis
1253 1648 1316 1679 sibi,
1343 1647 1524 1682 ducentisque
1553 1648 1580 1674 in
1613 1648 1754 1682 regionem

970 1696 1139 1727 Tiberinum,
1163 1694 1342 1721 contermina:
1369 1693 1502 1720 Sclcucire
1527 1693 1692 1729 subjectum,
1721 1693 1755 1719 atl

969 1743 1059 1769 locum
1075 1740 1232 1776 quemdam,
1247 1744 1379 1767 consueto
1409 1738 1506 1766 incolis
1535 1738 1675 1771 idiomate,
1699 1738 1755 1765 Pila

971 1785 1211 1822 appellattthlic
1227 1785 1346 1820 Symeon
1375 1784 1486 1811 deserto
1501 1784 1528 1810 in
1553 1787 1646 1810 monte
1673 1789 1756 1816 agens

970 1833 1041 1860 inter
1055 1832 1137 1862 feras,
1154 1838 1221 1865 quas
1233 1831 1305 1858 solas
1317 1830 1381 1857 vitae
1393 1837 1448 1857 sua:
1464 1833 1607 1857 consortes
1623 1828 1755 1858 habebat,

970 1878 1082 1913 copioso
1119 1877 1222 1903 luntitte
1249 1876 1358 1904 caelitus
1374 1876 1497 1902 immisso
1527 1874 1575 1902 diu
1610 1878 1752 1907 noctuque

970 1921 1182 1956 perfruebatur;
1199 1920 1318 1947 ducente
1344 1927 1394 1954 per
1421 1919 1512 1946 omn-ia
1538 1918 1597 1945 viro
1632 1917 1688 1948 illo,
1708 1917 1756 1951 qtti

971 1966 1135 1994 candidatus
1148 1970 1363 2000 apparuerat,et
1388 1965 1545 1993 necessaria
1570 1964 1632 1991 vitm
1655 1971 1757 1998 suppe-

970 2012 1086 2039 ditante.
1100 2012 1212 2046 Aliquot
1227 2011 1288 2039 istic
1303 2011 1354 2039 loci
1379 2011 1438 2039 dies
1461 2010 1633 2046 perduravit,
1657 2009 1757 2037 deinde

971 2058 1061 2092 ipsum
1076 2065 1188 2092 quoque
1203 2061 1324 2084 montem
1342 2058 1545 2088 conscendcns,
1563 2057 1692 2091 exiguum
1713 2056 1755 2082 in-

971 2103 1278 2137 vcttitmonasterium;
1301 2103 1330 2131 in
1351 2112 1406 2138 quo
1433 2103 1536 2138 degens
1559 2103 1601 2130 vir
1632 2102 1755 2137 quidam,

970 2148 1212 2177 Joanncsnomine
1231 2147 1405 2183 (A),virtutis
1424 2148 1573 2176 admodum
1603 2148 1756 2179 studiosus,

932 2187 959 2216 Ῑ)
973 2195 1064 2222 stabat
1076 2202 1161 2230 super
1173 2194 1276 2222 basim:
1292 2195 1337 2222 cui
1360 2195 1420 2222 viro
1444 2195 1521 2230 prius
1539 2196 1623 2222 etiam
1653 2195 1686 2222 de
1708 2194 1759 2230 Sy-

971 2249 1070 2269 meone
1082 2241 1241 2275 frequentes
1258 2241 1415 2276 obtigerant
1429 2241 1560 2274 risiones,
1575 2249 1656 2276 quam
1680 2241 1703 2268 is
1724 2240 1765 2268 ad-

971 2292 1092 2315 montem
1106 2287 1274 2315 advenisset.
1290 2287 1365 2314 Alias
1377 2288 1478 2322 quippe
1487 2296 1613 2322 pttcrunt,
1641 2287 1758 2315 candido

972 2333 1073 2359 amictu
1089 2331 1301 2364 circumdatum,
1323 2332 1350 2358 in
1361 2333 1559 2359 monasterium
1575 2341 1658 2360 currtt
1679 2332 1758 2364 vehi;

972 2379 1039 2410 alias
1063 2385 1160 2404 rursus
1188 2385 1238 2412 per
1265 2378 1385 2405 ntedittm
1412 2386 1486 2410 aera,
1513 2379 1639 2405 columna
1665 2378 1757 2405 lucida

970 2423 1041 2449 viattt
1056 2426 1238 2454 monstrante,
1255 2423 1401 2457 ipSuutque
1419 2423 1569 2455 atnbicnte,
1595 2423 1692 2450 eodem
1707 2423 1770 2471 ρει-ξ

971 2473 1081 2495 netrare
1093 2470 1284 2503 conspexerat.
1297 2467 1405 2494 Ac‘cidit
1421 2475 1530 2502 quoqtte
1549 2467 1646 2494 eodem
1669 2467 1770 2505 addu-i

969 2518 1043 2541 ctum
1060 2514 1157 2541 Joanni
1172 2514 1296 2541 exhiberi
1313 2514 1347 2541 ab
1361 2514 1469 2548 angelo,
1487 2514 1596 2541 dicente
1613 2522 1620 2540 :
1639 2514 1688 2540 Hic
1713 2514 1759 2541 ille

969 2564 1019 2592 est,
1036 2568 1085 2594 per
1099 2568 1182 2595 quem
1198 2560 1313 2587 salutem
1337 2566 1539 2587 consecuturus
1566 2567 1604 2586 cs.
1622 2559 1695 2590 Have,
1711 2559 1758 2586 illo

970 2613 1024 2640 quo
1036 2606 1146 2633 videbat
1162 2611 1283 2640 tempore
1300 2606 1382 2633 sociis
1395 2606 1453 2633 suis
1469 2605 1610 2633 monachis
1628 2605 1760 2632 retulerat

973 2674 1080 2710 Stylita,
1093 2674 1230 2711 Symeonis
1239 2675 1355 2711 leuioris
1367 2676 1491 2711 magister
1505 2681 1691 2710 nuncupatur,
1704 2685 1759 2704 non

971 2718 1066 2746 parum
1085 2710 1234 2738 obstrictus
1264 2710 1324 2737 Vilw
1347 2711 1423 2744 hujus
1451 2712 1573 2745 scriptori
1601 2711 1758 2746 Nicephoro,

970 2745 1044 2779 quod
1070 2749 1131 2779 post
1155 2749 1195 2772 tot
1210 2746 1308 2772 smcula
1326 2745 1463 2773 beneﬁcio
1480 2746 1562 2778 illius,
1581 2754 1635 2773 non
1655 2745 1758 2774 tantum

971 2780 1125 2817 innotescat
1151 2781 1315 2817 nominatim
1332 2781 1448 2813 Latinis,
1464 2781 1512 2809 sed
1537 2782 1634 2808 famam
1648 2789 1761 2817 quoque

971 2815 1127 2843 sanctitatis
1153 2820 1179 2842 et
1206 2815 1320 2843 odorem
1344 2817 1479 2844 virtutum
1509 2817 1562 2844 late
1585 2815 1722 2853 sparéat.‘
1798 2818 1805 2821 κ
