1966 3068
100 124 157 155 3013

588 127 676 158 VITA
695 128 719 157 A
739 127 956 157 NICEPHORO
976 126 1217 157 CONSCRIPTA-

1647 122 1718 156 30M

101 184 212 219 πιθήσας
238 183 388 217 ἀναγκάζει
407 184 451 210 τὸν
468 185 580 219 Συμεὼν
600 183 665 220 ἆραι
688 185 758 212 κατὰ
780 185 878 220 μικρὸν

936 192 984 219 que
1003 184 1136 211 continuo
1153 184 1187 210 ab
1205 182 1256 209 hoc
1284 181 1439 216 spectaculo
1456 180 1488 207 ad
1503 180 1634 208 Joannem
1649 190 1720 208 nun—

100 229 125 254 τὸ
136 228 242 263 σχοινίον
253 236 259 242 '
275 228 391 263 ἀρθῆναι
401 229 455 264 γὰρ
465 229 562 264 ἀθρόον
572 229 621 255 οὐκ
634 227 677 264 ἦν,
688 229 879 264 ὲκὼπανῆσαν

100 273 142 308 ἤδη
165 273 211 299 καὶ
235 273 370 307 διατι-ἧψαν
388 273 436 305 τὰς
458 274 572 309 σάρκας,
597 275 643 300 καὶ
669 275 782 306 ταύταις
800 276 879 310 ἄχρις

100 321 190 347 ὀστέων
206 321 393 354 ἐγκοιλανοέν.

128 452 154 478 λ’.
165 452 380 487 Περιερχομένου
392 452 420 479 δὲ
432 452 537 484 τούτου,
549 453 595 479 καὶ
605 453 709 487 δάκρυα
722 453 879 488 προστιθέν-

100 506 139 527 τος
153 497 264 532 καρδίας
281 498 417 532 δήγματα,
434 497 552 533 ἐπετίμα
567 499 581 524 ὁ
600 498 726 533 Ἰωάννης
740 499 786 526 καὶ
797 509 879 535 προσ-

98 543 208 575 ωνείδιζε
221 543 466 578 φιλοστόργως·Μὴ
480 544 557 578 δῆτα,
574 543 670 578 λέγων,
683 542 705 570 ὦ
719 546 822 578 τέκνον,
842 547 879 580 μὴ

98 588 173 620 οὕτως
184 588 282 616 ἑαυτοῦ
294 589 394 625 χρῆναι
406 590 466 616 λίαν
481 591 695 626 ἀφιλανορώπως
709 592 791 626 ἔχειν.
812 593 840 618 Ὀ
851 593 878 619 δὲ

97 634 151 661 τότε
166 635 213 669 μὲν
230 637 377 670 πατρικαῖς
395 636 586 671 ἐπιτιμήσεσιν
608 637 693 670 εἴξας,
712 638 828 664 ἀπέθετο
849 638 879 664 τὸ

98 681 205 714 σχοινίον
214 689 221 696 ·
238 681 307 715 μετὰ
318 681 345 708 δὲ
356 681 442 708 ταῦτα
453 681 599 716 λαμϐάνων
610 683 676 709 αὐτὸ
688 683 767 709 πάλιν
779 684 877 718 ὁμοίως

98 726 298 761 περιειλίσσετο,
317 728 347 753 οὐ
367 728 434 763 μετὰ
457 728 507 761 τῆς
525 728 610 763 αὐτῆς
633 728 766 762 σφίγξεως
785 729 801 764 ἢ
821 729 878 754 δια-

97 773 204 804 τάσεως,
231 772 299 800 ἀλλὰ
330 773 491 808 χαυνότερόν
518 782 577 805 πως
605 774 652 800 καὶ
679 774 876 809 φορητότερον·

97 817 238 849 ἐσπούδαζε
263 817 317 852 γὰρ
332 818 503 850 ὑπωπιάζειν
522 818 566 844 ἀεὶ
582 818 612 844 τὸ
628 817 707 853 σῶμα
732 819 778 845 καὶ
793 827 877 845 κατα-

97 863 211 898 τρύχειν.
226 864 290 895 τοὺς
309 864 542 898 ἐπανισταμένους
555 863 584 896 ἐξ
598 863 680 890 αὐτοῦ
693 865 725 900 τῇ
738 864 809 899 ψυχῇ
828 873 878 890 πο-

97 908 189 941 λέμους
202 908 308 935 ἀκούων
318 918 324 924 ⁸
338 909 408 944 ἅπερ
420 909 511 943 ἐξίστη
524 910 586 941 τοὺς
600 910 732 944 μοναχοὺς
747 911 775 936 ἐν
787 911 879 946 ἡλικίᾳ

97 953 209 987 μαλίστα
229 953 342 989 τοιαύτῃ
365 954 503 989 γινόμενα.
526 954 634 981 Αίτοῦσι
653 955 742 982 τοίνυν
764 956 887 983 ἀκοῦσαι-

95 999 186 1032 λόγους
211 999 276 1033 παρ’
292 1000 372 1026 αὑτοῦ
393 1000 536 1034 σωτηρίας,
553 1000 600 1027 καὶ
616 1001 629 1026 ὁ
645 1001 758 1035 Συμεὼν
772 1001 880 1036 ὁμιλίας

95 1043 170 1076 αὖθις
196 1045 345 1080 ἁψάμενος.
363 1045 379 1080 ἢ
401 1045 440 1081 τῷ
462 1045 608 1072 ὲνοικοῦντι
634 1046 733 1081 μᾶλλον
753 1046 880 1081 κινούμε·

95 1099 137 1160 vo:
162 1091 312 1125 Πνεύμπι,
391 1091 439 1117 καὶ
464 1090 517 1126 πρὸ
547 1092 687 1126 μητρικῶν
710 1091 812 1118 ὠδίνων
836 1093 879 1124 ἐξ·

96 1144 118 1160 ει
138 1144 190 1160 ετο.

96 1144 190 1161 ειλετο.

130 1266 179 1292 λα’.
198 1266 317 1301 Πατέρες
333 1266 396 1300 ἔφη.
413 1266 459 1292 κα¹ι⁵
472 1267 591 1300 ἀδελφοὶ,
605 1267 635 1293 οὐ
655 1268 707 1302 χρὴ
723 1267 768 1294 τὸν
784 1267 881 1294 ἀσύνε-

93 1320 139 1338 τον
156 1312 205 1346 ἐμὲ
218 1312 282 1346 περὶ
297 1310 435 1346 σωτηρίας
449 1312 538 1347 ψυχῆς
553 1313 585 1348 τῇ
601 1312 722 1348 ὑμετέρᾳ
735 1312 815 1346 πολιᾷ
825 1312 882 1338 δια-

94 1356 220 1390 λέγεσθαι
234 1365 241 1372 ·
256 1358 331 1391 ὅμως
345 1357 407 1384 ἐπεὶ
421 1358 564 1392 πατρικοῖς
574 1358 686 1384 οὐκέστι
695 1358 732 1393 μὴ
741 1357 883 1384 πείθεσθαι

94 1401 194 1436 λόγοις,
211 1402 313 1436 Ἔργον
330 1402 447 1437 μοναχοῢ
466 1401 516 1437 τὴν
529 1402 692 1438 ἐγκράτειαν
708 1401 794 1438 οἶμαι,
812 1402 882 1429 ὥστε

94 1447 208 1482 ἠρεμεῖν
230 1447 305 1483 αὐτῷ
327 1448 376 1479 τὰς
390 1447 437 1474 τοῦ
461 1447 586 1483 σώματος
604 1448 710 1482 ἡδονὰς,
726 1448 814 1484 ἔχοντι
834 1449 883 1484 τὴν

933 230 1049 256 tiaturus
1064 229 1179 256 accedit.
1202 229 1226 254 ls
1248 231 1341 254 autem
1367 234 1421 253 non
1446 226 1553 253 modice
1572 226 1668 253 dolens
1692 231 1720 253 et

930 280 1135 307 consternatus,
1151 275 1236 310 adigit
1252 274 1439 310 Symeoneni,_
1452 278 1481 299 ut
1505 273 1606 299 sensim
1628 272 1719 299 funem

930 321 1051 354 auferat;
1076 329 1140 348 nam
1167 320 1312 347 confestim
1330 319 1453 347 solvendi
1478 318 1551 345 nulla
1566 325 1629 352 spes
1649 322 1718 347 erat.

931 372 1027 407 utpote
1051 368 1098 402 qui
1114 367 1169 402 jam
1185 366 1358 400 consumptis
1370 370 1398 392 et
1414 364 1576 399 putrefactis
1590 363 1720 390 carnibus

930 413 963 440 ad
988 421 1049 440 ossa
1072 420 1158 447 usque
1176 415 1355 446 penetrasset.

961 459 1004 486 50.
1022 459 1134 485 Interim
1161 457 1195 484 ad
1213 457 1355 491 amplexus
1382 459 1574 490 properantem
1603 453 1718 488 Symeo—

929 512 1003 536 nem,
1028 505 1218 539 lacrymasque
1235 502 1345 529 contriti
1363 501 1454 528 cordis
1467 500 1575 527 indices
1590 499 1721 534 adjicien-

931 554 996 582 lem,
1011 550 1136 584 increpat
1151 549 1270 576 Joannes
1292 551 1463 582 paterneque
1492 546 1618 580 olijurgat
1636 553 1643 570 :
1659 544 1719 570 Non

929 595 1064 630 profecto,
1088 594 1124 621 mi
1145 594 1194 625 fili,
1214 593 1353 627 inquiens,
1377 599 1432 617 non
1459 591 1495 617 ita
1521 589 1668 616 barbarum
1692 588 1720 614 in

930 640 1042 667 modum
1068 647 1170 673 corpus
1191 643 1309 665 tractare
1330 637 1371 663 fas
1388 636 1439 662 tibi
1455 639 1506 662 est.
1531 634 1582 661 Cui
1598 637 1721 668 paterna:

929 685 1102 720 castigationi
1117 684 1163 711 ille
1180 687 1246 710 tunc
1258 682 1370 717 quidem
1388 681 1500 712 cedens,
1516 679 1608 706 funem
1624 678 1718 705 solvit:

929 739 1024 759 verum
1041 730 1115 758 haud
1134 730 1171 756 ita
1190 729 1276 756 multo
1292 732 1355 762 post
1368 730 1540 760 rcsumptum
1563 725 1654 751 denuo
1667 724 1721 750 cir-

929 785 991 805 cum
1006 784 1107 811 corpns
1124 774 1263 805 astrinxit,
1285 772 1413 807 quamvis
1436 779 1491 798 non
1517 775 1570 797 tam
1592 774 1668 796 arcte
1693 773 1722 795 et

928 824 1077 853 violenter,
1101 821 1149 849 sed
1163 821 1304 855 aliquanto
1320 819 1409 846 laxius
1424 816 1650 849 tolerabiliusque
1667 823 1673 841 :
1687 822 1720 840 eo

931 870 1034 905 quippe
1048 867 1190 903 Symeonis
1202 873 1268 892 cura
1283 864 1373 891 omnis
1387 862 1560 892 intendebat,
1574 866 1604 888 ut
1619 868 1721 894 corpus

932 923 1012 944 suum
1029 914 1178 948 castigaret
1189 918 1298 945 semper
1310 914 1338 936 et
1350 909 1377 935 in
1386 908 1550 935 servitutem
1568 905 1721 940 redigeret,

931 961 1017 997 probe
1030 960 1137 987 scilicet
1150 957 1237 992 ignari
1250 960 1353 990 quanta
1367 954 1430 981 inde
1445 953 1538 988 praelia
1558 951 1722 978 immineant

932 1007 1039 1034 animae.
1051 1005 1118 1038 Quin
1132 1011 1188 1034 res,
1210 1002 1238 1029 in
1257 1001 1302 1028 tali
1321 999 1473 1035 prmscrtim
1491 1002 1582 1029 mtate,
1606 997 1722 1032 perculit

932 1053 1111 1079 vehementer
1125 1048 1286 1079 monachos,
1303 1050 1432 1081 rogantes
1458 1044 1542 1070 verba
1564 1042 1663 1069 salutis
1687 1042 1721 1067 ab

932 1106 980 1125 ore
993 1098 1079 1132 ipsius
1092 1095 1220 1129 excipere
1236 1093 1288 1121 sibi
1309 1093 1400 1119 denuo
1428 1095 1457 1116 ut
1474 1089 1580 1116 liceret.
1603 1087 1658 1114 Nec
1674 1086 1722 1113 ab-

933 1150 1024 1171 nuens
1038 1142 1169 1176 Symeon,
1189 1139 1299 1166 interno
1330 1137 1447 1171 Spiritui,
1461 1143 1475 1162 a
1487 1143 1542 1169 quo
1564 1138 1720 1160 maternum

933 1193 996 1215 ante
1014 1191 1122 1222 partum
1137 1185 1245 1212 electus
1269 1183 1370 1213 fuerat,
1401 1184 1538 1210 movente,
1562 1177 1721 1213 aggreditur

934 1233 1039 1260 dicere.

967 1279 1114 1305 5|.Patres
1128 1277 1294 1309 fratresque,
1309 1272 1461 1307 inquiebat,
1478 1271 1599 1302 mei,'ion
1612 1277 1721 1303 aequum

934 1328 987 1355 est,
1006 1331 1048 1350 me
1068 1323 1177 1357 ingenio
1199 1325 1252 1348 tam
1273 1318 1406 1346 imbecilli
1440 1316 1474 1343 ad
1502 1316 1575 1342 hunc
1600 1319 1723 1341 vesnum

934 1369 1034 1396 canitie.
1055 1367 1244 1395 venerandum
1254 1369 1356 1392 coetum
1373 1362 1458 1389 verba
1471 1361 1579 1388 facere:
1594 1359 1641 1386 scd
1672 1366 1723 1386 nec

933 1421 1043 1448 aequum
1060 1418 1103 1440 est
1120 1412 1262 1439 seniorum
1274 1409 1356 1436 dictis
1373 1415 1428 1434 non
1459 1406 1662 1440 obtemperare.
1679 1404 1724 1430 Sic

935 1459 1017 1494 igitur
1041 1458 1169 1486 existimo
1185 1478 1192 1489 ,
1219 1463 1252 1483 eo
1281 1453 1478 1482 connitcndum
1503 1459 1562 1478 esse
1589 1449 1725 1477 monacho

93 1493 183 1546 ψυχὴν
201 1493 229 1519 ἐν
244 1494 350 1544 εἰρή-νῃ,
367 1494 398 1520 τό
415 1503 445 1520 τε
468 1494 589 1529 συνεχῶς
604 1494 725 1529 ψάλλειν,
740 1495 786 1521 κιαι)⁴
806 1495 882 1522 ἀδια-

936 1504 1085 1539 przecipue.
1113 1502 1261 1530 continens
1286 1503 1316 1526 ut
1338 1498 1390 1530 sit;
1416 1502 1446 1524 ut
1476 1497 1575 1523 nuntio
1599 1495 1724 1529 corporis

93 1538 210 1569 λείπτως
225 1537 264 1573 τῷ
279 1538 317 1573 νῷ
330 1540 545 1574 προσεύχεσθαι·
558 1540 637 1575 ἔργον
655 1541 772 1575 μονοιχοῦ
789 1541 883 1576 ἡὰγά-

94 1593 145 1619 πη,
164 1583 211 1610 καὶ
226 1585 242 1619 ἠ
256 1585 324 1618 μετὰ
343 1587 474 1620 ταπεινῆς
489 1586 601 1622 καρδίας
613 1587 730 1620 ὑπακοὴ,
743 1587 777 1613 δι’
788 1584 821 1622 ἦς
836 1586 884 1613 καὶ

92 1630 211 1664 Χριστὸς
227 1628 282 1656 εἷλε
297 1630 343 1657 τὸν
363 1630 489 1660 Θάνατον.
502 1631 647 1665 γενόμενος
668 1631 789 1666 ὑπήκοος
804 1632 883 1666 μέχρι

93 1675 223 1708 θανάτου,
237 1675 352 1702 Θανάτου
363 1675 393 1702 δὲ
406 1677 534 1710 σταυροῦ,
547 1677 591 1702 ἵνα
609 1676 659 1708 τὰς
676 1677 823 1711 ἐπιθυμίας
834 1678 885 1711 τῆς

93 1721 197 1755 σαρκὸς
219 1722 266 1747 καὶ
288 1722 369 1756 ἡμεῖς
389 1721 422 1747 δι’
439 1722 523 1758 αὐτῆς
558 1721 840 1756 οανατώσωμεν,τότε
855 1723 884 1748 ἐν

91 1766 288 1801 ἐξομολογήσει
304 1766 418 1798 κλαίειν,
435 1768 484 1792 καὶ
497 1767 526 1792 ἐν
539 1768 668 1802 συντριϐῇ
686 1768 799 1803 καρδίας
815 1768 852 1800 ὡς
871 1769 885 1794 ὁ

91 1811 221 1846 Τελώνης
238 1812 448 1847 προσεύχεσθαι,
467 1812 542 1847 φωνή
564 1821 593 1839 τε
610 1812 768 1848 σύμμετρος
787 1814 832 1840 καὶ
845 1814 886 1840 λό‹

89 1867 141 1892 γος
159 1857 301 1893 εὔτακτος,
316 1860 365 1886 καὶ
377 1860 394 1895 ἡ
410 1860 438 1886 ὲν
451 1859 584 1894 πραότητι
606 1861 652 1887 καὶ
667 1861 766 1895 ἠσυχίᾳ
784 1861 884 1895 διαγω-

91 1905 142 1938 γή.
162 1904 262 1939 Ἔργον
284 1905 411 1940 μοκιαχοῦ,
429 1906 460 1932 τὸ
480 1906 516 1941 μὴ
534 1905 645 1940 ὀμνύειν
659 1906 736 1938 ὅλως,
751 1906 821 1942 πλὴν
837 1907 884 1933 τοῦ

91 1950 247 1977 Πίστευσον
257 1951 273 1983 ἢ
285 1950 476 1986 Συγχώρησον,
496 1952 513 1986 ἦ
532 1960 560 1977 τε
575 1952 629 1978 τῶν
644 1953 692 1987 τῆς
704 1952 886 1987 φιλαργυρίας

92 1995 255 2022 σκανδάλων
267 1997 351 2031 φυγὴ,
367 1997 414 2023 καὶ
427 1997 443 2032 ἡ
458 1997 511 2023 τῶν
524 1997 609 2024 ὄντων
627 1991 780 2030 μετάδοσιςξ
799 1999 844 2025 καὶ
855 1999 886 2025 τὸ

92 2042 136 2078 μὴ
156 2042 236 2077 μόνον
262 2043 329 2078 μηδέ
355 2044 420 2069 ποτέ
440 2052 512 2074 τινος
533 2044 711 2075 καταλαλεῖν,
727 2044 795 2070 ἀλλὰ
818 2045 885 2079 μηδὲ

90 2088 314 2118 καταλαλοῦντος
326 2088 479 2123 ἀνέχεσθαι,
493 2089 663 2124 συμπάσχειν
676 2099 705 2116 τε
720 2091 777 2121 τοῖς
789 2091 817 2116 ὲν
830 2090 887 2118 ὀδύ-

86 2141 139 2169 νῃ,
152 2133 201 2159 καὶ
209 2133 331 2166 ἀδελφῶν
341 2133 423 2164 πόδας
433 2133 548 2167 νίπτειν,
557 2135 604 2161 καὶ
613 2137 671 2167 ταῖς
683 2136 772 2162 αὐτῶν
782 2136 886 2171 χρείαις

935 1548 1127 1584 voluptatibus
1156 1546 1291 1577 remisso,
1319 1543 1544 1578 tranquillitatem
1576 1548 1726 1575 pacemque

935 1595 1187 1623 animieonservet,
1214 1596 1245 1618 ut
1275 1590 1452 1618 continenter
1478 1587 1588 1622 psallat,
1614 1594 1645 1612 ac
1665 1585 1726 1612 sine

935 1638 1141 1667 intermissione
1154 1636 1267 1664 mentali
1280 1640 1359 1662 vacet
1379 1633 1508 1661 orationi.
1526 1632 1565 1659 Eo
1580 1630 1726 1657 conniten-

935 1685 1000 1712 dum
1014 1683 1161 1714 monacho,
1172 1681 1308 1708 eharitate
1320 1679 1465 1710 utar-deat,
1482 1681 1510 1704 et
1527 1676 1612 1704 corde
1628 1675 1726 1702 lnnnili

935 1729 1107 1765 praecipienti
1119 1728 1252 1755 obediat:
1280 1725 1439 1754 obedientia
1466 1723 1573 1758 quippe
1596 1726 1648 1753 est,
1675 1728 1725 1755 per

936 1782 1018 1809 quam
1032 1774 1162 1801 Christus
1177 1773 1236 1806 ipse
1265 1771 1337 1798 mori
1365 1769 1459 1804 elegit,
1485 1768 1574 1794 factus
1595 1766 1728 1794 obedicns

937 1827 1024 1854 usque
1040 1819 1073 1846 ad
1085 1823 1214 1849 mortem,
1228 1820 1345 1843 mortem
1360 1819 1453 1842 autem
1471 1813 1574 1843 Cl‘llClS,
1592 1816 1623 1838 ut
1639 1815 1666 1837 οι
1678 1818 1727 1836 nos

936 1864 1074 1892 desideria
1089 1862 1183 1890 carnis
1194 1865 1296 1889 nostra
1311 1867 1361 1894 per
1377 1859 1464 1893 ipsam
1481 1856 1725 1884 mortiftcarcmus.

937 1910 978 1937 Εο
996 1916 1107 1944 quoque
1121 1906 1320 1934 connitendum
1349 1904 1496 1934 monacho,
1512 1907 1543 1930 ut
1567 1902 1595 1928 in
1616 1901 1727 1928 confes?-

937 1955 1015 1982 sione
1029 1954 1129 1988 ploret,
1143 1951 1319 1985 contritaque
1332 1950 1415 1976 corde
1426 1956 1488 1976 cum
1501 1947 1648 1982 publicano
1662 1953 1726 1980 prc-

937 2007 983 2027 ces
994 2006 1059 2026 suas
1085 1997 1184 2025 fundat
1198 1996 1233 2023 ad
1254 1995 1423 2023 Dominum:
1446 1998 1477 2020 ut
1495 2001 1549 2020 vox
1573 1991 1725 2020 moderata,

937 2051 1029 2072 sermo
1042 2043 1174 2070 decenter
1188 2041 1370 2075 compositus,
1385 2043 1469 2073 atque
1488 2038 1579 2064 omnis
1604 2037 1630 2063 in
1647 2043 1726 2062 man-

938 2090 1085 2118 suetudine
1096 2092 1124 2115 et
1138 2087 1338 2121 tranquillitate
1350 2084 1525 2112 conversatio
1545 2083 1590 2110 sit.
1604 2083 1644 2109 Eo
1658 2089 1726 2108 con-

939 2135 1089 2163 nitendum
1103 2133 1252 2164 monacho,
1269 2136 1299 2158 ut
1309 2139 1343 2158 ne
1353 2131 1429 2166 jurct
1437 2129 1561 2162 omnino,
1579 2128 1626 2155 sed
1637 2127 1727 2154 solum

85 2177 290 2210 διακονεῖσθαι,
299 2178 329 2204 τό
342 2186 371 2204 τε
387 2178 424 2213 μὴ
438 2179 486 2205 τοῦ
497 2179 614 2214 χαλεποῦ
630 2180 732 2212 πάθους
745 2182 792 2216 τῆς
805 2182 882 2217 ὑπερ-

940 2183 1024 2213 dicat,
1040 2181 1138 2212 Crede,
1156 2180 1210 2211 vel,
1225 2179 1337 2214 Ignosce
1352 2187 1359 2210 ;
1374 2183 1405 2204 ut
1428 2176 1587 2204 scandalum
1607 2174 1729 2202 avaritia:

87 2224 217 2304 ἔφα-νίας
228 2223 370 2258 ἡττᾶσθαι,
379 2224 447 2251 ἀλλὰ
460 2224 568 2252 πάντων
582 2225 694 2261 ἔσχατον
707 2228 804 2255 ἑαυτὸν
815 2225 886 2255 εἶναι

113 2270 234 2303 γεῖσοαι.

113 2270 234 2303 γεῖσοαι.

940 2229 1079 2260 declinet;
1110 2231 1139 2254 ut
1164 2226 1307 2253 facultates
1337 2231 1401 2251 suas
1425 2223 1590 2254 distribuat;
1616 2225 1648 2248 ut
1672 2229 1727 2248 non

941 2273 1024 2301 modo
1048 2279 1188 2306 nunquam
1219 2270 1253 2297 de
1280 2268 1392 2296 alterius
1420 2268 1490 2294 fama
1517 2265 1658 2295 detrahat,
1679 2264 1727 2291 sed

86 2318 181 2345 etiam
198 2325 233 2344 ne
249 2317 318 2345 ferat
328 2317 441 2353 quidem
457 2317 662 2353 detrahentem;
682 2324 712 2347 ut
733 2321 916 2356 compatiatur
935 2321 962 2348 in
978 2321 1053 2347 luctu
1068 2319 1183 2354 positis;
1202 2321 1232 2344 ut
1248 2317 1362 2343 fratrum
1379 2315 1464 2350 pedes
1475 2315 1548 2342 lavet
1563 2313 1729 2347 utilitatique

86 2366 230 2398 studeat;
249 2369 279 2392 ut
294 2365 450 2400 periculosa
468 2366 514 2393 illa
529 2366 613 2394 animi
635 2366 774 2401 passione,
807 2367 939 2402 superbia
961 2365 1034 2398 dico,
1055 2371 1111 2390 non
1141 2367 1300 2398 superetur,
1329 2361 1378 2387 sed
1410 2360 1533 2387 omnium
1558 2363 1727 2394 postremum

85 2420 125 2440 se
148 2417 270 2444 reputet.

132 2459 187 2496 λβ’.
204 2461 304 2496 Ἔργον
324 2462 452 2496 μοναχοῦ,
467 2463 485 2497 ὴ
510 2463 550 2494 εἰς
572 2461 677 2494 πάντας
699 2462 835 2496 μεγάλους
856 2471 886 2488 τε

86 2507 148 2535 καὶ
182 2508 296 2542 μικροὺς
309 2528 316 2539 ,
331 2507 454 2540 ἐνδόξους
468 2509 515 2535 καὶ
538 2508 658 2540 ἀδόξους,
677 2508 823 2539 πλουσίους
839 2508 886 2535 καὶ

85 2553 232 2588 πένητας,
252 2553 289 2585 ὡς
308 2553 348 2585 εἰς
361 2554 442 2581 αὑτὸν
454 2554 571 2590 Χριστὸν
588 2554 658 2589 ἁγνὴ
681 2553 841 2588 φιλαδελφία
855 2562 885 2580 τε

82 2599 146 2628 καὶ
164 2599 313 2634 φιλοξενία,
329 2599 376 2626 καὶ
400 2600 570 2634 ὑποκρίσεως
588 2600 776 2635 καθαρεύουσα
794 2600 885 2634 πάσης

79 2645 234 2673 διακονία.
251 2645 373 2680 Μοναχὸς
386 2645 439 2681 γὰρ
457 2646 526 2680 πρὸς
551 2645 601 2680 μὲν
617 2645 666 2677 τὰς
697 2646 767 2672 κατὰ
783 2646 886 2680 κόσμον

81 2691 211 2728 βλέπων
228 2691 375 2726 ὑπεροχὰς,
388 2691 437 2718 καὶ
450 2692 584 2727 πρόσωπα
599 2692 653 2717 τῶν
668 2691 796 2718 τοιούτων
813 2691 886 2725 λαμ-

78 2736 204 2768 ϐάνων,
221 2735 328 2770 πτωχὸν
344 2735 372 2762 δὲ
384 2737 432 2763 καὶ
449 2737 553 2770 πένητα
568 2737 717 2771 προσιόντα
729 2737 777 2763 καὶ
790 2736 884 2770 δεόμε-

78 2790 143 2810 νον
166 2780 398 2816 ἀπωθούμενος,ὸ
425 2780 546 2812 τοιοῦτος
573 2781 622 2816 οὐχ
644 2780 698 2814 ἕξει
736 2780 885 2814 παρουσίαν

75 2829 138 2859 εἰς
153 2827 202 2854 τὸν
221 2826 363 2863 νυμφῶνα,
389 2826 450 2854 οὐδὲ
475 2827 681 2862 ἀπαντήσεται,
698 2825 757 2853 οὐδὲ
780 2832 887 2851 συνεισ-

975 2458 1019 2484 5‘2.
1042 2457 1082 2483 Eo
1106 2455 1305 2482 connitentlum
1333 2453 1478 2484 monacho,
1502 2456 1533 2478 ιιι
1554 2459 1650 2479 omnes
1672 2456 1727 2478 tam

940 2511 1053 2539 magnos
1068 2510 1150 2537 quam
1166 2508 1276 2536 parvos,
1294 2505 1348 2527 tam
1371 2499 1506 2534 gloriosos
1530 2505 1611 2532 quam
1640 2497 1728 2532 inglo-

939 2550 1006 2582 rios,
1036 2554 1089 2576 tam
1117 2547 1225 2575 divitiis
1251 2545 1398 2572 amucntes
1426 2552 1507 2579 quam
1535 2551 1647 2578 egenos,
1674 2550 1728 2569 non

938 2604 1017 2624 secus
1028 2601 1060 2622 ac
1076 2594 1231 2624 Christum,
1244 2587 1380 2620 cliaritate
1392 2595 1476 2621 casta,
1487 2589 1677 2624 hospitalitate
1700 2593 1728 2616 et

938 2641 1081 2675 obsequio,
1108 2639 1199 2667 omnis
1220 2637 1401 2673 bypocriseos
1421 2639 1534 2670 experte
1565 2635 1726 2670 praeveniat.

939 2686 1089 2714 Monachus
1111 2692 1240 2719 namque,
1264 2683 1312 2718 qui
1339 2681 1372 2709 ad
1403 2689 1495 2709 rerum
1524 2681 1729 2707 mnndanarum

938 2731 1217 2767 splendorcmoculos
1232 2728 1350 2760 reﬂexit,
1379 2735 1532 2762 earumque
1554 2726 1661 2761 species
1679 2735 1728 2754 cu-

938 2778 1002 2813 pide
1027 2775 1244 2811 contemplatur,
1270 2773 1428 2801 mendicum
1456 2780 1532 2804 vero,
1563 2779 1730 2807 pauperem-

938 2831 992 2858 que
1007 2828 1034 2851 et
1055 2830 1170 2859 egenum
1193 2829 1207 2848 ιι
1228 2828 1257 2848 se
1289 2819 1409 2855 repellit,
1437 2827 1489 2846 non
1522 2818 1682 2846 admittetur
1694 2818 1730 2845 ad
