1966 3068
116 90 120 91 ν
134 107 195 140 3017

135 222 147 240 3
170 221 222 241 me.

642 105 730 138 VITA
752 109 772 136 Α
796 105 1010 136 NlUEPHORO
1029 105 1267 135 CONSCRIPTA.

135 165 295 202 adiutorium
318 171 411 192 meum
449 165 572 198 intende,
598 165 694 200 adjuva
719 171 772 195 me,
802 164 930 198 quoniam
951 163 1080 190 liberator
1101 170 1179 189 meus
1202 170 1232 189 es
1259 167 1286 188 tu
1306 170 1313 187 :

1650 77 1655 84 ’
1676 101 1744 134 30m

1340 161 1413 188 Deus
1440 168 1529 192 meus,
1550 168 1584 187 ne
1610 161 1746 196 clangens

166 259 210 286 λδ’.
226 259 319 286 Ταῦτα
347 260 361 285 ὁ
391 260 523 294 ῥυπαροῖς
549 258 688 294 λογισμοῖς
713 258 912 293 πολεμούμενος

998 257 1042 284 54.
1060 257 1098 284 lta
1121 257 1152 283 ad
1170 257 1255 283 Deum
1268 263 1326 286 ora,
1348 254 1472 289 quisquis
1491 253 1604 288 impuris
1614 254 1746 281 sordidis-

136 304 279 339 προσεύχου
297 305 371 340 Θεῷ·
394 304 453 332 εἶτα
479 305 556 340 ῥῖψον
576 306 625 340 τὴν
647 305 748 332 οἰκείαν
772 305 912 331 ἀσθένειαν

136 350 244 377 ἐνώπιον
271 350 320 384 τῆς
347 350 429 376 αὑτοῦ
449 350 625 385 ἀγαθότητος,
643 351 690 376 καὶ
712 350 792 381 αὐτὸς
813 351 841 375 ὲν
857 350 913 379 τοῖς

138 394 309 430 μεταφρένοις
331 394 414 421 αὐτοῦ
443 395 544 427 εὐθέως
570 396 725 422 ἐπισκιάσει
749 402 800 420 σοι.
833 393 914 419 Ἀπο-

137 439 279 474 στρέιρεσθε
295 439 395 471 τοίνυν,
408 439 596 474 ἀδελφοὶ,τοὺς
610 439 749 474 ῥυπαροὺς
757 438 914 472 λογισμοὺς.

136 485 176 516 οὓς
200 485 286 511 τίκτει
309 484 339 511 τὸ
369 485 505 520 πλήρωμα
527 484 574 518 τῆς
594 484 731 519 γαστρός·
752 483 862 509 διώκετε
886 482 914 508 δὲ

138 530 231 564 μᾶλλον
246 530 295 565 τὴν
306 530 416 565 εἰρήνην
431 529 480 556 καὶ
496 529 540 556 τὸν
553 529 696 564 ἁγιασμὺν,
713 525 749 554 ὦν
770 528 854 564 χωρὶς
867 528 913 554 οὺ-

135 574 184 606 δε¹ις
194 574 289 608 ὄψεται
305 574 415 609 Κύριον,
439 574 468 605 ὃς
483 574 542 600 οὐδὲ
557 574 605 605 τὰς
618 574 664 600 τοῦ
678 573 773 608 ἐχθροῦ
792 572 915 608 μηχανὰς

136 619 288 653 ἀπέκρυψεν
300 619 345 653 ἀφ’
360 619 436 654 ἡμῶν
446 627 453 634 ·
467 619 528 645 οὐδὲ
545 619 600 653 γὰρ
612 617 705 650 αὑτοῦ,
719 618 796 653 φησὶ,
808 618 842 644 τὰ
855 618 916 652 νοή-

138 673 205 699 ματα
222 664 382 699 ἀγνοοῦμεν.
402 664 472 690 Ἀλλ’
490 655 536 691 ἐάν
563 673 605 695 τις
633 664 710 699 ὑμῶν
738 664 806 698 πρὸς
828 663 916 699 ὕρεξιν

137 709 286 744 βρωμάτων
310 709 501 744 διερεθίζηται,
525 709 619 735 νοείτω
645 709 686 740 τίς
708 709 722 735 ὁ
749 708 845 741 ξαίνων
869 709 917 743 τὴν

136 755 238 789 ὄρεξιν·
256 755 303 782 ἐάν
317 764 358 787 τις
375 756 427 781 ὑπὸ
445 755 577 790 σαρκικοῦ
592 755 710 789 πολέμου
724 754 917 789 διαθερμαίνη-

136 809 187 834 ται,
203 802 406 835 ἐπιγινωσκέτω
427 801 469 832 τίς
494 802 508 827 ὁ
531 801 561 826 τὸ
576 800 631 835 πῦρ
654 800 792 831 ἀνάπτων,
811 800 858 826 καὶ
870 800 917 834 τῆς

136 847 173 878 είς
187 847 217 873 τὸ
233 847 315 873 κακὸν
325 846 454 880 ἀφορμῆς
464 847 584 881 ἐκκοπὴν
598 846 748 873 ὲπινοείτω.
762 845 846 879 Στῆτε
861 854 917 871 τοι-

137 893 235 929 γαροῦν
257 893 293 924 ὼς
308 891 424 926 ἀθληταὶ
441 894 568 926 γενναῖοι,
591 891 781 926 ἀνακρίνοντες
807 892 919 923 ἑαυτοὺς

137 939 177 966 διὰ
193 938 301 970 παντὸς,
318 938 435 972 ἀδελφοὶ,
454 938 502 965 καὶ
521 939 660 973 οἰχήσεται
679 938 725 970 ἀφ’
739 938 815 972 ὑμῶν
839 940 855 974 ἡ
870 938 919 972 τῆς

138 985 270 1020 ἁμαρτίας
284 984 408 1019 ἐνέργεια
420 992 427 999 ·
439 985 468 1010 ὲν
479 984 584 1015 τούτοις
595 984 638 1010 ἀεὶ
651 984 826 1018 μελετῶντες,
836 983 921 1010 ταῦτα

137 1032 196 1058 καθ’
209 1032 320 1062 ἑαυτοὺς
335 1030 515 1064 ἐξετάζοντες,
531 1031 647 1058 εὐνοεττε
660 1030 698 1064 τῷ
713 1030 806 1064 οἰκείῳ
821 1031 920 1056 Δεσπό-

137 1085 186 1114 τῃΙ·
206 1078 249 1104 ἵνα
264 1078 311 1104 καὶ
330 1078 484 1113 ήπροκοπὴ
500 1077 576 1112 ὑμῶν
628 1076 741 1112 φανερὰ,
757 1076 804 1102 τοῦ
823 1077 852 1102 ἐν
866 1076 922 1102 Κυ-

139 1124 186 1158 ρίῳ
210 1123 363 1158 καυχᾶσθαι
389 1123 460 1150 κατὰ
483 1123 514 1149 τὸ
536 1123 737 1159 γεγραμμένον,
752 1123 800 1149 καὶ
822 1121 923 1155 λέγειν,

143 1169 215 1195 Ἐὰν
235 1168 278 1203 μή
302 1177 361 1203 μου
397 1169 655 1202 κατακυριεύσωσι
670 1188 677 1200 ,
710 1169 777 1195 τότε
806 1162 925 1202 ἄμωμος

138 1213 262 1247 ἔσομαι,
278 1213 327 1240 καὶ
354 1213 612 1247 καθαρισθήσομαι
636 1213 695 1240 ἀπὸ
716 1213 859 1247 ἁμαρτίας
873 1220 925 1246 pe

139 1258 249 1293 γάλης,
273 1259 322 1285 καί
345 1259 466 1286 ἔσονται
492 1259 535 1290 εις
551 1258 693 1285 εὐδοκίαν
707 1258 743 1284 τὰ
764 1257 851 1292 λόγια
871 1257 926 1285 τοῦ

138 1305 289 1339 στόματός
300 1313 370 1339 μουν
380 1305 485 1332 ἔσονται
505 1305 533 1331 δὲ
547 1306 607 1331 τότε
625 1305 734 1340 μᾶλλον,
755 1305 864 1339 ἀδελφοὶ
879 1305 926 1332 καὶ

140 1351 269 1385 Πατέρες,
281 1352 320 1382 είς
329 1351 459 1382 εὐδοκίαν,
469 1351 532 1377 ὅταν
543 1351 610 1386 μετὰ
621 1350 666 1377 τοῦ
680 1351 844 1386 ἀκατακυριε
850 1351 929 1382 ύτους

139 1398 212 1432 ἡμᾶς
223 1395 303 1429 εἶναι,
316 1396 355 1423 ἔτι
375 1397 409 1423 τὰ
430 1397 509 1430 λόγια
525 1397 572 1423 τοῦ
589 1397 721 1431 στόματος
738 1397 785 1423 κα¹ι
798 1396 927 1432 δάκρυσιν

141 1440 158 1480 ᾖ
174 1442 285 1477 καρδίας
306 1442 506 1477 κατηρτυμένα.

175 1488 223 1514 λε’.
244 1487 274 1513 'H
293 1487 436 1522 ψαλμῳδία
450 1487 596 1519 κατάνυξιν
614 1488 700 1522 ἐχέτω
711 1495 718 1503 ·
735 1488 762 1514 αἱ
786 1487 851 1523 πρὸς
864 1487 929 1513 Θεὸν

141 1533 239 1566 φωναὶ,
252 1533 299 1558 καὶ
319 1532 348 1558 τὸ
363 1532 417 1558 τῶν
427 1532 527 1566 χειρῶν
544 1531 633 1567 ἔργον,
646 1533 682 1564 ὡς
713 1532 837 1566 ἀγγέλων
859 1540 930 1567 παρ-

142 1577 268 1604 εστώτων
282 1577 345 1612 ὑμῖν
362 1577 523 1604 ὲκτελείσθω
534 1585 540 1592 ·
566 1578 580 1603 ὁ
597 1576 651 1604 δύο
662 1579 778 1613 χιτῶνας
794 1578 875 1614 ἔχων,
890 1577 929 1613 τῷ

143 1623 181 1658 μὴ
196 1623 282 1657 ἔχοντι
306 1622 458 1656 μεταδότω·
483 1624 500 1657 ἡ
515 1623 626 1657 νηστεία
653 1624 712 1650 καθ’
736 1623 842 1659 ἡμέραν
864 1623 927 1658 ὑμῖν

142 1669 221 1703 ἄχρις
232 1668 345 1702 ἐννὰτης
357 1676 393 1693 πα
399 1667 561 1702 ρατεινέσθω
569 1676 576 1683 ·
588 1670 761 1704 νηστεύοντες
771 1670 798 1695 δὲ
810 1670 847 1704 μὴ
859 1669 929 1696 κατὰ

141 1714 206 1744 τοὺς
226 1713 377 1746 ὑποκριτὰς
396 1712 649 1747 σκυθρωπάζωμεν,
665 1713 732 1739 ἀλλὰ
752 1714 875 1749 φυλακὴν
891 1714 930 1748 τῷ

144 1758 259 1793 στόματι
275 1757 398 1792 θώμεθα,
421 1758 468 1784 καὶ
490 1758 621 1793 περιοχῆς
641 1758 727 1793 θύραν
744 1760 799 1790 τοῖς
817 1759 927 1793 χείλεσι.

142 1804 219 1838 Ξένῳ
233 1803 340 1837 ἀδελφῷ
357 1801 541 1834 ὑπαντῶντες,
557 1803 661 1838 ταχέως
675 1804 820 1838 μετάνοιαν
835 1803 930 1838 βάλλε-

143 1857 185 1881 τε,
204 1848 337 1882 λέγοντες⁷
363 1848 425 1879 Πῶς
451 1848 565 1883 ἐχομεν;
593 1847 652 1875 εἶτα
671 1848 762 1875 δοτέον
782 1848 872 1884 χώραν
897 1850 929 1884 τῇ

144 1895 235 1928 σιωπῇ
247 1902 254 1910 ·
277 1894 300 1919 εί
317 1894 345 1920 δέ
363 1902 415 1920 τινι
434 1894 481 1920 καὶ
498 1893 670 1929 διαλεχθῆναι
689 1895 848 1928 ἀναγκαῖον,
867 1903 931 1929 προ-

142 1938 239 1972 τρέψει
267 1938 312 1963 τὸν
329 1938 441 1972 ἀδελφὸν
460 1938 570 1974 ἀγάπην
591 1938 682 1965 λαϐεῖν
693 1947 701 1954 ο
716 1940 764 1966 εἴτ’
780 1937 826 1965 οὖν
850 1939 931 1972 ἄρτον

143 1983 229 2017 ζωῆς,
247 1983 294 2009 καὶ
307 1983 438 2017 φιλοθέοις
455 1984 536 2010 αὐτὸν
553 1985 712 2018 διηγήμασι,
727 1985 771 2011 καὶ
784 1982 932 2014 πολιτείαις

144 2029 276 2064 Πατέρων
292 2029 439 2056 iactarem.
455 2031 500 2065 Μὴ
515 2029 653 2064 γινώμεθα
670 2029 801 2061 κενόδοξοι
816 2031 850 2064 τῇ
869 2029 927 2055 δια-

143 2075 244 2109 λέκτῳ,
260 2074 316 2100 ἀλλ’
333 2075 349 2109 ὴ
362 2075 414 2101 τῶν
426 2075 541 2101 ἐντολῶν
555 2076 621 2109 ἡμῖν
635 2075 746 2110 τήρησις
767 2075 866 2110 μᾶλλον
883 2075 931 2109 τὴν

145 2118 234 2152 ἀληθῆ
249 2118 324 2149 δόξαν
340 2118 544 2152 περιποιεῖσθω,
566 2120 594 2145 ὲν
610 2118 738 2152 ἁπλότητι
754 2118 866 2153 καρδίας
886 2127 933 2143 τα-

147 2163 347 2197 πεινουμένοις.
368 2163 404 2188 Τὸ
418 2163 584 2198 φιλόπτωχον
601 2164 667 2198 ἡμῖν
686 2164 739 2190 ἀπὸ
752 2163 798 2189 τοῦ
814 2163 930 2197 ὑστερή·

148 2217 234 2243 ματος
254 2208 323 2234 ἔστω
335 2208 382 2234 καὶ
399 2207 518 2239 ἐνδείας·
535 2209 552 2243 ἠ
565 2209 631 2243 πρὸς
646 2209 711 2236 Θεὸν
724 2209 882 2244 εὐχαριστία
896 2209 933 2242 μὴ

965 310 1019 337 que
1044 301 1258 337 cogitationibus
1284 300 1435 332 infestaris;
1465 299 1565 326 deinde
1596 303 1748 333 prostratus

966 353 1029 375 ante
1044 348 1165 374 divinam
1183 348 1255 375 illam
1279 347 1440 378 bonitatem,
1465 345 1650 372 inﬁrmitatem
1674 349 1747 372 tuam

966 393 1113 426 conﬁtere;
1128 398 1155 420 et
1175 393 1233 427 ipsa
1246 393 1377 420 continuo
1393 392 1420 419 in
1437 391 1590 418 visceribus
1612 391 1670 417 suis
1684 398 1748 424 pro-

967 443 1040 474 teget
1054 443 1091 465 te.
1105 438 1289 465 Exterminate
1302 438 1385 472 igitur
1397 445 1412 464 e
1422 437 1561 464 mentibus
1571 436 1681 467 vestris,
1694 436 1750 462 fra-

968 487 1034 516 tres,
1043 483 1222 518 cogitationes
1230 487 1334 517 turpes,
1343 489 1410 517 quas
1418 481 1583 509 abundantia
1592 481 1748 515 ventrisque

968 530 1080 557 satietas
1093 529 1163 557 solet
1176 536 1291 564 parere;
1302 536 1398 563 pacem
1411 535 1477 554 vero
1489 532 1517 554 et
1529 526 1700 553 sanctitatem
1709 533 1752 552 se-

968 575 1080 602 ctamini
1089 574 1192 609 potius,
1202 574 1261 601 sine
1274 573 1375 608 quibus
1385 580 1465 600 nemo
1475 572 1580 599 videbit
1595 571 1750 600 Dominum.

968 621 1016 656 qui
1026 620 1242 647 machinationes
1253 619 1355 646 inimici
1366 626 1420 646 non
1428 618 1527 645 celavit
1537 625 1587 644 nos
1596 623 1602 642 :
1615 624 1668 643 non
1680 616 1752 643 enim

969 667 1127 701 ignoramus
1138 666 1252 692 consilia
1265 665 1359 699 ipsius.
1372 664 1400 691 Si
1412 664 1474 699 quis
1487 667 1578 690 autem
1588 667 1709 690 vestrum
1720 661 1752 689 ad

970 712 1177 739 immoderatam
1196 712 1249 739 cibi
1269 711 1452 746 appetentiam
1470 709 1572 737 irritari
1594 717 1622 737 se
1644 709 1752 740 sentiat,

970 758 1082 794 cogitet,
1097 758 1159 793 quis
1171 758 1245 785 illam
1260 757 1361 784 excitet
1380 755 1418 783 :si
1430 756 1492 791 quis
1506 764 1520 783 a
1536 755 1639 783 carnali
1656 762 1755 782 concu-

972 804 1106 838 piscentia
1122 803 1281 834 incalescat,
1299 801 1409 836 indaget
1420 801 1481 835 quis
1494 800 1583 835 ignem
1600 800 1677 826 illum
1693 807 1754 825 suc-

972 850 1087 882 ccndat;
1106 848 1310 882 constituatque
1326 846 1397 882 apud
1413 854 1441 873 se
1468 846 1532 873 mali
1550 845 1714 880 principium
1726 853 1756 872 ac

972 894 1091 922 radicem
1116 894 1226 929 penitus
1257 893 1385 920 evellere.
1417 892 1492 918 State
1505 891 1597 926 igitur,
1627 895 1657 917 ut
1672 898 1755 925 gene-

973 948 1051 968 rosos
1068 940 1174 975 pugiles
1201 939 1290 970 decet,
1300 937 1483 973 dijudicantes
1498 936 1688 970 vosmetipsos,
1704 935 1756 962 fra-

973 991 1048 1019 tres;
1076 990 1105 1013 ct
1123 985 1191 1013 certi
1207 989 1295 1012 estote
1323 983 1396 1018 quod
1423 983 1512 1010 omnis
1527 981 1645 1009 cﬁicacia
1666 986 1694 1008 et
1716 981 1758 1007 vis

974 1030 1077 1066 peccati
1101 1034 1257 1058 evanescet.
1279 1029 1342 1056 Ilaec
1355 1032 1488 1063 perpetuo
1513 1026 1687 1059 meditantes,
1700 1026 1758 1054 lucc

974 1076 1069 1103 sedulo
1089 1075 1160 1110 apud
1182 1074 1363 1109 vosmetipsos
1382 1072 1578 1107 expendentes,
1602 1071 1758 1098 benedicito

975 1120 1106 1149 Domino:
1119 1125 1149 1148 ut
1164 1120 1302 1156 profectus
1310 1123 1402 1146 vester
1415 1117 1606 1145 manifestetur
1616 1117 1758 1152 gloriando

976 1167 1003 1194 in
1028 1167 1155 1198 Domino,
1169 1166 1245 1201 juxta
1262 1164 1334 1200 quod
1353 1164 1485 1198 scriptum
1505 1167 1557 1194 est.
1577 1166 1604 1190 et
1620 1162 1757 1190 dicendo:

976 1213 1005 1240 Si
1027 1213 1076 1240 mei
1088 1221 1138 1239 nou
1154 1212 1251 1247 fuerint
1272 1211 1410 1243 deminuti,
1423 1215 1485 1236 tunc
1504 1208 1690 1236 immaculata;
1704 1218 1759 1240 ero,

977 1263 1001 1286 et
1011 1258 1172 1286 emundabor
1184 1267 1199 1284 α
1212 1257 1304 1284 delicto
1319 1264 1423 1292 magno,
1437 1259 1461 1282 et
1475 1259 1581 1289 accepta
1594 1258 1670 1280 erunt
1683 1255 1760 1280 verba

978 1304 1031 1330 aris
1051 1304 1101 1330 mei
1116 1302 1136 1329 ⁸.
1162 1302 1250 1329 Erunt
1275 1306 1366 1329 autem
1393 1305 1459 1327 tunc
1483 1299 1649 1334 acceptiora,
1665 1299 1761 1326 Patres

976 1350 1130 1384 fratresque
1148 1347 1211 1380 mei,
1234 1347 1318 1375 verba
1330 1346 1386 1374 oris
1402 1346 1499 1378 nostri,
1512 1345 1633 1380 quando.
1651 1344 1760 1372 invictis

979 1396 1058 1422 nobis
1065 1393 1302 1430 permanentibus,
1322 1393 1449 1427 lacrymis
1463 1398 1571 1426 quoque
1589 1390 1680 1418 cordis
1694 1398 1761 1417 con-

979 1441 1036 1468 dita
1055 1440 1169 1468 fuerint.

1017 1486 1062 1513 '55.
1079 1485 1248 1513 Psalmorum
1268 1488 1366 1512 cantus
1381 1491 1397 1510 ο
1412 1482 1495 1511 corde
1511 1486 1675 1518 compuncto
1697 1489 1763 1517 pro-

981 1531 1077 1560 cedat:
1089 1531 1244 1558 orationum
1254 1530 1345 1566 jacula
1361 1529 1394 1557 ad
1405 1530 1490 1556 Deum
1500 1528 1628 1560 emittite,
1643 1532 1671 1556 et
1681 1535 1763 1562 opera

982 1577 1119 1606 manualia
1131 1577 1266 1613 perﬁcito,
1280 1583 1414 1603 memores
1425 1583 1534 1609 semper
1549 1574 1698 1610 pmsentite
1713 1582 1763 1601 an-

981 1626 1103 1660 gelorum
1121 1633 1127 1650 ε
1141 1624 1188 1658 qui
1203 1623 1271 1650 duas
1284 1623 1367 1650 habet
1379 1620 1588 1653 tunicas,alteri
1600 1620 1701 1646 nullam
1718 1620 1765 1646 ha-

981 1670 1056 1697 benti
1073 1669 1278 1696 communicet:
1294 1668 1486 1702 quotidianum
1506 1665 1640 1702 jejunium
1662 1666 1689 1692 in
1714 1673 1764 1691 no-

981 1722 1043 1742 nam
1063 1722 1149 1749 usque
1163 1713 1259 1741 horam
1272 1713 1326 1741 diei
1345 1714 1516 1741 extrahatur.
1532 1713 1567 1740 At
1583 1719 1645 1740 cum
1660 1711 1767 1748 jejuna-

982 1769 1052 1793 mus,
1069 1760 1220 1788 cavendum
1236 1763 1277 1787 est
1290 1767 1323 1787 ne
1333 1759 1539 1795 hypocritarum
1556 1766 1631 1785 more
1645 1756 1765 1785 luridum

982 1811 1165 1840 maestumque
1183 1805 1361 1840 praeferamus
1372 1805 1489 1835 vultum,
1509 1804 1555 1831 sed
1578 1803 1726 1831 videndum
1737 1808 1767 1830 ut

983 1851 1135 1879 custodiam
1153 1858 1286 1885 ponamus
1308 1851 1350 1877 ori
1371 1853 1399 1877 et
1430 1851 1529 1877 ostium
1553 1849 1767 1876 circumstantizc

983 1897 1064 1924 labiis
1085 1896 1196 1924 nostris.
1214 1895 1282 1923 Cum
1300 1895 1381 1923 fratri
1408 1903 1522 1930 peregre
1545 1895 1702 1922 advenienti
1722 1903 1768 1921 ou-

983 1943 1105 1974 curritis.
1121 1942 1250 1969 celeriter
1269 1941 1401 1969 inclinato
1416 1948 1532 1975 corpore
1548 1941 1631 1967 dicite
1644 1950 1650 1966 :
1662 1940 1767 1974 Ecquid

983 1988 1126 2014 valemus?
1146 1986 1245 2014 deinde
1264 1994 1314 2014 vos
1335 1988 1435 2014 iterum
1451 1987 1563 2013 silentio
1581 1986 1654 2013 date.
1675 1985 1702 2012 Si
1724 1986 1767 2013 cui

983 2037 1072 2059 autem
1084 2032 1188 2060 diutius
1202 2032 1413 2066 colloquendum
1435 2037 1487 2063 est,
1501 2032 1546 2058 ille
1565 2031 1678 2058 fratrem
1698 2031 1768 2057 invi-

985 2077 1053 2103 tabit
1078 2077 1111 2103 ad
1142 2077 1319 2103 refectionem
1344 2077 1386 2103 vel
1405 2077 1489 2103 etiam
1514 2075 1549 2102 ad
1579 2082 1677 2110 panem
1708 2075 1769 2101 vita

984 2120 1216 2152 manducandum,
1237 2125 1292 2147 tum
1309 2119 1515 2147 narrationibus
1540 2119 1665 2146 divinum
1691 2120 1771 2153 quid-

987 2166 1048 2193 dam
1059 2167 1239 2201 spirantibus,
1249 2171 1306 2193 tum
1321 2170 1479 2193 sanctorum
1492 2167 1603 2193 Patrum
1612 2166 1677 2193 vitis
1694 2173 1771 2192 men-

986 2218 1022 2238 sa:
1041 2211 1185 2245 appositis.
1203 2211 1362 2238 Cavendum
1376 2215 1417 2238 est
1440 2219 1475 2238 ne
1490 2211 1634 2246 obliuguze
1645 2211 1771 2246 peritiam

145 2253 306 2285 ἑκλειπέτω,
317 2253 373 2279 ἀλλ’
386 2254 415 2279 ὲν
429 2252 467 2288 τῷ
478 2253 589 2287 στόματι
603 2254 679 2288 ὑμῶν
692 2255 721 2280 τὺ
733 2255 817 2289 ὄνομα
831 2255 924 2289 Κυρίοι

987 2264 1056 2283 vana
1073 2257 1159 2291 gloria
1190 2257 1363 2289 ell'cramur;
1386 2257 1435 2284 sed
1462 2257 1550 2284 danda
1574 2257 1667 2292 potius
1689 2265 1771 2292 opera

145 2299 195 2325 ἐπὶ
212 2300 293 2325 πᾶσιν
310 2298 474 2332 ἀγιαζέσθω,
491 2299 506 2334 ἢ
527 2299 573 2326 καὶ
594 2300 679 2334 στόμα
695 2299 794 2334 μᾶλλον
809 2300 872 2334 ὑμῖν
888 2301 934 2326 καὶ

146 2344 261 2380 καρδίαν
275 2345 420 2379 ἀγιαζέτω,

991 2306 1030 2335 ut,
1045 2303 1172 2330 mandata
1184 2303 1232 2330 Dei
1247 2303 1274 2329 in
1287 2303 1463 2338 simplicitate
1472 2311 1503 2330 ac
1517 2303 1671 2330 humilitate
1681 2302 1772 2330 cordis

987 2348 1185 2380 custodientes,
1201 2355 1291 2375 veram
1319 2348 1434 2383 gloriam
1459 2355 1637 2383 assequamur
1650 2355 1682 2375 ac
1706 2355 1774 2374 col:-

150 2398 303 2418 servemus.
316 2390 401 2418 Amor
413 2391 575 2418 voluntaria
593 2392 765 2426 paupertatis
785 2391 819 2418 ab
833 2390 890 2426 ipsa
910 2393 1024 2426 penuria
1042 2398 1123 2428 atque
1139 2393 1229 2428 inopia
1251 2393 1343 2427 capiat
1376 2393 1594 2428 incrementum:
1621 2391 1772 2428 gratiarum
1791 2394 1794 2395 ⁷

145 2439 219 2465 actio
236 2438 292 2465 Deo
308 2438 400 2465 debita
416 2446 555 2474 nunquam
566 2439 677 2466 deﬁciat
710 2439 799 2470 vobis,
828 2439 875 2466 sed
889 2439 915 2466 iu
933 2447 980 2467 ore
993 2446 1083 2468 vestro
1096 2448 1195 2468 nomen
1210 2440 1318 2467 Domini
1330 2441 1517 2468 sanctiﬁcetur
1530 2441 1557 2467 in
1569 2440 1708 2472 omnibus,
1727 2443 1774 2466 aut

146 2491 180 2510 os
190 2488 311 2511 vestrum
326 2484 417 2519 potius
430 2485 583 2512 sanctiﬁcet
594 2492 641 2512 cor
651 2490 782 2513 vestrum.

184 2529 238 2562 λς’.
260 2530 377 2564 Ἀδελφῴ
394 2530 459 2565 περί
489 2539 562 2561 τινος
594 2530 695 2564 φαύλου
718 2533 879 2566 πράγματος
895 2532 932 2567 μὴ

150 2574 335 2608 συνδυαστέον,
347 2575 414 2601 ἀλλὰ
431 2577 594 2610 προσεκτέον
611 2577 711 2611 μᾶλλον
731 2578 848 2609 ἑαυτοῖς,
863 2578 936 2604 ἁδελ-

149 2621 208 2653 φῑὶ,
222 2620 268 2645 καὶ
286 2620 373 2646 πάντα
386 2621 566 2656 δοκιμαστέον
584 2621 703 2656 πρῶτον,
723 2620 840 2648 εἶτατοῦ
852 2623 935 2649 καλοῦ

146 2665 263 2699 δυνάμει
278 2666 310 2700 τῇ
326 2666 401 2701 πάσῃ
417 2668 583 2701 περιεκτὲον.
599 2667 703 2703 Μηδεὶς
715 2669 744 2694 ὲν
762 2668 823 2702 ὑμῖν
849 2668 939 2695 διάϐο-

145 2711 194 2742 λος
206 2709 284 2737 ἔσταν
299 2712 348 2746 τῆς
362 2712 415 2747 γὰρ
430 2713 535 2739 ἑκείνου
554 2714 661 2749 μερίδος
672 2715 746 2741 εστὶν
757 2715 771 2740 ό
787 2714 936 2747 συνταράσ-

187 2787 280 2814 'l’sal.
307 2796 383 2820 xvm,
410 2789 454 2815 η.

292 2834 424 2865 Panos.
448 2835 506 2865 Gn.
526 2836 696 2868 LXXXVI.

1022 2533 1066 2559 36.
1081 2532 1150 2560 Cum
1166 2532 1250 2559 fratre
1273 2532 1350 2567 pravi
1381 2531 1522 2567 quidpiam
1557 2531 1628 2558 forte
1649 2530 1773 2558 molienti

988 2578 1072 2606 nolite
1089 2578 1259 2612 conspirare,
1271 2578 1318 2605 sed
1335 2577 1369 2605 ad
1384 2586 1432 2605 vos
1443 2578 1516 2613 ipsos
1532 2577 1624 2612 potius
1634 2575 1771 2608 conversi,

988 2624 1130 2658 explorate
1146 2624 1224 2658 prius
1241 2623 1352 2654 omnia;
1372 2628 1428 2650 tum
1453 2623 1527 2658 quod
1551 2622 1666 2657 propius
1691 2621 1772 2649 avir-

991 2674 1048 2696 tute
1064 2669 1152 2700 abest,
1166 2669 1231 2697 totis
1245 2668 1353 2696 viribus
1367 2668 1520 2696 sectamini.
1533 2668 1630 2696 Nullus
1641 2669 1712 2695 inter
1724 2674 1773 2694 vos

992 2715 1118 2742 diabolus
1131 2715 1167 2742 sit
1185 2723 1192 2742 :
1208 2714 1308 2742 diaboli
1333 2714 1434 2749 quippe
1453 2719 1544 2749 partes
1559 2719 1624 2741 sunt
1647 2714 1776 2743 fraterni-

1615 2840 1653 2869 95
