1966 3068
221 143 293 176 3023

813 144 844 175 S.
864 143 1052 174 SYMEONIS
1071 143 1249 175 JUNIORIS

1781 140 1850 173 3024

218 199 297 229 sivit:
306 198 384 227 brevi
402 197 539 234 siquidem
549 205 565 224 a
578 196 742 224 vulneribus
752 201 865 225 curatus
879 203 932 231 est,
947 206 1009 226 cor-

1065 206 1110 232 της
1126 197 1295 233 εὐεργεσίας,
1314 196 1408 223 στάσιν
1420 195 1466 222 ἐπὶ
1478 194 1599 229 γονάτων
1607 191 1686 226 αὖθις
1700 194 1748 221 καὶ
1763 195 1849 222 ποδῶν

220 246 356 274 roboratis
372 245 448 273 coxis
466 248 494 271 et
509 243 642 271 tibiarum
665 251 717 272 usu
734 249 863 279 recepto:
881 252 931 279 pro
956 253 1012 280 quo

221 292 355 319 beneficio
372 290 480 318 auctori
493 290 550 317 Deo
565 289 669 324 gratias
682 290 827 324 persolvit,
850 298 932 317 omne
943 291 1011 318 illud

1060 244 1185 271 ἀπεδίδου
1202 243 1307 277 καιρὸν,
1329 243 1358 269 ὃν
1376 242 1456 273 αὐτὸς
1479 241 1567 276 ἑαυτῷ
1590 242 1637 268 καὶ
1656 241 1795 276 λογισμοῖς
1811 243 1850 268 οξ-

1061 290 1145 322 κείοις
1158 290 1288 325 ὡρίσατο.

221 344 339 375 tempus,
365 339 439 373 quod
469 337 561 366 solitis
587 337 870 372 contemplatiouibus
892 337 1111 373 pra-scripserat,
1145 338 1244 365 stando
1280 337 1446 373 transigens,
1470 337 1588 372 pedibus
1619 336 1790 372 genibusque
1801 343 1852 362 suo

220 392 333 412 munere
347 384 537 419 fungentibus.

248 432 292 458 41.
318 431 435 465 Jamque
462 430 703 466 appropinquabat
727 431 904 458 Pentecostes
931 438 1009 458 sacra

220 477 352 507 lux,cum
379 475 448 502 dixit
475 476 610 511 Symeon:
638 476 741 511 Ecquis
753 476 853 511 dignus
880 476 923 504 est
947 477 1010 511 Spi—

220 523 302 549 ritum
323 527 450 549 sanctum
477 523 605 557 recipere
636 523 708 550 sicut
729 523 806 550 visus
830 527 874 550 est
905 522 1013 550 Christi

219 568 364 602 discipulis
387 572 470 602 atque
499 568 646 602 apostolis,
681 568 838 604 linguarum
865 568 1015 603 ignitarum’

220 613 311 647 specie
340 612 528 640 descendens?
557 612 664 645 Quibus
695 618 846 648 reponente
879 612 987 640 Joanne
1004 633 1011 645 ,

222 658 296 685 haud
325 662 416 685 tutum
442 665 503 685 esse
530 658 688 688 istiusmodi
711 658 837 694 prodigia
868 658 1011 694 ﬂagitare,

222 704 370 739 resumpsit
388 703 435 731 ille
459 711 617 732 sermonem
635 704 754 732 dicens:
778 705 954 734 Voluntatem
983 707 1014 733 ti-

221 751 353 778 mentium
368 758 396 778 se
408 750 487 778 faciet
500 751 644 784 Dominus,
657 759 753 787 preces
761 760 857 780 eorum
870 753 1010 786 exaudiet,

216 803 248 826 ,σι
262 797 380 824 salvabit
392 796 477 831 ipsos.
489 796 554 830 Qum
567 805 630 824 cum
645 797 771 828 dixisset.
794 799 896 827 erectis
908 800 936 827 in
951 807 1008 827 coe-

221 844 276 869 tum
297 843 398 875 oculis,
412 842 497 870 corde
511 851 543 870 ac
552 851 684 879 corpore,
711 845 749 872 ita
766 846 870 873 oravit:
891 847 1009 874 Domine

221 891 406 924 mtmipotens,
423 889 470 924 qui
483 894 580 917 sancto
595 894 644 917 tuo
656 890 761 926 Spiritu
773 893 830 928 jam
855 893 925 920 olim
953 893 1009 920 vir-

221 940 306 962 tutem
329 936 463 962 ccelorum
482 935 610 970 firmasti,
640 941 669 963 et
691 936 789 964 faciem
803 942 940 965 terrarum
966 938 1010 965 in-

221 982 341 1015 novasti;
368 982 471 1009 secutis
502 989 569 1010 vero
604 984 773 1018 temporibus
798 983 875 1011 illum
908 985 1010 1012 sanctis

216 1029 352 1066 apostolis
364 1033 448 1064 atque
464 1028 611 1063 discipulis
624 1028 689 1061 tuis,
701 1029 822 1064 speciem
836 1030 909 1065 ignis
938 1038 1009 1065 prae-

222 1076 367 1107 ferentem,
388 1074 547 1109 impertitus
557 1082 607 1107 es;
631 1082 687 1109 quo
707 1074 858 1107 factum,ut
876 1082 932 1102 non
949 1083 1011 1103 ver—

222 1121 317 1149 nacula
331 1129 382 1148 sua
406 1125 524 1154 tantum,
553 1121 603 1148 sed
620 1125 648 1148 et
669 1121 822 1157 peregrinis
845 1122 946 1157 linguis
967 1122 1010 1149 lo-

222 1167 277 1194 cuti
294 1167 351 1194 siut
364 1175 371 1200 ;
384 1166 499 1194 demitte
521 1167 599 1194 illum
615 1175 690 1194 nunc
705 1175 816 1202 quoque
834 1168 901 1195 mihi
912 1175 1009 1202 pecca-

222 1213 292 1239 .ori:
309 1220 406 1239 servus
424 1217 492 1240 tuus
505 1221 566 1240 sum
582 1221 643 1248 ego,
665 1212 774 1241 instrue
793 1221 847 1246 me,
871 1218 899 1240 et
930 1214 1011 1241 doce;

225 1258 276 1285 bor
290 1258 417 1285 mandata
435 1263 481 1286 tua
506 1267 512 1284 :
532 1263 562 1285 tu
586 1259 660 1287 enim
680 1264 778 1294 potens
794 1267 824 1286 es
840 1261 874 1286 ab
890 1259 1010 1287 infantili

221 1312 269 1339 ore
303 1304 400 1331 laudes
426 1305 475 1331 tibi
505 1305 685 1332 concinnare.
716 1305 756 1332 Ita
778 1310 915 1339 precatus,
947 1313 1012 1333 ecce

223 1350 367 1378 confestim
389 1350 416 1385 (ο
443 1350 506 1385 quis
530 1355 617 1383 tuam,
643 1351 837 1378 universorum
864 1351 1013 1379 fabricator

223 1397 305 1427 Deus,
328 1396 529 1431 benignitatem
546 1397 696 1432 enarret?)
727 1405 792 1425 ecce
819 1398 903 1425 veluti
929 1397 973 1425 fax
996 1405 1011 1425 e

223 1442 291 1470 u-(eio
306 1442 437 1469 devolaus
453 1446 528 1469 tanta
545 1442 708 1478 Symeonem
732 1443 820 1478 gratia
850 1443 1010 1476 cumulavit,

223 1494 250 1514 ut
268 1496 320 1514 non
341 1492 446 1514 tantum
458 1488 516 1515 oris
527 1488 656 1516 facundia
672 1493 701 1516 et
715 1489 832 1523 Spiritu,
843 1497 899 1524 quo
916 1490 1013 1524 loque-

1102 434 1157 465 μα’.
1173 429 1370 465 Προσαγούσης
1384 428 1412 455 δὲ
1427 429 1477 464 ἤδη
1497 428 1547 463 τῆς
1561 427 1635 459 θείας
1648 427 1851 463 Πεντηκοστῆς,

1065 477 1157 511 ἔλεγεν
1173 478 1186 503 ὁ
1211 475 1334 512 Συμεὼν,
1349 476 1397 507 Τίς
1412 475 1465 511 ἄρα
1479 475 1608 507 δέξασθαι
1628 475 1702 507 ἄξιος
1718 475 1748 501 τὸ
1768 474 1856 502 Πνεῦ-

1068 531 1108 558 μσ.
1121 523 1151 549 τὸ
1169 522 1247 556 ἆγιον
1259 541 1266 553 ,
1282 522 1320 553 ὡς
1337 522 1393 553 τοῖς
1408 521 1527 557 Χριστοῦ
1547 521 1683 556 μαθηταῖς
1707 521 1755 548 καὶ
1784 522 1855 548 ἀπο-

1067 569 1171 601 στόλοις
1198 569 1287 604 ὢφθη,
1303 568 1434 603 γλωσσῶν
1449 569 1477 594 ὲν
1500 568 1565 594 εῖδει
1581 568 1703 603 πυρίνων
1718 567 1856 602 ἐπιδημῆ-

1066 624 1115 641 σαν
1130 624 1137 648 ;
1159 615 1215 649 Ἐφ’
1231 614 1282 648 οἷς,
1296 615 1356 642 Οὐκ
1371 614 1500 648 ἀσφαλὲς,
1515 611 1537 640 ὦ
1561 614 1666 645 τέκνον,
1683 614 1718 640 τὰ
1742 614 1856 640 τοιαῦτα

1064 662 1167 696 ζητεῖν,
1191 661 1313 691 είπόντος
1330 659 1377 687 τοῦ
1399 660 1534 692 Ἰωάννου,
1554 659 1708 692 ὑπολαϐὼν,
1724 659 1855 694 Θέλημα,

1065 707 1143 742 φησὶ,
1155 706 1257 742 Κύριος
1270 707 1324 733 τῶν
1334 706 1508 741 φοϐουμένων
1522 706 1604 733 αὐτὸν
1618 707 1728 740 ποιήσει
1744 707 1792 732 καὶ
1805 707 1855 740 τῆς

1064 752 1183 786 δεήσεως
1212 752 1303 779 αὐτῶν
1325 752 1529 784 εἰσακούσεται,
1554 753 1601 779 καὶ
1629 751 1711 778 σώσει
1743 752 1854 784 αὐτούς.

1063 798 1158 825 Ταῦτα
1184 796 1272 831 εἶπεν,
1287 799 1334 824 καὶ
1357 798 1509 833 ὀφθαλμοῖς
1532 799 1573 829 είς
1599 798 1713 833 οὐρανὸν
1739 798 1855 834 καρδίας

1065 844 1123 878 ἅμα
1138 845 1185 871 καὶ
1209 843 1336 878 σώματος
1364 844 1503 876 ἀτενίσας,
1517 844 1632 871 τοιαῦτα
1655 845 1830 880 προσηύχετο
1846 853 1851 859 ·

1061 890 1185 926 Δέσποτα
1199 891 1410 926 παντοκράτωρ,
1428 891 1490 925 ὁτῷ
1508 890 1649 926 Πνεύματί
1665 899 1712 916 σου
1728 890 1767 925 τῷ
1782 890 1853 924 ἁγίῳ

1062 936 1196 971 πρότερον
1214 936 1264 971 μὲν
1281 935 1330 971 τὴν
1344 935 1460 971 δύναμιν
1476 936 1530 962 τῶν
1544 935 1669 971 οὐρανῶν
1685 935 1852 971 στερεὼσας,

1056 982 1109 1010 ,καὶ
1129 982 1180 1017 τῆς
1206 982 1258 1016 γῆς
1287 982 1467 1013 ἀνακαινίσας
1491 982 1522 1009 τὸ
1545 982 1701 1017 πρόσωπον,
1718 981 1813 1007 ἔπειτα
1824 981 1853 1008 δὲ

1062 1029 1120 1059 τοῖς
1146 1027 1236 1061 ἁγίοις
1257 1035 1305 1054 σου
1332 1027 1469 1063 μαθηταῖς
1490 1028 1538 1054 καὶ
1554 1028 1714 1058 ἀποστόλοις
1742 1028 1771 1053 ὲν
1787 1026 1854 1053 εἴδει

1068 1073 1156 1108 πυρὸς
1171 1074 1348 1106 ἀποστεὲλας,
1365 1074 1403 1105 ὡς
1419 1073 1510 1100 λαλεῖν
1525 1073 1625 1105 αὐτοὺς
1641 1073 1750 1108 ἑτέραις
1763 1072 1853 1106 γλώσ-

1063 1127 1124 1150 σαις
1137 1120 1185 1146 καὶ
1199 1119 1229 1145 οὐ
1245 1119 1383 1154 πατρίοις.
1404 1119 1583 1154 κατάπεμψον
1595 1118 1674 1145 τοῦτο
1684 1117 1731 1144 νῦν
1748 1118 1795 1144 xu).
1814 1116 1854 1152 τῷ

1061 1165 1219 1201 ἁμαρτωλῷ
1244 1165 1306 1200 ἐμοί
1323 1173 1330 1181 ·
1347 1165 1441 1197 δοῦλός
1465 1165 1511 1192 σού
1530 1165 1590 1200 είμι
1620 1164 1693 1199 ἐγὼ,
1708 1164 1850 1190 συνέτισόν

1060 1220 1108 1247 με,
1126 1212 1173 1239 καὶ
1190 1212 1348 1247 μαθήσομαι
1362 1211 1414 1243 τὰς
1436 1211 1549 1243 ἐντολάς
1563 1220 1623 1243 σου,
1641 1212 1655 1237 ὁ
1670 1211 1717 1238 καὶ
1730 1210 1785 1238 ἀπὸ
1803 1219 1852 1246 νη-

1066 1258 1129 1285 πίου
1159 1258 1293 1293 στόματος
1321 1256 1395 1285 αἶνον
1409 1257 1487 1289 εἰδὼς
1510 1257 1733 1293 καταρτίζεσθαι.
1761 1257 1855 1284 Ταῦτα

1062 1305 1110 1331 τοῦ
1136 1304 1211 1332 ὁσίου
1237 1304 1457 1340 προσευχομένου
1479 1304 1532 1340 (τίς
1557 1303 1589 1331 ἄν
1615 1312 1673 1337 σου,
1695 1303 1856 1338 Δημιουργὶ

1062 1349 1117 1376 τῶν
1130 1351 1268 1382 ἁπάντων,
1276 1350 1531 1386 ἐξαριθμήσαιτοντὺ
1539 1349 1728 1385 φιλάνθρωπον
1737 1349 1757 1385 ;)
1769 1349 1856 1376 κα.θά-

1063 1405 1116 1432 περ
1133 1405 1174 1428 τις
1195 1396 1306 1432 λαμπὰς
1340 1396 1436 1432 ἀθρόον
1448 1396 1552 1424 ἄνωθεν
1567 1395 1741 1427 καταπτᾶσα,
1754 1395 1857 1422 τοσαύ-
1894 1412 1898 1414 ›

1063 1452 1113 1479 της
1132 1444 1212 1470 αὑτὸν
1224 1444 1369 1478 ἐπλήρωσε
1383 1443 1505 1478 χάριτος,
1523 1443 1561 1474 ὡς
1577 1441 1615 1477 μὴ
1632 1443 1665 1477 τῇ
1697 1442 1747 1476 τῆς
1763 1440 1856 1475 γλώτ-

1064 1499 1114 1526 της
1139 1486 1232 1526 ὁμιλία
1245 1490 1335 1525 μόνον,
1345 1490 1400 1516 -καὶ
1410 1489 1449 1523 τῷ
1465 1488 1602 1524 Πνεύμάτι
1614 1485 1636 1521 ᾧ
1647 1487 1749 1520 ἐλάλει,
1767 1495 1856 1514 καταρ

223 1534 303 1561 luitur
319 1534 465 1561 universos
480 1541 559 1562 sacro
575 1535 819 1569 quodamstuporc
836 1535 1011 1570 percelleret,

1066 1536 1194 1571 πλήττειν
1206 1535 1479 1568 ὲπιεικῶς,ᾶπαντας,
1493 1533 1561 1561 ἀλλὰ
1572 1534 1622 1560 καὶ
1637 1532 1733 1566 λόγους
1748 1533 1813 1567 περί
1823 1541 1856 1560 τι

223 1580 409 1607 ι’ρηιιιιριίίιιι)
423 1580 456 1607 de
472 1580 528 1607 vita
543 1581 678 1613 solitaria,
709 1580 744 1607 de
776 1581 950 1615 pmnitentia,
976 1581 1011 1608 de

224 1626 448 1662 futurojudicio,
473 1626 508 1654 ad
551 1627 696 1654 horrorem
712 1627 880 1654 dissereret:
911 1627 1011 1654 multas

223 1681 333 1708 quoque
347 1681 491 1700 sacrarunt
507 1673 676 1700 Litterarum
692 1673 826 1701 obscuras
861 1673 1012 1701 sententias

223 1719 468 1754 interpretabatur,
492 1723 658 1753 apertasque
680 1718 801 1746 dilucida
828 1719 1012 1753 explicatione

223 1765 352 1791 omnibus
366 1768 429 1792 ante
447 1765 544 1792 oculos
556 1764 687 1799 ponebat.
699 1765 789 1799 Atque
799 1765 857 1792 haec
870 1773 914 1791 res
931 1765 1012 1792 Joan-

224 1819 285 1837 nem
305 1810 402 1845 majori
419 1811 502 1837 etiam
518 1816 630 1845 stupore
645 1811 805 1845 complevit.
823 1811 888 1838 talia
904 1811 938 1838 de
961 1811 1012 1847 Sy-

224 1863 320 1884 meouc
335 1855 429 1883 dicere
444 1860 570 1883 eoactum
585 1864 592 1882 :
607 1856 694 1889 Quam
711 1856 847 1885 mirabilia
862 1857 907 1884 hic
928 1865 1012 1892 opera

223 1901 320 1929 faciet!
346 1902 481 1936 quantulo
494 1901 600 1928 minora
614 1901 737 1936 ipsorum
750 1902 936 1937 apostolorum
949 1909 1013 1936 pro-

223 1947 322 1982 digiis!
344 1947 475 1982 quoniam
499 1952 527 1974 ct
545 1947 607 1982 pari
621 1947 679 1974 fere
692 1948 779 1982 gratia
795 1952 951 1982 praeventus
961 1952 1011 1975 est.

223 1992 276 2020 Sed
295 1994 429 2028 majorem
457 1993 549 2020 adhuc
575 1993 701 2020 timorem
732 1993 779 2020 Dei
812 1993 1012 2020 monachorum

223 2039 323 2066 animis
352 2039 478 2071 incussit,
500 2039 587 2074 magis
613 2039 685 2074 aptis
720 2038 840 2066 eﬂicacia
870 2038 1012 2074 signorum

223 2094 305 2122 quam
321 2087 347 2115 vi
361 2087 510 2114 verborum
523 2086 642 2114 moveri.
667 2118 671 2122 _

258 2133 304 2161 42.
320 2133 407 2160 Porro
426 2127 511 2161 etiam
524 2133 582 2161 visa
597 2134 705 2169 objecta
718 2133 862 2161 monachis
876 2140 925 2168 per
935 2132 1014 2168 quie-

224 2184 278 2206 tem
295 2179 689 2214 admirabiliasuutzquorum
709 2179 793 2214 aliqui
819 2182 874 2206 tres
899 2178 1011 2213 gradus,

225 2225 252 2251 in
267 2225 358 2259 iisque
383 2225 498 2252 totidem
525 2224 606 2252 sedes
631 2224 725 2252 videre
751 2224 805 2262 sibi
832 2224 1014 2251 videbantur:
1032 2221 1054 2248 ῐ)
1070 2214 1217 2262 μαῖανξίαὶ

225 2269 470 2306 percoiitaruesque
488 2271 600 2305 eccuius
621 2270 681 2298 istae
700 2275 805 2302 essent,
827 2277 856 2298 et
873 2271 918 2298 cui
939 2271 1012 2298 reci-

224 2317 324 2352 piendo
333 2316 535 2352 exaltaudoque
543 2322 711 2354 pararentur
723 2337 729 2350 ,
744 2317 893 2352 audierunt
907 2325 1012 2350 vocem,

224 2359 353 2399 Symeoni
379 2371 468 2398 puero
497 2362 641 2390 destinari.
672 2363 1013 2398 llicrinterea,-fulgorem

223 2408 303 2436 faciei
315 2403 485 2443 virtutisque
501 2416 558 2436 sua:
571 2415 664 2442 parem
678 2408 907 2442 solidiii'undeus,
920 2408 1014 2436 divina

223 2453 356 2481 charitate
366 2454 476 2488 plenus,
488 2452 723 2488 quemadmodum
732 2452 910 2480 ascensiones
923 2453 1013 2481 adhuc

223 2500 401 2527 sublimior'es
414 2500 591 2534 disposuerat
604 2498 632 2526 in
655 2500 748 2531 corde,
777 2498 815 2526 ita
841 2502 1014 2526 terrenarum

224 2554 316 2574 rerum
343 2545 554 2573 conversatione
582 2545 695 2577 relicta,
712 2545 869 2572 columnam
895 2544 1014 2579 quadra-

223 2591 298 2626 ginta
314 2594 344 2618 ut
356 2589 502 2616 minimum
516 2589 605 2625 pedes
619 2589 700 2616 altam
713 2588 782 2624 erigi
800 2587 921 2615 mandat.
936 2588 1014 2621 Quod

224 2637 325 2664 factum
338 2636 384 2664 ubi
399 2636 572 2664 Autiocheno
589 2640 646 2663 tum
663 2635 796 2670 temporis
804 2634 1015 2669 archiepiscopo

224 2684 357 2716 innotuit,
379 2687 407 2711 et
426 2684 484 2718 ipse
499 2687 527 2710 et
541 2682 691 2718 episcopus
717 2681 850 2709 Seleuciae
866 2686 1013 2712 venerunt,

224 2730 384 2765 crebrisque
401 2729 526 2757 accensis
553 2728 673 2761 facibus,
702 2727 790 2754 multo
822 2734 885 2754 cum
911 2726 1015 2753 lumine

225 2781 307 2810 atque
321 2775 433 2810 hymnis
450 2775 624 2809 Symconem,
651 2776 752 2808 quanta
770 2773 815 2799 vix
843 2771 898 2798 dici
913 2776 1014 2806 potest,

227 2829 287 2848 cum
303 2821 449 2848 devotione
464 2821 498 2848 ad
510 2827 586 2847 aram
602 2819 763 2850 adductum,
797 2818 945 2844 diaconum
972 2826 1016 2844 or-

227 2866 333 2905 dinant,
348 2867 545 2901 deducuntque
562 2865 595 2893 ad
609 2866 681 2892 hanc
707 2863 881 2896 columnam;
908 2866 1017 2897 postea-

1065 1582 1211 1618 μοναδικοῦ
1230 1582 1299 1617 βίου,
1315 1582 1362 1608 καὶ
1382 1580 1539 1615 μετανοίας,
1557 1580 1606 1607 καὶ
1627 1579 1678 1614 τῆς
1704 1579 1858 1614 μελλούσης

1063 1630 1180 1665 κρίσεως
1193 1630 1301 1657 τάττειν
1312 1638 1319 1646 ”
1334 1630 1419 1656 πολλά
1430 1637 1459 1656 τε
1477 1629 1531 1655 τῶν
1546 1628 1652 1663 βαθέως
1667 1627 1715 1654 καὶ
1730 1628 1859 1663 ἀποκρύ-

1063 1685 1122 1711 φως
1147 1677 1208 1707 ταῖς
1235 1675 1323 1707 θείαις
1351 1675 1474 1710 Γραφαίς
1491 1675 1648 1709 εἰρημένων
1663 1673 1858 1708 διερμηνεύειν

1063 1722 1131 1756 δῆλά
1158 1730 1189 1747 τε
1214 1721 1281 1748 πᾶσι
1311 1721 1360 1749 καὶ
1379 1718 1434 1747 οἷον
1450 1720 1497 1747 ὑπ’
1510 1719 1667 1754 ὀφθαλμοὺς
1681 1719 1855 1754 προτιθέναι.

1066 1769 1098 1796 Ὂ
1118 1769 1163 1796 τὸν
1194 1769 1243 1803 μὲν
1265 1769 1393 1803 Ἰωάννην
1418 1768 1541 1802 μείξονος
1567 1766 1610 1793 ἐπ’
1625 1766 1701 1800 αὐτῷ
1731 1765 1858 1800 θάμϐους

1064 1815 1226 1850 πληρῶσαν,
1243 1816 1336 1842 ἐκεῖνα
1353 1814 1418 1849 περὶ
1433 1813 1517 1840 αὑτοῦ
1531 1813 1614 1847 φάναι
1631 1812 1855 1846 παρασκευάζει,

1063 1862 1101 1893 ὡς
1128 1862 1182 1897 ἄρα
1196 1861 1347 1897 ιθαυμαστὰ
1363 1859 1442 1892 οὗτος
1459 1860 1529 1896 ῑργα
1550 1860 1668 1895 ποιήσει,
1686 1859 1733 1885 καὶ
1748 1855 1793 1885 οἶα
1809 1867 1857 1893 μι-

1064 1906 1132 1942 κροῦ
1172 1906 1207 1933 τὰ
1236 1906 1290 1932 τῶν
1319 1905 1487 1938 ἀποστόλων,
1519 1906 1560 1932 ὃτι
1587 1905 1635 1931 καὶ
1660 1903 1858 1939 παραπλησίας

1064 1953 1182 1987 ἠξίωται
1213 1953 1323 1988 χάριτος
1335 1960 1341 1966 ·
1369 1951 1481 1978 πλείονα
1494 1951 1523 1978 δὲ
1539 1951 1607 1977 Θεοῦ
1623 1950 1705 1984 φόδον
1720 1950 1779 1980 ταῖς
1801 1949 1858 1976 τῶν

1066 1998 1191 2033 μοναχῶν
1209 1997 1291 2032 ἐνῆκε
1306 1997 1417 2031 ψυχαῖς,
1441 1997 1563 2031 σημείων
1577 1995 1706 2031 ἐνεργείᾳ
1722 1993 1821 2030 μᾶλλον
1836 1993 1857 2029 .i)

1064 2044 1151 2079 λόγων
1167 2044 1281 2079 δυνάμει
1299 2042 1535 2078 καταρτισθείσας.

1077 2115 1080 2117 ’
1101 2122 1157 2158 μβ’.
1170 2122 1286 2148 Ἔπειτα
1303 2121 1396 2156 μέντοι
1409 2119 1455 2147 καὶ
1476 2119 1553 2154 δῴεις
1569 2119 1597 2145 ἐν
1614 2118 1709 2150 ὕπνοις
1725 2117 1860 2153 ὤφθησαν

1064 2169 1120 2200 τοῖς
1135 2169 1263 2202 μοναχοῑς
1277 2166 1446 2202 παραδόξως,
1463 2166 1508 2191 καί
1523 2173 1594 2196 τινες
1609 2164 1698 2191 αὐτῶν
1712 2163 1777 2199 τρία
1805 2163 1859 2199 βή-

1242 2215 1317 2246 τρεῐς
1345 2213 1373 2239 ὲν
1402 2213 1496 2243 αὐτοῖς
1511 2211 1622 2247 θρόνους
1648 2211 1757 2237 ἐδόκουν
1769 2210 1838 2245 ὀρᾷν
1853 2219 1860 2225 ·

1068 2258 1238 2294 πυθομένους
1255 2258 1283 2284 δὲ
1300 2258 1359 2284 τίνα
1373 2257 1460 2284 ταῦτα
1477 2255 1542 2287 εἷεν,
1560 2257 1607 2282 καὶ
1626 2257 1688 2283 ὅτου
1703 2256 1771 2290 πρὸς
1790 2256 1862 2281 ὑπο-

1063 2306 1145 2342 δοχὴν
1171 2305 1218 2331 καὶ
1243 2303 1321 2336 δόξαν
1342 2302 1540 2338 ἑτοιμασοεϊεν,
1559 2302 1674 2328 ἀκοῦσαι
1689 2302 1793 2335 φωνῆς,
1812 2301 1858 2327 ὅτι

1065 2352 1179 2386 Συμεὼν
1210 2350 1256 2378 τοῦ
1285 2349 1390 2381 παιδός.
1412 2348 1442 2376 Ὁ
1457 2348 1572 2384 Συμεὼν
1596 2348 1687 2374 τοίνυν
1714 2348 1760 2373 ῐσα
1791 2347 1863 2382 ἡλίῳ

1064 2399 1126 2434 ὗψιν
1157 2398 1216 2432 ἅμα
1248 2397 1293 2423 καὶ
1329 2395 1430 2432 ἀρετὴν
1458 2395 1665 2429 ἐξαστράπτων,
1696 2393 1810 2428 χάριτός
1833 2401 1863 2419 τε

1066 2445 1141 2476 θείας
1159 2444 1361 2479 πληρούμενος,
1377 2442 1524 2473 ἀναϐάσεις
1545 2441 1585 2467 ἔτι
1601 2440 1703 2476 μᾶλλον
1718 2439 1815 2474 ὧσπερ
1834 2441 1864 2466 ὲν

1064 2493 1098 2527 τῇ
1115 2491 1213 2526 καρδίᾳ.
1231 2490 1346 2522 ἐτίθετο,
1365 2489 1436 2516 οὕτω
1451 2490 1502 2515 κὰν
1516 2490 1549 2523 τῇ
1566 2487 1621 2513 τῶν
1635 2488 1738 2521 γηΐνων
1753 2487 1864 2520 ἀναχω-

1067 2539 1144 2574 ρήσει
1163 2538 1270 2573 άμέλει,
1283 2537 1330 2564 καὶ
1344 2536 1420 2563 κίονα
1446 2535 1530 2566 πόδας
1548 2535 1578 2560 οὺ
1597 2536 1673 2569 μεῖον
1690 2533 1706 2568 ἦ
1727 2535 1862 2567 τετταρά-

1066 2593 1147 2610 κοντα
1164 2584 1194 2610 τὸ
1209 2584 1275 2619 ὕψος
1298 2583 1436 2610 ἐπιτάττει
1454 2580 1593 2614 γενέσθαι.
1609 2581 1640 2605 Ὃ
1650 2579 1682 2614 δὴ
1693 2579 1806 2612 γεγονὸς
1825 2578 1864 2612 τῷ

1065 2630 1217 2665 τηνικαῦτά
1236 2638 1265 2656 τε
1288 2630 1337 2664 τῆς
1369 2628 1529 2662 ’Λντιοχέων
1556 2627 1763 2662 ἀρχιεπισκόπῳ
1792 2624 1864 2659 γνὶο-

1068 2677 1140 2709 σθὲν,
1169 2676 1255 2702 ἐλθὼν
1282 2676 1386 2706 ἐκεῖνος
1423 2675 1491 2710 μετὰ
1515 2673 1563 2701 τοῦ
1596 2673 1666 2700 κατὰ
1697 2672 1864 2698 Σελεύκειαν

1069 2721 1218 2747 ἐπισκόπου
1234 2741 1241 2753 ,
1263 2720 1408 2754 λαμπάδας
1423 2728 1452 2746 τε
1472 2719 1573 2754 συχνὰς
1599 2717 1792 2753 ἀναψάμενοι,
1811 2717 1869 2744 (me

1068 2766 1158 2802 πολλῷ
1169 2768 1237 2802 φωτί
1250 2768 1297 2794 καὶ
1311 2767 1405 2802 ὕμνοις
1420 2766 1465 2792 τὸν
1481 2765 1592 2800 Συμεὼν
1619 2765 1657 2800 τῷ
1675 2764 1869 2799 θυσιαστηρίιῷ

1070 2814 1129 2848 μεθ’
1143 2815 1208 2849 ὅσης
1225 2813 1279 2840 οὐδ’
1296 2812 1327 2840 ἂν
1343 2814 1415 2839 είποι
1437 2821 1478 2843 τις
1502 2811 1646 2842 εὐλαϐείας
1663 2811 1864 2845 προσάγοντες,

1068 2862 1193 2889 διάκονόν
1216 2870 1244 2887 τε
1271 2859 1453 2895 χειροτονοῦσι
1465 2881 1472 2888 .
1489 2860 1535 2886 καὶ
1551 2860 1590 2887 εἰς
1612 2859 1657 2886 τὸν
1675 2859 1753 2885 κίονα
1769 2857 1866 2884 τοῦτον
