1966 3068
116 135 181 166 ῐθίὕ

623 145 712 175 VlTA
732 145 753 173 Λ
775 140 992 173 NlCEPIlORO
1011 139 1253 170 CONSCRlPTA.

1660 131 1729 164 3096

115 202 268 236 ἀνάγουσιν,
280 203 359 229 ἕκτον
386 203 432 229 ἐπὶ
444 203 491 237 τῆς
507 201 612 238 βάσεως
629 202 735 235 ἐκείνης
752 201 803 235 ’ήδη
821 198 897 233 παρὰ

962 206 1030 232 mam
1040 198 1067 224 in
1079 187 1123 224 illa
1133 197 1191 224 basi
1200 204 1248 223 sex
1261 202 1346 233 annos
1358 194 1408 221 sub
1422 193 1568 228 disciplina
1577 191 1634 220 divi
1647 191 1731 219 Joan—

116 248 152 282 τῷ
175 248 239 284 θείῳ
261 248 369 286 Ἰωάννῃ
396 249 490 283 χρόνον
515 247 669 283 διηνυκὸτα.
683 246 787 282 Σπουδὴ
812 245 839 271 δὲ
864 243 896 279 ἦν

117 294 168 320 τῶν
195 294 336 330 παρόντων
365 295 482 329 ἑκάστῳ,
501 294 547 320 καὶ
580 293 696 328 μάλιστα
714 294 770 323 τοῖς
787 291 834 317 τοῦ
851 290 898 325 βή-

121 348 212 374 ματος,
227 340 267 375 τῷ
296 340 354 374 μὲν,
371 339 556 371 διαϐαστάσαι,
571 339 611 373 τῷ
628 338 656 364 δὲ
671 338 717 364 τοῦ
745 336 900 371 ἐνδύματος

120 383 239 418 ἅψασθαι
256 384 319 419 ,τῷ
347 385 374 416 δὲ
404 384 451 410 καὶ
476 383 590 418 πλησίον
617 382 753 417 γενέσθαι,
771 381 899 415 καθάπερ

119 430 155 464 τῷ
170 430 251 456 πλέον
267 430 428 466 μετασχόντι
447 429 566 460 πλείονος
581 429 667 464 παρὸν
683 430 772 463 τυχεῖν
790 428 837 454 καὶ
851 427 901 462 τῆς

120 474 253 509 εὐλογίας.

154 560 209 592 μγ’.
226 559 257 584 ‘0
266 557 314 592 μὲν
329 557 374 584 οὖν
389 558 460 592 ἱερὸς
478 558 590 593 Συμεὼν
606 559 653 584 ἐπὶ
664 556 709 584 τοῦ
723 557 810 589 κίονος
824 556 901 589 στὰς,

119 603 209 637 ὃγδοον
226 604 255 630 ὲν
269 603 343 638 αὑτῷ
356 603 568 639 διεκαρτέρησεν
586 603 654 635 ἔτος,
671 604 708 635 ὡς
723 603 785 639 ἑξῆς
800 602 901 637 προῖὼν

120 650 133 675 ὁ
148 649 225 683 λόγος
241 648 354 684 δηλώσει
370 657 424 683 μοι.
442 649 469 676 '0
484 650 512 676 δὲ
527 649 663 683 Ἰωάννης,
675 649 763 675 καίτοι
773 649 903 683 διαθήκας

118 692 192 729 μετὰ
203 694 249 720 τοῦ
264 693 375 728 Συμεὼν
388 694 557 729 διαθέμενος,
575 695 695 729 ἡνῶσθαί
707 703 736 720 τε
749 694 792 720 διὰ
805 694 904 725 παντὸς

123 739 195 775 αὐτῷ
211 740 260 775 τὴν
274 740 462 775 πνευματικὴν
472 740 578 771 ⁸ἑνωσιν,
595 740 642 766 καὶ
657 739 808 774 ἀχώριστος
821 738 903 766 αὑτοῦ

121 786 169 821 τὴν
185 786 273 822 ψυχὴν
287 786 434 821 διαμένειν,
449 786 522 821 ὅμως
541 787 581 812 ὅτι
606 786 642 821 μὴ
658 786 706 820 τὴν
721 785 782 820 ὄψιν
801 785 904 811 ἐκείνου

121 831 247 864 γλυκεῖαν
274 832 322 858 καὶ
352 831 437 863 θείαις
464 830 598 857 ἀνθοῦσαν
622 830 731 866 χάρισιν
756 829 906 865 ὀφθαλμοῖς

118 875 188 912 εἶχεν
203 877 280 911 ὀρᾷν,
302 876 427 902 ἐδάκνετο
442 876 491 911 τὴν
511 875 625 910 καρδίαν
642 875 689 901 καὶ
711 874 842 905 ὠδυνᾶτο,
860 873 906 899 καὶ

119 924 158 954 εἰς
174 921 279 956 φανερὰ
297 920 424 952 πολλάκις
439 920 590 946 κατέπιπτε
602 918 718 952 δάκρυα,
732 916 777 952 Τῷ
793 915 907 951 Συμεὼν

117 970 145 997 δὲ
172 969 293 1005 μείζονες
315 967 368 994 τῶν
399 966 541 1001 προτέρων
565 964 671 999 ἀγῶνες
695 964 741 990 ἐπὶ
755 963 802 989 τοῦ
816 963 908 994 κίονος

117 1014 194 1052 ἦσαν,
209 1015 329 1050 πραότης
351 1022 380 1040 τε
398 1012 497 1039 πλείων
520 1010 594 1045 αὐτῷ
616 1009 802 1046 προσετίθετο,
829 1009 876 1035 καὶ
890 1010 907 1044 ἡ

117 1064 166 1098 τῆς
181 1061 296 1097 καρδίας
316 1060 461 1092 κατάνυξις
474 1059 582 1094 ηῠξετο,
598 1058 633 1085 τά
647 1067 677 1084 τε
692 1057 797 1092 δάκρυα
813 1056 908 1087 ὑετοὺς

118 1109 252 1144 ἐμιμεῖτο,
268 1108 314 1134 καὶ
330 1108 346 1142 ὴ
362 1107 468 1141 γλῶττα
484 1107 539 1137 τοῖς
553 1106 592 1137 είς
606 1104 671 1131 Θεδν
684 1103 778 1140 ὕμνοις
789 1103 850 1135 ταῖς
866 1102 908 1129 οὐ·

120 1155 224 1191 ρανίαις
240 1154 370 1190 δυνάμεσι
387 1152 480 1188 σαφῶς
495 1151 630 1187 ὡμοίωτο.

155 1246 206 1282 μδ⁷.
229 1245 271 1277 Ὧς
288 1245 319 1272 ἂν
342 1244 370 1272 δὲ
394 1243 430 1280 μὴ
454 1243 635 1278 καυχήσηται,
652 1241 728 1276 φησὶ,
745 1242 820 1268 πᾶσα
831 1240 907 1276 σὰρξ,

119 1293 200 1329 ἡνίκα
213 1292 340 1328 τοιαύτης
355 1290 501 1326 ἐτύγχανεν
525 1289 624 1320 ὲπιὸὰς
642 1288 761 1323 ἡλικίας,
783 1288 844 1323 ἥτις
859 1286 909 1321 φύ-

119 1349 188 1371 σεως
214 1339 318 1373 πέφυκε
341 1337 421 1373 γονὴν
440 1336 573 1372 προϊέναι,
590 1335 726 1362 ὡπλίσατο
743 1333 881 1370 κραταιῶς
896 1333 910 1359 ὁ

119 1385 259 1416 Σατανᾶς,
276 1383 347 1410 ὥστε
371 1383 468 1414 νυκτὸς
489 1381 570 1408 αὐτὸν
589 1380 725 1412 ἐνυπνίοις
747 1380 910 1415 ὲπηρεᾶσαι.

117 1429 163 1464 Τῷ
177 1429 218 1462 δὲ,
238 1430 262 1456 εἰ
282 1429 329 1456 καὶ
343 1429 373 1455 τὸ
386 1428 466 1464 σῶμα
496 1427 555 1455 κατ’
573 1427 660 1454 ἐκεῖνο
674 1426 724 1460 τῆς
737 1425 811 1461 ὥρας
827 1424 910 1452 ὕπνου

119 1476 231 1511 ἥττητο,
246 1474 302 1502 ἀλλ’
317 1475 334 1510 ἠ
347 1474 421 1510 ψυχὴ
435 1473 570 1510 ἐγρήγορέ
580 1481 610 1500 τε
624 1473 671 1499 καὶ
681 1471 852 1506 διανέστηκε,
863 1470 912 1498 καὶ

117 1521 210 1553 οὕτως
237 1522 320 1557 ἑαυτῇ
342 1519 525 1556 προσέχουσα,
557 1519 595 1551 ὡς
614 1518 651 1554 μὴ
674 1519 754 1553 μόνον
773 1517 911 1552 ἐνδόσιμον

120 1567 213 1603 μηδὲν,
241 1567 310 1603 μηδὲ
330 1566 450 1601 μαλακδν
476 1565 584 1597 παθεῖν,
600 1564 668 1591 ἀλλὰ
691 1564 738 1590 καὶ
758 1562 804 1590 τὸν
825 1562 908 1590 ὕπνον

117 1614 199 1645 εὐθὺς
215 1612 415 1648 ἀπορρίψαντα,
438 1610 592 1639 κατώδυνον
614 1610 674 1636 ὅλον
696 1609 743 1636 καὶ
763 1608 907 1644 δακρυὼδη

118 1660 210 1687 παίειν
225 1659 274 1691 τὰς
291 1658 377 1692 ὕψεις,
391 1658 439 1684 καὶ
464 1656 577 1684 τοιαῦτα
603 1655 692 1690 ἑαυτῷ
712 1654 906 1690 ὲποδύρεσθαι·

117 1707 170 1734 Φεῠ
189 1704 233 1734 οἷα
249 1706 346 1733 παθεῖν
362 1706 376 1732 ὁ
394 1705 510 1735 δείλαιος
530 1699 657 1739 ἔμελλονῑ
680 1700 736 1729 οἷον
752 1700 908 1738 προσθεῖναι

117 1752 246 1788 τραῦμα,
267 1752 336 1787 ὅπερ
359 1751 409 1777 οὔκ
431 1750 532 1784 ἰατρὸς,
547 1748 577 1775 οὐ
592 1748 684 1782 τέχνη,
704 1747 734 1773 οὐ
754 1746 908 1781 φάρμακον,

117 1799 169 1825 οὐκ
182 1798 245 1824 ἄλλο
259 1806 285 1823 τι
298 1795 467 1832 θεραπεῦσαι
481 1794 589 1829 ἴσχυσεν
602 1793 651 1821 av!
668 1792 749 1819 Ἀλλὰ
763 1792 803 1818 σοὶ
811 1790 850 1826 τῷ
864 1790 911 1825 p.6—

118 1853 157 1878 νῳ
172 1843 294 1879 Δεσπότῃ
308 1842 356 1870 καὶ
366 1842 473 1878 Σωτῆρι
487 1840 591 1876 ψυχῶν,
604 1839 643 1874 τῷ
658 1839 731 1874 μόνῳ
742 1837 849 1874 νεφρῶν
863 1837 911 1864 καὶ

118 1889 239 1924 καρδιῶν
266 1889 365 1923 ἑταστῇ
397 1887 571 1922 προσπίπτω,
600 1885 708 1916 δεικνὺς
732 1884 781 1919 τὴν
808 1883 911 1910 οἰκείαν

119 1935 273 1967 ἀσθένειαν,
291 1935 353 1962 ἐπεὶ
367 1935 414 1960 καὶ
426 1934 530 1965 πάντας
543 1932 628 1958 ἐλεεῖν
641 1929 730 1965 οἶδας,
740 1932 753 1958 ὁ
765 1930 811 1958 καὶ
825 1931 912 1958 πάντα

120 1981 215 2015 σαφῶς
245 1981 403 2015 δυνάμενος.
421 1979 502 2006 Ταῦτ’
521 1978 609 2011 ἔλεγε,
630 1977 677 2004 καὶ
702 1977 767 2008 ίδοὺ,
785 1977 836 2012 ὁρᾷ
851 1984 912 2003 τινα

120 2027 252 2055 κατιόντα
276 2027 344 2062 πρὸς
367 2026 449 2053 αὑτὸν
473 2024 587 2057 ἄνωθεν,
604 2023 635 2050 τὸ
649 2021 720 2054 εἶδος
738 2022 846 2057 σεμνὸν,
862 2022 912 2058 τὴν

119 2075 203 2109 τρίχα
215 2073 341 2108 γηραιὸν,
355 2072 386 2098 τὸ
402 2071 497 2107 σχῆμα
514 2071 561 2097 καὶ
577 2070 627 2105 τὴν
643 2069 739 2105 στολὴν
760 2069 843 2104 ἱερέα,
863 2078 913 2097 πο-

119 2121 216 2156 τήριον
233 2118 367 2154 σωτηρίου
379 2118 457 2152 χερσὶ
469 2117 630 2152 κατέχοντα,
645 2116 742 2142 εὐωδία
753 2124 782 2142 τε
795 2114 912 2150 κατέσχε

120 2165 168 2191 τὸν
184 2165 274 2190 τόπον.
294 2163 372 2189 Καὶὸ
386 2163 480 2197 φανεὶς
497 2162 551 2188 τῶν
562 2162 704 2197 ἁχράντων
720 2161 800 2188 οἱονεὶ
812 2169 913 2196 μυστη-

949 244 991 270 nis
1001 247 1122 270 moratus
1137 242 1236 268 fuerat.
1256 240 1359 274 Volupe
1374 238 1420 266 hic
1432 243 1491 265 erat
1504 237 1595 265 studia
1609 241 1731 271 spectare

949 289 1083 323 cujusque
1119 287 1307 323 prazsentium,
1346 285 1486 320 praecipue
1515 281 1734 311 ministrantium

950 333 1046 366 altari;
1060 333 1121 361 aliis
1136 337 1262 360 sanctum
1278 340 1294 359 a
1321 336 1397 359 terra
1427 329 1646 360 sublevantibus,
1671 327 1734 354 aliis

950 379 1113 407 vestimenta
1126 383 1237 414 tangere
1253 377 1442 413 cupientibus,
1464 376 1603 411 plerisque
1620 373 1735 409 propius

951 426 1118 461 propiusque
1138 425 1234 452 adesse
1244 423 1419 456 conantibus,
1448 421 1575 449 omnibus
1598 420 1676 454 quasi
1692 427 1735 446 ra-

952 476 1010 499 tum
1024 470 1200 502 habentibus,
1217 470 1280 505 plus
1290 467 1493 496 benedictionis
1504 467 1639 494 relaturos
1662 465 1735 494 illos.

952 515 998 551 qui
1010 516 1072 550 plus
1089 514 1173 542 studii
1195 514 1388 541 contulissent.

988 561 1031 588 45.
1047 560 1146 587 Beatus
1161 560 1254 594 itaque
1274 559 1404 594 Symeon,
1425 561 1502 585 stans
1528 565 1610 591 super
1631 557 1738 584 colum-

953 616 1028 640 nam,
1040 614 1128 635 annos
1143 611 1205 634 octo
1219 605 1323 633 ibidem
1340 603 1520 640 perduravit,
1540 603 1579 630 uti
1591 610 1738 638 progressu

955 654 1086 688 deinceps
1095 652 1228 680 orationis
1238 651 1384 679 docebitur
1395 660 1402 678 :
1411 651 1531 678 Joannes
1541 654 1742 682 autem,quam-

956 700 997 727 vis
1010 703 1106 734 pactus
1121 705 1184 726 eum
1197 698 1332 733 Symeone
1350 700 1433 728 esset,
1453 695 1629 722 adhaesurum
1657 701 1685 720 se
1703 693 1740 719 illi

957 753 1065 780 semper
1077 743 1229 779 spiritualis
1242 743 1353 770 vinculo
1371 739 1585 776 coniunctionis,
1612 742 1641 766 et
1666 738 1742 765 nullo

958 799 1080 826 unquam
1096 795 1218 824 tempore
1231 792 1388 824 separatum
1405 787 1439 814 iri
1447 807 1458 824 _,
1475 785 1658 813 nihilominus
1669 784 1742 819 quod

925 855 944 883 Β
958 836 1036 864 suavi
1050 840 1162 870 aspectu
1178 835 1261 868 illius,
1269 834 1362 869 gratia:
1370 833 1472 861 divina:
1482 832 1586 866 copiam
1597 830 1743 865 prodente,

961 878 972 883 -
1007 878 1013 883 .
1078 878 1096 883 ..
1193 878 1211 883 ..
1283 881 1287 883 _
1382 876 1389 883 .
1421 880 1425 883 .
1535 874 1556 883 .,
1586 873 1743 883 ωειλ-η.

960 878 1014 905 l'rui
1024 878 1113 906 oculis
1127 886 1183 906 non
1193 878 1301 910 liceret,
1312 876 1464 912 angebatur
1478 874 1571 906 corde,
1581 873 1748 907 dolebatque

961 929 1114 960 tantopere,
1130 928 1160 952 ut
1174 924 1201 951 in
1215 924 1350 959 lacrymas
1364 921 1590 957 conspicuasnon
1605 928 1669 947 raro
1685 927 1749 954 pro-

961 976 1110 1008 rumperet.
1127 972 1234 1000 [nterea
1248 971 1382 999 virtutum
1398 969 1488 998 studia
1504 968 1633 1004 Symeoni
1661 967 1688 993 in
1702 974 1749 994 co—

961 1019 1054 1046 lumna
1069 1020 1172 1054 majora
1185 1021 1265 1045 erant
1277 1016 1434 1052 prioribus:
1447 1015 1647 1042 incrementum
1659 1013 1750 1047 capie-

960 1066 1007 1093 bat
1015 1065 1208 1097 mansuetudo,
1217 1059 1381 1100 augeScebat
1388 1061 1564 1097 compunctio
1573 1059 1675 1091 cordis,
1685 1058 1751 1085 ube-

961 1111 1049 1139 riores
1059 1111 1182 1139 ﬂuebant
1192 1111 1320 1146 lacrynm
1332 1109 1487 1144 pluviarum
1499 1107 1615 1134 imbrem
1628 1105 1749 1135 imitatae,

961 1157 1056 1192 lingua
1073 1158 1101 1184 in
1116 1155 1299 1185 decantandis
1309 1155 1365 1183 Deo
1375 1153 1485 1191 hymnis
1500 1152 1571 1180 nihil
1587 1150 1677 1179 beatis
1687 1150 1750 1178 coeli

961 1203 1108 1238 spiritibus
1130 1201 1311 1230 concedebat.

996 1249 1042 1277 M.
1057 1249 1097 1277 Ne
1116 1253 1220 1282 autem,
1236 1248 1277 1276 uti
1291 1247 1406 1280 dicitur,
1419 1245 1552 1282 glorietur
1567 1243 1657 1271 omnis
1674 1250 1750 1273 caro,

962 1303 1024 1331 qua:
1030 1295 1086 1331 jam
1096 1294 1131 1322 ad
1142 1294 1169 1321 id
1180 1293 1269 1322 aetatis
1278 1293 1415 1329 pervenit,
1425 1296 1457 1319 ut
1467 1289 1646 1326 procreandis
1656 1287 1751 1315 liberis

963 1346 1026 1376 apta
1044 1341 1100 1373 sit,
1120 1340 1224 1368 bellum
1244 1340 1374 1376 Symeoni
1388 1338 1504 1369 Satanas
1516 1336 1682 1364 acerrimum
1709 1334 1752 1361 in-

963 1388 1044 1420 dixit,
1055 1394 1141 1422 usque
1153 1386 1222 1414 adeo
1234 1391 1267 1413 ut
1276 1389 1360 1413 noctu
1371 1385 1454 1413 etiam
1465 1382 1612 1412 dormienti
1625 1388 1681 1408 non
1693 1380 1752 1407 leve

964 1433 1118 1469 periculum
1140 1436 1261 1460 tentator
1282 1435 1399 1459 crearet.
1427 1427 1683 1459 Verumenimvero,
1711 1429 1749 1451 ta-

964 1479 1045 1508 metsi
1060 1486 1111 1514 per
1125 1478 1193 1506 illud
1208 1482 1317 1512 tempus
1331 1484 1428 1505 somno
1444 1474 1631 1504 succubuerat
1641 1479 1752 1506 corpus,

923 1537 945 1569 ρ
965 1526 1056 1554 anima
1071 1525 1254 1553 nihilominus
1266 1523 1406 1560 vigilabat,
1419 1526 1512 1550 erecta
1522 1527 1631 1555 semper
1643 1523 1753 1552 tamque

962 1576 1066 1600 attenta
1078 1571 1163 1600 rebus
1173 1571 1243 1604 suis,
1256 1575 1287 1598 ut
1298 1578 1354 1597 non
1366 1569 1449 1600 modo
1462 1567 1532 1595 nihil
1548 1566 1612 1594 inde
1623 1564 1754 1593 motionis

958 1616 1114 1644 libidinosa:
1124 1620 1275 1652 pateretur,
1285 1622 1383 1642 verum
1392 1613 1473 1641 etiam
1483 1619 1599 1640 excusso
1609 1609 1752 1638 confestim

959 1670 1056 1690 somno
1066 1666 1183 1690 moestus
1195 1665 1277 1697 atque
1291 1659 1526 1696 lacrymabundus
1543 1658 1640 1685 facient
1654 1662 1754 1691 percu-

960 1711 1043 1739 teret,
1063 1710 1146 1741 atque
1162 1705 1200 1733 ita
1216 1712 1311 1733 secum
1330 1705 1388 1739 ipse
1404 1705 1602 1731 lamentaretur
1617 1710 1624 1728 :
1638 1701 1684 1729 Vae
1701 1699 1755 1726 mi—

959 1759 1021 1779 sero
1030 1751 1109 1785 mihi,
1123 1759 1205 1787 quam
1215 1758 1301 1786 prope
1309 1759 1332 1785 ,a
1349 1750 1454 1778 scelere
1470 1748 1562 1776 abfuit
1577 1755 1659 1783 quam
1685 1753 1754 1781 pene

961 1798 1097 1826 indictum
1108 1797 1175 1825 mihi
1185 1797 1286 1825 vulnus
1298 1797 1359 1829 l‘uit,
1372 1796 1417 1824 cui
1425 1803 1476 1823 nec
1487 1794 1623 1827 medicus,
1635 1801 1686 1821 nec
1699 1801 1753 1822 ars.

960 1851 1014 1872 nec
1024 1844 1214 1879 pharmacum,
1224 1851 1276 1870 nec
1285 1842 1358 1870 aliud
1367 1841 1504 1877 quidlibet
1514 1840 1614 1868 aﬁ‘erre
1622 1848 1701 1875 opem
1715 1839 1755 1866 ul—

961 1889 1014 1916 lam
1027 1889 1181 1924 potuissetl
1198 1888 1233 1916 At
1249 1888 1311 1922 tibi,
1329 1887 1444 1915 Domine
1459 1891 1487 1914 et
1503 1886 1630 1914 Salvator
1646 1886 1752 1913 anima-

962 1942 1023 1962 rum
1038 1938 1208 1966 nostrarum,
1223 1932 1272 1960 tibi
1289 1932 1343 1960 soli
1357 1939 1454 1960 renum
1470 1939 1501 1958 ac
1511 1930 1638 1958 cordium
1649 1934 1753 1957 scruta-

964 1980 1018 2007 tori
1035 1980 1151 2015 supplex
1166 1979 1279 2011 accedo,
1299 1979 1431 2013 detegens
1444 1977 1633 2004 inﬁrmitatem
1648 1983 1754 2007 meam;

963 2025 1094 2061 quoniam
1108 2030 1137 2052 tu
1151 2029 1180 2052 et
1197 2024 1324 2052 misereri
1339 2023 1463 2051 omnium
1477 2023 1561 2054 soles,
1576 2026 1605 2049 et
1626 2021 1754 2048 medicari

963 2072 1093 2100 omnibus
1101 2075 1189 2107 potes.
1208 2071 1289 2098 Hisce
1304 2070 1399 2102 ﬁnitis,
1412 2077 1477 2097 ecce
1491 2069 1592 2096 iterum
1608 2068 1756 2104 quemdam

963 2118 1099 2153 conspicit
1124 2119 1157 2146 ad
1179 2126 1208 2146 se
1222 2117 1434 2146 descendentem
1450 2117 1485 2144 ab
1506 2117 1620 2148 aethere,
1640 2123 1757 2143 venera-

964 2165 1047 2192 bilem
1059 2164 1159 2198 forma,
1170 2164 1270 2192 canitie
1296 2164 1486 2199 conspicuum,
1502 2163 1594 2198 specie
1610 2166 1694 2197 atque
1709 2161 1758 2189 ha-

122 2210 190 2245 ρίων
214 2208 252 2244 τῷ
278 2207 390 2243 Συμεὼν
407 2209 586 2242 κοινωνήσας,
608 2207 758 2241 Ἀνδρίςου,
774 2207 821 2233 καὶ
843 2215 908 2242 κρα-

966 2211 1025 2238 bitu
1039 2210 1222 2243 sacerdotem,
1234 2209 1348 2237 calicem
1360 2209 1534 2237 salutiferam
1547 2208 1675 2236 manibus
1686 2216 1757 2243 prae-

122 2254 269 2286 ταιούσθω,
294 2254 387 2289 φησὶν,
405 2254 422 2289 ἡ
444 2254 542 2289 καρδία
559 2261 623 2280 σου·
648 2254 697 2288 οὐχ
717 2253 840 2288 ὐποπέσῃ
859 2253 914 2289 γὰρ

123 2297 258 2324 ἐνυπνίων
276 2297 426 2331 ἐνεργείαις
448 2297 550 2329 οὐκέτι,
563 2298 686 2334 φυλακὴν
700 2300 746 2326 ἐπὶ
761 2301 794 2335 τῇ
812 2300 915 2329 ἀνωθεν

124 2340 213 2367 ἐλπίδι
223 2342 312 2368 πᾶσαν
323 2341 372 2376 τῆς
386 2341 482 2368 ἑαυτοῦ
499 2342 610 2377 καρδίας
621 2342 761 2377 τιθέμενος
771 2353 779 2360 ·
794 2344 808 2370 ὃ
823 2346 916 2372 τοσοῦ-

123 2396 170 2413 τον
189 2388 235 2414 ἐπὶ
261 2388 354 2414 πένθει
379 2388 476 2419 πένθος
495 2387 533 2423 τῷ
548 2388 659 2423 Συμενέον
676 2390 861 2425 προστίθησιν,
876 2392 915 2424 ὡς

123 2430 172 2457 ὲπί
186 2440 259 2462 τινας
273 2432 380 2466 ἡμέρας
395 2432 475 2467 ἄχρις
489 2432 601 2468 ἑννάτης
614 2432 688 2468 ὥρας
719 2435 787 2469 μηδὲ
797 2436 847 2470 τὴν
865 2436 912 2462 θυ-

125 2477 186 2512 ρίδα
199 2478 322 2504 ὁπωσοῦν
339 2479 525 2513 παρανοίγειν,
543 2480 601 2506 ἀλλ’
616 2480 737 2515 ἀκριϐῶς
755 2482 839 2514 αὐτὴν
852 2483 913 2510 ἐπι-

123 2521 321 2558 κεκλεισμένην
329 2524 490 2559 ἀνομίλητον
502 2526 657 2552 παντάπασι
668 2526 814 2561 διαμένειν,
825 2529 913 2561 ἑαυτῷ

125 2567 200 2601 μόνῳ
214 2568 260 2594 καὶ
273 2568 332 2603 θεῷ
344 2570 623 2605 προσαδολεσχοῦντα.
713 2556 719 2561 ”
809 2556 813 2561 1
899 2556 904 2566 Δ

966 2257 1102 2285 ferentem
1114 2265 1120 2283 :
1131 2257 1264 2291 locusque
1275 2256 1354 2283 suavi
1365 2255 1460 2283 odoris
1471 2255 1621 2290 fragrantia
1637 2255 1759 2290 repletus

967 2307 1037 2330 erat.
1055 2303 1089 2330 Et
1107 2303 1140 2335 is,
1157 2302 1204 2337 qui
1220 2302 1381 2337 apparebat,
1399 2301 1569 2331 intemerata
1585 2306 1759 2329 sacramenta

967 2348 1095 2385 Symeoni
1110 2349 1315 2376 communicare
1326 2349 1402 2376 visus
1413 2357 1420 2375 :
1433 2348 1567 2381 Vitiliter,
1582 2347 1682 2382 inquit,
1697 2355 1758 2382 age,

967 2398 996 2422 et
1014 2394 1186 2422 eonfortetur
1201 2402 1254 2422 core
1263 2399 1359 2428 tuum;
1377 2402 1433 2422 non
1459 2394 1623 2422 succumbes
1645 2394 1759 2427 posthac

968 2439 1143 2467 illusionibus
1167 2441 1378 2473 insomniorum,
1402 2441 1425 2468 si
1442 2440 1533 2468 cordis
1549 2440 1588 2467 tui
1604 2440 1758 2467 custodiam

967 2485 1022 2512 Deo
1046 2485 1162 2513 ﬁrmiter
1176 2486 1315 2521 sperando
1336 2486 1517 2514 commiseris.
1534 2486 1588 2513 lies
1609 2485 1655 2512 illa
1671 2485 1758 2520 priori

967 2532 1111 2568 Symeonis
1121 2532 1208 2559 luctui
1226 2533 1396 2567 spiritusque
1412 2532 1573 2560 contritioni
1593 2536 1698 2559 tantum
1712 2532 1760 2558 ad-

967 2577 1037 2605 didit
1047 2578 1260 2610 incrementum,
1267 2581 1297 2604 ut
1305 2577 1403 2605 diebus
1411 2578 1516 2612 aliquot
1524 2577 1557 2605 ad
1566 2578 1662 2605 horam
1671 2585 1757 2612 usque

124 2621 225 2666 nonam
239 2615 384 2666 feriestram
408 2618 484 2666 nullo
499 2618 580 2666 modo
597 2620 762 2655 adaperiret,
779 2625 826 2651 scd
860 2626 929 2656 bene
949 2625 1123 2654 obﬁrmatam
1148 2626 1269 2654 retinens
1296 2626 1370 2654 intus
1397 2627 1455 2661 ipse
1490 2628 1598 2660 lateret,
1626 2635 1759 2656 commer-

122 2662 168 2687 cio
193 2662 268 2687 omni
293 2662 412 2690 humano
435 2664 588 2698 abstinens,
612 2666 719 2701 sibique
741 2669 792 2696 soli
815 2675 843 2697 et
857 2672 912 2700 Deo
932 2680 1043 2699 vacans.

164 2711 215 2742 με’.
240 2707 283 2733 Ἑν
297 2707 383 2743 τούτῳ
397 2709 424 2735 δὲ
441 2710 487 2736 καὶ
502 2710 548 2736 τοῦ
573 2711 695 2738 Ἰωάννου
714 2714 778 2746 τοὺς
793 2716 916 2751 συνήθεις

122 2755 172 2780 ἐπὶ
195 2754 243 2788 τῆς
261 2754 363 2785 οἰκείας
382 2754 485 2788 βάσεως
503 2757 642 2790 μετιόντος
654 2758 773 2792 ἀγῶνας,
789 2760 872 2794 ὑγιῶς
886 2771 915 2788 τε

123 2800 195 2825 κατὰ
220 2799 308 2851 comat.
328 2801 375 2851 καὶ
399 2801 502 2851 ανόπως
528 2802 646 2837 ἔχοντος,
676 2804 837 2840 ἐγγίζουσαν
865 2808 914 2843 ἤδη

126 2845 262 2880 προγνοὺς
284 2845 333 2880 τὴν
347 2846 451 2873 ἐκείνου
469 2847 600 2883 ἐκδημίαν
621 2850 633 2876 ὁ
649 2850 770 2885 Συμεὼν,
785 2852 915 2885 τοιούτοις

1000 2717 1044 2744 45.
1061 2717 1135 2745 [nter
1161 2719 1218 2745 haec
1234 2718 1355 2746 Joannes
1375 2726 1485 2753 quoque
1511 2719 1539 2745 in
1555 2719 1684 2746 columna
1709 2727 1759 2748 sua

965 2770 1113 2791 consuetas
1123 2764 1174 2791 sibi
1184 2764 1395 2792 exercitationes
1404 2769 1516 2792 strenue
1526 2765 1631 2797 obibat,
1642 2772 1760 2800 corpore

968 2810 1038 2836 bene
1053 2817 1147 2842 sanus,
1164 2818 1214 2838 nec
1229 2810 1425 2838 invaletudinis
1436 2811 1490 2838 ulla
1505 2811 1627 2839 sentiens
1641 2811 1758 2839 indicia:

967 2855 1046 2891 cujus
1063 2859 1152 2884 tamen
1166 2856 1337 2892 migrationis
1350 2857 1460 2893 jamjam
1476 2857 1606 2885 instantis
1628 2858 1759 2893 prmscius
