1966 3068
211 143 280 177 3031

784 151 824 183 .S.
846 150 993 180 SYMEON
999 151 1033 180 IS
1050 151 1229 181 JUNIORIS

1755 150 1828 182 3032

200 200 332 229 rec'edere
348 203 448 238 coegit,
469 203 598 230 edoctum
619 212 703 231 vanas
725 200 787 233 esse
808 206 868 241 ejus
890 206 989 235 minas.

1050 207 1106 239 τοὺς
1120 206 1355 242 εὐχαριστηρίους,
1369 206 1393 231 εί
1408 206 1435 232 δὲ
1463 205 1563 240 βούλει,
1580 204 1730 236 ἔπινικίους
1748 213 1833 240 προσ·

201 247 306 275 Deinde
330 248 452 275 suaviter
469 248 496 275 in
511 249 611 276 coelum
627 249 743 277 sublatis
756 251 855 283 oculis,
875 251 990 286 hymnos

201 292 257 320 Deo
269 294 296 320 in
305 294 452 329 gratiarum
464 294 611 327 actionem,
619 300 676 327 aut,
688 296 712 323 si
723 296 760 323 ita
769 297 820 329 vis,
832 297 859 323 in
869 296 991 324 victoria:

203 337 321 365 obtenta:
332 339 633 373 commemorationem,
644 341 754 373 cecinit,
769 349 883 369 accenso
892 341 924 368 ad
939 341 992 368 hoc

202 390 284 409 cereo
295 391 376 417 quem
389 388 505 419 utraque
520 392 602 412 manu
615 386 736 419 tenebat,
756 387 857 422 cuique
871 387 991 422 epinicia

1043 252 1109 286 ἦγεν
1125 252 1225 287 ὕμνους
1237 251 1305 286 Θεῷ,
1319 251 1395 286 φῶτα
1412 251 1527 285 ποιήσας
1546 251 1593 277 καὶ
1613 250 1698 286 κηρὸν
1713 251 1832 287 ἑκατέρᾳ

1044 298 1115 332 χειρὶ
1127 298 1260 332 κατέχων,
1273 294 1313 328 οἷς
1329 297 1490 332 συνεμέτρει
1510 297 1555 323 τὸν
1570 297 1712 324 ἐπινίκιον·
1732 298 1763 323 οὐ
1779 297 1832 332 γαρ

1045 344 1177 378 πρότερον
1193 344 1210 378 ἡ
1226 343 1334 376 γλῶττα
1355 343 1410 369 τῶν
1432 342 1524 378 ὓμνων
1548 343 1681 376 πέπαυτο,
1702 343 1755 374 ἓως
1777 345 1832 374 τοῖς

1046 390 1141 423 κηροῖς
1154 389 1278 415 καυοείσι
1296 389 1326 415 τὸ
1339 389 1396 423 φῶς
1411 389 1534 416 ἐσὸεστο.

201 437 251 456 sua
261 431 581 465 commensurabatmon
594 433 667 460 enim
679 434 756 468 prius
766 434 891 462 cessabat
909 441 924 461 a
954 440 1034 462 cantu
1050 436 1153 471 lingua,
1169 444 1251 471 quam
1268 441 1431 471 consumpta
1464 444 1528 463 cera
1558 437 1651 464 lumen
1673 437 1834 472 exstingue-

202 479 291 503 retur.

236 521 280 548 49.
297 521 403 550 Interea
418 525 547 558 temporis
559 524 664 559 (verum
677 534 738 560 qua:
753 527 842 554 oratio
860 537 915 561 res,
929 537 990 557 om—

202 569 230 596 ni
257 570 415 604 eloquentia
442 571 612 605 superiores,
635 573 774 607 explicet?
796 582 840 601 me
855 581 930 603 certe
954 575 987 602 ad

203 615 304 642 nudam
317 616 424 643 illarum
445 618 605 644 memoriam
621 622 725 646 tremor
742 621 882 655 occupat),
904 621 990 648 inter-

202 669 245 694 ea,
269 662 390 696 inquam,
417 662 494 690 videt
511 664 647 691 orientem
676 672 770 691 versus
792 669 917 700 apertum
932 674 991 693 cce-

202 708 260 734 lum
278 713 305 735 et
320 707 387 735 inihi
411 708 557 736 Dominum
581 714 704 736 nostrum
721 709 812 737 Jesum
830 710 989 738 Christum:

202 752 349 780 videbatur
362 757 454 780 autem
468 754 554 780 veluti
569 754 689 781 circulus
700 755 810 789 quidam
824 763 857 782 ex
876 755 988 788 electro,

203 799 290 826 multo
314 798 417 826 lumine
436 802 463 826 et
483 798 591 826 flamma
618 799 853 834 rutilante,ipsum
867 800 988 833 ambire;

202 843 368 871 videbantur
386 847 414 870 et
434 843 590 878 archangeli
618 843 732 870 Michael
758 847 840 878 atque
865 843 987 876 Gabriel,

1083 529 1136 564 μθ’,
1161 528 1204 555 Ἐν
1213 527 1334 562 τοσούτῳ
1351 528 1379 554 δὲ
1395 529 1445 563 ὁρᾷ
1460 528 1538 562 (ἀλλὰ
1550 527 1609 559 πῶς
1625 528 1657 555 ἃν
1671 529 1706 554 τὰ
1718 529 1836 564 κρείττω

1045 573 1124 607 λόγου
1144 573 1222 607 λόγος
1234 574 1374 609 γνωρίσειε
1390 581 1397 605 ;
1413 573 1498 608 φρίκη
1513 574 1567 608 γάρ
1591 582 1624 608 με
1640 575 1686 601 καὶ
1699 575 1768 609 πρὸς
1785 575 1835 609 τὴν

1045 618 1155 651 μνήμην
1168 616 1342 652 εἰσέρχεται),
1353 617 1403 652 ὁρᾷ
1416 617 1514 649 τοίνυν,
1525 618 1572 643 καὶ
1589 617 1641 644 ἰδοὺ
1653 618 1774 653 ἀνέῳκτο
1785 619 1837 653 μὲν

1043 661 1073 694 ἐξ
1087 662 1224 688 ἀνατολῶν
1241 663 1255 688 ὁ
1271 662 1394 697 οὐρανὸς,
1414 662 1461 688 καὶ
1479 663 1492 688 ὀ
1508 662 1609 698 Κύριος
1628 663 1705 697 ἡμῶν
1725 664 1768 689 ἐπ’
1785 664 1838 690 αὐ-

1043 706 1089 733 τοῦ
1105 706 1221 741 Χριστὸς
1248 707 1261 733 ὁ
1282 706 1363 738 Θεόςι
1382 707 1476 741 ὅρασις
1496 707 1524 733 δὲ
1544 707 1580 738 ὡς
1593 707 1726 742 ἠλέκτρου
1743 707 1838 742 κύκλῳ

1047 752 1112 786 περὶ
1134 751 1215 778 αὑτὸν
1234 751 1263 777 ὲν
1284 752 1353 786 φωτὶ
1369 751 1417 778 καὶ
1428 753 1495 787 πυρὶ⁸
1512 751 1708 786 στρεφομένου,
1725 752 1838 787 Μιχαὴλ

1043 805 1073 822 τε
1099 798 1147 823 καὶ
1171 797 1291 833 Γαϐριὴλ
1315 797 1339 823 οἱ
1367 797 1420 824 τῶν
1451 798 1536 831 ἁγίων
1553 797 1677 831 ἀγγέλων
1693 797 1807 833 πρῶτοι,
1824 799 1838 824 ὁ

1044 842 1092 877 μὲν
1106 843 1138 868 ὲκ
1148 842 1242 875 δεξιῶν
1257 843 1362 878 πράως,
1375 844 1389 870 ὁ
1400 843 1422 870 δ’
1438 844 1468 876 ἐξ
1486 844 1638 879 ἀριστερῶν
1650 844 1836 880 παρεστῶτες,

203 889 309 924 placide
330 897 345 915 a
364 889 484 916 dexteris
508 889 589 920 alter,
613 888 682 915 alter
704 895 718 914 a
748 888 869 915 sinistris
891 889 994 916 consti-

1050 887 1074 914 τό
1087 895 1116 914 τε
1128 887 1182 914 τῶν
1196 888 1315 922 νεφελῶν
1330 888 1431 924 πλῆθος
1445 889 1591 916 ὑποπόδιον
1609 889 1690 916 αὑτοῦ
1708 889 1838 924 καθάπερ

204 934 276 967 tuti;
300 934 467 962 videbantur
495 934 614 968 denique
646 934 734 961 nubes
763 933 905 968 plurimae,
934 942 995 969 quae

205 985 285 1007 erant
295 981 501 1015 suppedaneum
514 979 587 1006 illius
600 980 824 1014 apparebantque
835 980 920 1006 veluti
934 980 995 1014 pul-

206 1026 248 1053 vis
272 1026 373 1060 pedum
399 1026 469 1061 ejus.
494 1025 644 1052 Confestim
670 1025 753 1060 igitur
782 1024 911 1060 Symeon,
938 1033 995 1052 ma-

206 1070 289 1097 nibus
314 1071 470 1105 mentisque
494 1071 584 1097 oculis
609 1070 732 1101 elevatis,
751 1070 882 1097 adorabat
906 1071 993 1103 illum,

205 1116 254 1151 qui
280 1116 332 1144 sibi
351 1116 510 1151 apparebat,
530 1120 560 1143 ut
583 1116 659 1150 juxta
680 1116 883 1150 beneplacitum
910 1115 996 1150 ipsius

205 1165 313 1191 fructus
332 1164 414 1191 utiles
438 1163 466 1190 in
490 1171 519 1190 se
539 1163 778 1198 progigncrcntur.
803 1162 873 1195 Quid
888 1163 921 1190 ad
937 1163 995 1190 haec

206 1210 263 1242 ille,
277 1209 323 1244 qui
335 1209 520 1244 gloriﬁcantes
531 1216 559 1235 se
570 1207 724 1243 gloriﬁcare
741 1207 839 1234 solitus
850 1211 892 1234 est
907 1214 996 1242 quan-

209 1260 378 1289 tumcunque
405 1253 617 1289 supereminens
639 1252 732 1280 Deus?
753 1252 850 1287 Digitis
879 1251 997 1279 innuens

206 1305 249 1327 ter
274 1300 438 1336 Symeonem
470 1299 588 1334 signavit
610 1307 617 1325 :
641 1303 724 1332 atque
750 1305 814 1325 ecce
846 1298 994 1330 daemones,

207 1349 336 1380 tanquam
354 1351 498 1379 caprarum
515 1350 720 1378 porcorumque
740 1349 847 1377 greges,
864 1344 947 1376 super
958 1341 998 1368 fa-

207 1391 278 1418 ciem
301 1395 381 1417 terrae
400 1390 507 1425 (contra
538 1397 609 1424 quos
637 1389 699 1416 data
721 1388 849 1424 Symeoni
876 1392 997 1422 potestas

207 1435 271 1466 fuit,
287 1440 314 1462 et
329 1435 356 1462 in
371 1433 606 1462 conﬁrmationem
621 1433 765 1469 potestatis
782 1432 856 1467 virga
870 1431 898 1458 in
914 1439 997 1459 manu

1045 942 1086 964 τις
1104 934 1240 969 κονιορτὸς
1254 935 1342 961 ποδῶν
1362 935 1456 964 αὑτοῦ.
1470 935 1571 970 Χεῖρας
1586 935 1731 971 τοιγαροῦν
1751 937 1765 962 ὁ
1784 937 1838 962 Συ-

1047 979 1120 1014 μεὼν
1142 979 1240 1006 αὐτίκα
1265 980 1311 1006 καὶ
1332 980 1445 1015 ὄμματα
1466 980 1580 1015 καρδίας
1605 981 1735 1013 πετάσας,
1752 981 1839 1007 ἐδεῖτο

1045 1024 1093 1051 τοῦ
1109 1025 1246 1059 ὀφθέντος,
1259 1025 1323 1052 ὥστ’
1336 1025 1480 1061 εὐδοκῆσαι
1493 1026 1615 1062 καρποὺς
1627 1026 1746 1060 ἀγαθοὺς
1761 1027 1837 1061 αὐτῷ

1046 1071 1078 1098 δι’
1093 1071 1176 1097 αὐτοῦ
1188 1071 1387 1106 προσαχθῆναι.
1399 1071 1432 1098 Τί
1444 1070 1491 1098 οῦν
1509 1072 1627 1098 ἐνταῦθα
1639 1081 1645 1105 ;
1668 1072 1697 1099 '0
1711 1073 1775 1104 τοὺς
1794 1073 1838 1099 δο-

1047 1116 1176 1149 ξάζοντας
1188 1116 1269 1143 αὐτὸν
1278 1117 1461 1150 ἀντιδοξὰζειν
1475 1117 1552 1149 εἰδὼς
1566 1118 1614 1145 καὶ
1627 1118 1717 1152 πολλῷ
1730 1118 1770 1152 τῷ
1787 1118 1838 1152 μέ-

1049 1171 1088 1197 σῳ
1101 1162 1178 1196 Θεὸς,
1193 1163 1291 1194 νεύσας
1303 1164 1359 1195 τοῖς
1373 1163 1516 1195 δακτύλοις
1531 1164 1680 1199 ἐσφράγισε
1695 1164 1774 1199 τρίς·
1790 1164 1839 1191 καὶ

1050 1207 1105 1233 ίδοὺ
1129 1208 1152 1233 οἱ
1170 1207 1305 1242 δαίμονες,
1326 1208 1421 1243 ὥσπερ
1447 1209 1533 1243 αίγῶν
1554 1210 1600 1236 καὶ
1621 1209 1720 1246 χοίρων
1739 1209 1839 1244 βοσκή-

1051 1261 1123 1288 ματα
1139 1254 1185 1279 ἐπὶ
1200 1255 1345 1289 πρόσωπου
1359 1255 1408 1289 τῆς
1424 1255 1476 1289 γῆς
1494 1255 1613 1287 (ἐξουσία
1627 1264 1657 1282 τε
1678 1255 1738 1281 κατ’
1749 1255 1841 1281 αὐτῶν

1049 1299 1087 1334 τῷ
1101 1299 1213 1335 Συμεὼν
1229 1300 1359 1336 δεδομένη
1374 1301 1470 1336 ῥάϐδος
1486 1310 1515 1328 τε
1530 1302 1574 1328 διὰ
1589 1302 1680 1337 χειρὸς
1700 1302 1776 1336 αὺτῷ
1795 1302 1841 1334 βε-

1049 1344 1162 1371 ϐαιοῦσα
1185 1345 1235 1380 τὴν
1256 1345 1402 1381 ἐξουσίαν),
1417 1347 1466 1373 καὶ
1487 1347 1598 1382 φεύγειν
1617 1348 1716 1374 ἐκεῖνοι
1739 1347 1841 1379 πάντες

1049 1389 1172 1423 ἀγεννῶς
1203 1390 1372 1426 ὡρμημένοι,
1397 1392 1446 1418 ὅσα
1471 1400 1502 1417 τε
1523 1392 1625 1424 καπνὸς
1650 1392 1666 1427 ἢ
1694 1392 1759 1427 χοῦς
1786 1391 1842 1418 ἀπὸ

1051 1435 1198 1469 προσώπου
1214 1436 1296 1462 αὑτοῦ
1312 1437 1495 1469 ἐκλείποντες.

206 1481 289 1516 ejus),
301 1487 398 1507 omnes
413 1479 537 1507 imbelles
552 1479 628 1511 facti,
644 1478 718 1506 illico
736 1478 764 1505 in
783 1477 873 1514 fugam
903 1485 932 1504 se
965 1479 1182 1515 praecipitabant,
1201 1481 1286 1509 veluti
1309 1481 1401 1510 fumus
1435 1486 1483 1510 aut
1513 1483 1604 1518 pulvis
1622 1491 1637 1510 a
1665 1483 1734 1511 facie
1751 1483 1841 1511 sancti

209 1525 381 1554 deﬁcientes.

244 1573 288 1600 50.
304 1571 445 1599 Visionem
465 1571 536 1599 hanc
558 1579 606 1598 sua
622 1578 732 1606 quoque
750 1570 881 1598 miracula
902 1577 997 1598 conse-

1085 1576 1118 1600 v’.
1133 1573 1172 1608 Τῇ
1190 1572 1250 1607 δψει
1265 1572 1355 1599 τοίνυν
1368 1572 1455 1608 ταύτῃ
1467 1573 1513 1599 καὶ
1530 1573 1564 1600 τὰ
1580 1573 1708 1609 θαύματα
1724 1575 1842 1609 ἠκολού-

209 1623 274 1647 cuta
294 1621 377 1650 sunt;
393 1625 456 1644 nam
472 1621 609 1652 quotquot
625 1617 705 1644 malis
728 1616 872 1652 spiritibus
887 1620 934 1643 aut
946 1616 998 1643 alia

209 1663 305 1700 quavis
317 1663 481 1699 aegritudine
492 1662 582 1690 vexati
593 1662 626 1690 ad
639 1662 802 1697 Symeonem
812 1666 997 1694 accesserunt,

207 1710 319 1738 liberati
334 1709 451 1744 quisque
474 1708 546 1735 malo
576 1716 626 1736 suo
646 1707 751 1735 reversi
773 1712 846 1735 sunt.
863 1707 1001 1735 Viderunt

208 1756 292 1784 etiam
308 1759 335 1783 et
345 1759 456 1783 sanctus
468 1754 537 1789 ipse,
550 1758 578 1782 et
592 1754 685 1788 plures
699 1752 756 1786 alii,
769 1753 871 1787 quibus
884 1761 916 1780 ea
938 1761 1000 1788 gra—

210 1805 247 1832 tia
263 1811 394 1831 concessa
416 1803 479 1835 fuit,
503 1807 559 1830 tres
575 1803 687 1837 angelos
698 1802 764 1835 ‘Dei,
790 1810 907 1837 quorum
931 1803 1001 1829 alter

209 1851 244 1878 ad
262 1851 414 1880 dexteram,
431 1848 500 1875 alter
514 1848 548 1874 ad
565 1848 716 1880 sinistram,
736 1847 836 1875 tertius
852 1855 923 1882 pone
943 1852 1001 1875 ter-

211 1904 274 1931 gum
294 1894 438 1930 SymeOnis
451 1898 565 1926 stantes,
587 1897 770 1920 atramentum
783 1894 912 1926 manibus
927 1898 1002 1921 tene-

211 1942 294 1973 bant;
315 1944 342 1967 ct
353 1939 400 1974 qui
415 1939 560 1966 sanitatem
584 1939 762 1966 consecuturi
782 1943 873 1971 erant,
887 1939 1001 1974 jubente

211 1990 317 2018 sancto,
330 1985 406 2012 velut
418 1985 445 2012 in
461 1984 588 2016 sindone,
605 1984 662 2019 ipsa
673 1984 736 2011 nive
748 1984 919 2016 candidiore,
935 1984 1003 2012 scri-

212 2032 348 2059 bebantur
363 2037 472 2065 :neque
486 2030 585 2065 singuli
596 2034 714 2063 tantum,
730 2029 777 2057 sed
793 2037 875 2065 quam
891 2030 1002 2064 plurimi

211 2077 294 2104 etiam
304 2076 396 2109 simul,
405 2076 451 2111 qui
459 2076 555 2103 salutis
563 2076 836 2108 causafacccsscrant,
847 2075 1003 2103 referebant

213 2122 366 2150 obtentam.
385 2121 452 2149 Nam
471 2121 550 2148 multi
573 2121 721 2156 aliquando
737 2129 752 2148 a
765 2121 938 2149 daemonibus
959 2121 1004 2148 in-

212 2168 291 2200 sessi,
301 2175 424 2203 spumam
435 2175 483 2195 ore
494 2167 654 2202 ejectantes,
666 2167 830 2203 Symeonem
841 2167 1002 2199 adiverunt;

196 2214 259 2254 _qui
271 2213 410 2249 impressit
421 2213 537 2248 singulis
545 2213 664 2240 salutare
677 2213 767 2240 crucis
779 2213 885 2247 signum
895 2212 1004 2247 ;jussit-

1049 1619 1100 1651 θει,
1112 1619 1159 1645 καὶ
1170 1618 1270 1650 πάντες
1281 1619 1338 1645 ὅσοι
1352 1618 1490 1653 πνεύμασι
1502 1620 1640 1654 πονηροῖς,
1653 1620 1670 1654 ἢ
1686 1620 1733 1646 καὶ
1749 1620 1842 1654 ἄλλοις

1049 1664 1147 1691 πὰοεσι
1166 1665 1315 1699 κάμνοντες
1334 1664 1431 1699 ἐκείνῳ
1448 1663 1615 1699 προσῄεσαν,
1635 1664 1772 1701 ἐλεύθεροι
1786 1666 1837 1693 τοῦ

1049 1710 1196 1742 λυποῦντος
1217 1710 1331 1741 ἕκαστος
1347 1709 1510 1744 ἐπανῄεσαν.
1534 1710 1673 1745 Ἐωρῶντο
1688 1711 1743 1746 γὰρ
1763 1712 1839 1747 αὐτῷ

1048 1764 1078 1782 τε
1093 1755 1131 1790 τῷ
1153 1755 1246 1790 Ἀγίῳ,
1262 1755 1310 1782 καὶ
1338 1755 1444 1786 πολλοῖς
1465 1756 1522 1781 ὅσοι
1545 1755 1593 1782 καὶ
1612 1756 1724 1783 τοιαῦτα
1739 1756 1844 1793 δηλαδὴ

1051 1801 1160 1837 βλέπειν
1181 1801 1295 1835 ἠξίωντο
1311 1819 1318 1832 ,
1341 1801 1453 1835 ἄγγελοι
1476 1802 1578 1837 Κυρίου
1601 1803 1685 1837 τρεῖς,
1708 1803 1722 1829 ὀ
1738 1802 1790 1837 μὲν
1811 1804 1845 1830 ὲκ

1050 1847 1154 1880 δεξιῶν,
1170 1846 1262 1881 ἕτερος
1276 1846 1300 1873 δ’
1319 1846 1349 1879 ἐξ
1366 1847 1523 1882 εὐωνύμων,
1546 1848 1570 1874 οἱ
1590 1847 1613 1874 δ’
1630 1848 1740 1875 ὄπισθεν
1757 1850 1844 1876 ἑστῶ·

1051 1902 1097 1925 τες
1113 1893 1159 1919 τοῦ
1179 1892 1303 1928 Συμεὼν,
1320 1893 1349 1919 τό
1371 1902 1400 1919 τε
1424 1893 1509 1928 μέλαν
1526 1894 1618 1925 αὐτοῖς
1632 1893 1661 1920 ὲν
1675 1897 1776 1930 χεροῖν,
1794 1896 1844 1922 καὶ

1051 1937 1106 1964 τῶν
1122 1937 1231 1972 ἰαθῆναι
1248 1937 1398 1972 μελλόντων
1417 1939 1533 1971 ἕκαστος
1546 1939 1592 1966 τοῦ
1608 1939 1685 1972 ἁγίου
1705 1940 1841 1974 λέγοντος,

1052 1983 1089 2015 ὡς
1107 1985 1135 2010 ὲν
1156 1984 1300 2018 σωματείῳ
1310 1985 1462 2020 λευκοτέρῳ
1477 1985 1524 2011 καὶ
1541 1985 1628 2020 χιόνος
1641 1986 1792 2021 ἐγράφετο·
1811 1987 1842 2013 οὐ

1051 2029 1116 2065 καθ’
1131 2030 1179 2056 ’ἐνα
1194 2029 1222 2056 δὲ
1240 2029 1329 2065 μόνον,
1345 2030 1412 2056 ἀλλὰ
1425 2031 1472 2056 καὶ
1488 2031 1557 2057 κατὰ
1575 2030 1676 2066 πλῆθος
1693 2031 1842 2066 θεραπείας

1053 2075 1078 2101 οἱ
1096 2075 1254 2109 προσιόντες
1271 2075 1428 2110 ἐτύγχανον.
1454 2075 1608 2111 Προσῆλοον
1621 2077 1674 2111 γάρ
1692 2085 1757 2102 ποτε
1776 2076 1843 2103 πολ-

1053 2121 1094 2147 λοὶ
1113 2120 1182 2147 κατὰ
1195 2121 1292 2147 ταυτὸν
1304 2121 1495 2155 δαιμονῶντες,
1512 2121 1558 2148 καὶ
1575 2121 1661 2156 ἀφρὸν
1676 2121 1722 2148 τοῦ
1738 2123 1842 2158 στόμα-

1054 2174 1099 2197 τος
1121 2165 1346 2201 παραπτύοντες·
1363 2163 1400 2192 ῶν
1420 2166 1528 2202 ἑκάστῳ
1553 2168 1687 2202 σφραγῖδα
1712 2168 1842 2202 ποιήσας,

1054 2213 1110 2244 τοῖς
1124 2221 1153 2238 τε
1165 2212 1317 2247 πνεύμασιν
1329 2213 1357 2238 ὲν
1372 2212 1482 2247 ὀνόματί
1495 2221 1561 2247 φησι
1573 2212 1618 2239 τοῦ
1630 2212 1694 2239 Υίοῦ
1711 2213 1757 2239 τοῦ
1773 2215 1843 2242 Θεοῦ

212 2267 267 2294 que
284 2259 399 2293 spiritus
414 2258 441 2285 in
454 2258 566 2285 nomine
582 2258 644 2286 Filii
662 2259 721 2290 Dei,
735 2265 784 2292 pro
798 2257 877 2285 nobis
897 2257 924 2284 in
940 2265 997 2284 cru-

1054 2259 1101 2285 τοῦ
1116 2259 1149 2285 δι’
1160 2259 1233 2293 ἡμᾶς
1247 2258 1447 2292 παυρωθέντος
1462 2258 1622 2294 ἀπαλλαγὴν
1640 2260 1842 2294 παραγγείλας,

213 2313 272 2332 cem
290 2304 388 2335 sufﬁxi,
404 2303 468 2331 inde
479 2303 723 2338 facesserezatque
734 2303 783 2336 illi,
795 2303 870 2330 nulla
881 2303 1003 2338 interpo-

213 2351 265 2378 sita
275 2358 361 2382 mora,
374 2350 478 2376 abitum
488 2354 615 2384 parantes
626 2349 797 2384 multumque
809 2348 1001 2381 vociferantes,

213 2397 387 2432 reliquerunt
397 2396 524 2424 homines
535 2396 638 2424 liberos
652 2400 679 2423 et
695 2395 856 2428 incolumes,
874 2403 943 2430 puro
954 2404 1002 2424 ore

212 2443 309 2471 laudes
329 2442 385 2469 Deo
402 2442 585 2469 celebrantes.
612 2441 747 2469 Caeterum
771 2441 819 2476 qui
837 2441 1002 2468 circumsta<

214 2490 282 2516 bant
298 2488 461 2524 Symeonem
475 2488 575 2523 angeli,
594 2487 627 2514 ad
645 2488 777 2515 miracula
797 2491 824 2514 et
841 2487 1002 2514 medicatio-

215 2544 264 2562 ues
286 2543 365 2570 opem
390 2542 468 2562 suam
501 2533 686 2566 conferentes,
719 2533 756 2561 ita
781 2533 834 2567 ipsi
857 2534 1005 2560 astiterunt

213 2582 307 2617 aliquo
320 2585 459 2615 tempore;
474 2580 575 2610 deinde
585 2588 635 2615 pro
649 2587 726 2607 more
750 2579 820 2615 jussi
845 2579 967 2607 scribere
987 2587 1003 2606 a

214 2632 320 2659 sancto,
336 2631 474 2662 negarunt
487 2626 513 2654 id
531 2634 560 2654 se
587 2626 709 2653 facturos
738 2626 930 2661 imposterum,
957 2625 1000 2652 di-

214 2677 323 2701 centes:
342 2672 448 2700 Auctus
461 2680 491 2699 es
504 2672 651 2706 perspicua
671 2670 720 2697 Dei
736 2670 858 2705 potentia
881 2673 909 2696 et
944 2669 1001 2695 vir-

215 2722 289 2744 tute:
300 2721 401 2744 cuncta
409 2716 541 2751 deinceps
559 2721 584 2743 te
601 2715 793 2743 intercedente
811 2714 941 2742 evenient
953 2722 1004 2749 pro

216 2763 270 2790 ﬁde
288 2762 480 2790 accedentium
503 2761 572 2794 tibi;
600 2761 783 2796 patrabuntur
807 2760 938 2788 miracula
956 2768 1005 2795 per

220 2807 421 2840 impositionem
435 2814 564 2834 manuum
581 2811 700 2836 tuarum,
716 2814 763 2840 per
784 2806 930 2832 taetionem
952 2812 1008 2832 me-

221 2851 300 2883 lotrs,
323 2860 371 2887 per
386 2853 520 2881 fimbriam
548 2853 636 2886 sacci,
662 2861 710 2888 per
733 2853 835 2887 virgam
862 2851 1007 2886 palmcam,

1055 2304 1246 2339 ἀπαλλαγῆναι
1255 2304 1426 2339 παραχρῆμα
1434 2303 1646 2339 παρασκευάζει,
1658 2304 1730 2339 μέγα
1738 2303 1845 2339 βοῶντα

1056 2350 1102 2376 καὶ
1116 2349 1200 2383 ὑγιῶς
1213 2348 1323 2384 ἔχοντας
1338 2349 1400 2380 τοὺς
1413 2349 1512 2383 ἄνδρας
1526 2348 1703 2382 ἀπολιπόντα,
1721 2351 1848 2385 νηφαλίῳ

1057 2396 1171 2430 στόματι
1181 2395 1231 2425 τὰς
1242 2394 1360 2425 αῑνέσεις
1375 2393 1421 2420 τοῦ
1437 2393 1504 2420 Θεοῦ
1521 2393 1732 2429 μεγαλύνοντας.
1743 2396 1775 2422 οἱ
1795 2396 1846 2429 μὲν

1055 2440 1101 2468 οὖν
1121 2440 1284 2472 κυκλοῦντες
1297 2440 1377 2466 αὑτὸν
1388 2439 1497 2473 ἄγγελοι
1511 2459 1518 2472 ,
1530 2440 1577 2466 καὶ
1590 2439 1658 2474 πρὸς
1670 2439 1705 2466 τὰ
1715 2439 1848 2474 θαύματα

1055 2486 1161 2517 καὶτὰς
1175 2486 1260 2516 ἰάσεις
1275 2484 1490 2519 διακονούμενοι,
1501 2484 1655 2519 παρέμενον
1667 2484 1755 2516 οὕτως
1770 2486 1848 2520 αὐτῷ

1056 2534 1135 2569 μέχρι
1152 2532 1248 2566 καιροῦ
1259 2540 1266 2547 ·
1285 2529 1344 2557 εἶτα
1358 2531 1428 2558 κατὰ
1438 2530 1468 2557 τὸ
1484 2531 1599 2565 σύνηθες
1614 2530 1706 2562 αὺτοῖς
1721 2532 1847 2564 είπὸντος

1053 2579 1158 2614 γράψαι
1171 2578 1218 2605 τοῦ
1230 2577 1343 2612 Συμεών
1353 2586 1359 2593 ·
1374 2577 1482 2611 Οὐκέτι,
1499 2578 1580 2611 φασιν
1601 2577 1711 2609 ὲκεῖνοι,
1726 2577 1847 2611 γράφειν

1056 2625 1087 2651 οὑ
1101 2625 1137 2660 μὴ
1151 2624 1324 2659 προσθῶμεν·
1338 2622 1469 2659 ηὕξηνται
1481 2622 1535 2657 γὰρ
1547 2623 1576 2648 ὲν
1590 2623 1631 2649 σοὶ
1645 2623 1804 2657 περιφανῶς
1820 2625 1848 2650 αι

1057 2669 1104 2696 τοῦ
1123 2669 1189 2695 Θεοῦ
1207 2669 1371 2699 δυναστεῖαι,
1396 2668 1443 2694 καὶ
1467 2668 1556 2694 πάντα
1580 2667 1651 2702 λόγῳ
1674 2668 1721 2694 καὶ
1731 2668 1847 2703 δυνάμει

1054 2715 1145 2741 λοιπον
1164 2714 1233 2741 κατὰ
1250 2714 1298 2749 τὴν
1311 2714 1366 2740 τῶν
1386 2713 1612 2749 προσερχομένων
1625 2713 1717 2740 πίστιν
1731 2715 1847 2750 γενήσε-

1054 2769 1099 2787 ται
1113 2760 1157 2786 διὰ
1171 2759 1216 2786 σοῦ
1233 2760 1262 2785 ὲν
1277 2759 1397 2786 ὲπιθέσει
1414 2758 1514 2794 χειρῶν
1529 2767 1588 2790 σου,
1602 2760 1630 2785 ἔν
1643 2759 1699 2794 ἀφῇ
1717 2759 1846 2794 μηλωτῆς

1054 2815 1110 2837 σου,
1127 2806 1157 2831 ὲν
1172 2805 1319 2841 κραοπέδῳ
1335 2804 1381 2831 τοῦ
1396 2805 1498 2831 σάκκου
1515 2812 1573 2836 σου,
1593 2803 1622 2830 ἐν
1643 2805 1676 2839 τῇ
1698 2804 1779 2840 βαῖνῃ
1798 2813 1845 2830 σου

1054 2849 1153 2884 ῥάϐδῳ,
1171 2849 1200 2875 ού
1216 2848 1268 2885 μὴν
1283 2848 1350 2876 ἀλλὰ
1370 2848 1417 2875 καὶ
1428 2848 1472 2875 διὰ
1488 2847 1569 2883 ψιλῆς
1591 2847 1690 2880 κόνεως
1708 2850 1784 2884 παρὶ
1799 2848 1848 2876 σοῦ
