  <div class='ocr_page' id='page_1' title='image "/cluster/home/n/w/nwhite01/storage/ocr_20150623/86,pt.2/njp.32101077772810/642.png"; bbox 0 0 1966 3068; ppageno 0'>
   <div class='ocr_carea' id='block_1_1' title="bbox 130 140 199 173">
    <p class='ocr_par' dir='ltr' id='par_1_1' title="bbox 130 140 199 173">
     <span class='ocr_line' id='line_1_1' title="bbox 130 140 199 173; baseline 0 0"><span class='ocrx_word' id='word_1_1' title='bbox 130 140 199 173; x_wconf 77' lang='lat'><strong>3033</strong></span> 
     </span>
    </p>
   </div>
   <div class='ocr_carea' id='block_1_2' title="bbox 622 146 1254 178">
    <p class='ocr_par' dir='ltr' id='par_1_2' title="bbox 622 146 1254 178">
     <span class='ocr_line' id='line_1_2' title="bbox 622 146 1254 178; baseline -0.002 0"><span class='ocrx_word' id='word_1_2' title='bbox 622 146 717 178; x_wconf 81' lang='grc' dir='ltr'><strong>ΝΙΤΑ</strong></span> <span class='ocrx_word' id='word_1_3' title='bbox 736 147 758 175; x_wconf 80' lang='grc' dir='ltr'>Α</span> <span class='ocrx_word' id='word_1_4' title='bbox 778 147 996 178; x_wconf 74' lang='grc' dir='ltr'><strong>ΝΙΟΕΡΗΟΗΟ</strong></span> <span class='ocrx_word' id='word_1_5' title='bbox 1012 147 1254 178; x_wconf 75' lang='lat' dir='ltr'><strong>CONSCRIPTA.</strong></span> 
     </span>
    </p>
   </div>
   <div class='ocr_carea' id='block_1_3' title="bbox 1688 150 1760 182">
    <p class='ocr_par' dir='ltr' id='par_1_3' title="bbox 1688 150 1760 182">
     <span class='ocr_line' id='line_1_3' title="bbox 1688 150 1760 182; baseline 0 0"><span class='ocrx_word' id='word_1_6' title='bbox 1688 150 1760 182; x_wconf 62' lang='lat' dir='ltr'><strong>303i</strong></span> 
     </span>
    </p>
   </div>
   <div class='ocr_carea' id='block_1_4' title="bbox 130 197 919 238">
    <p class='ocr_par' dir='ltr' id='par_1_4' title="bbox 130 197 919 236">
     <span class='ocr_line' id='line_1_4' title="bbox 130 197 919 236; baseline 0.008 -14"><span class='ocrx_word' id='word_1_7' title='bbox 130 197 287 232; x_wconf 77' lang='grc' dir='ltr'><strong>δεδομένης,</strong></span> <span class='ocrx_word' id='word_1_8' title='bbox 313 199 360 225; x_wconf 76' lang='grc' dir='ltr'><strong>καὶ</strong></span> <span class='ocrx_word' id='word_1_9' title='bbox 384 199 418 225; x_wconf 85' lang='grc' dir='ltr'>δι’</span> <span class='ocrx_word' id='word_1_10' title='bbox 433 200 518 235; x_wconf 82' lang='grc' dir='ltr'>αὐτῆς</span> <span class='ocrx_word' id='word_1_11' title='bbox 540 200 568 227; x_wconf 79' lang='grc' dir='ltr'>δὲ</span> <span class='ocrx_word' id='word_1_12' title='bbox 591 201 640 236; x_wconf 84' lang='grc' dir='ltr'><strong>τῆς</strong></span> <span class='ocrx_word' id='word_1_13' title='bbox 656 201 704 227; x_wconf 85' lang='grc' dir='ltr'><strong>τοῦ</strong></span> <span class='ocrx_word' id='word_1_14' title='bbox 729 201 775 228; x_wconf 87' lang='grc' dir='ltr'><strong>σοῦ</strong></span> <span class='ocrx_word' id='word_1_15' title='bbox 790 202 919 236; x_wconf 81' lang='grc' dir='ltr'>ὀνόματος</span> 
     </span>
    </p>
   </div>
   <div class='ocr_carea' id='block_1_5' title="bbox 972 197 1756 238">
    <p class='ocr_par' dir='ltr' id='par_1_5' title="bbox 972 202 1756 238">
     <span class='ocr_line' id='line_1_5' title="bbox 972 202 1756 238; baseline 0.008 -11"><span class='ocrx_word' id='word_1_16' title='bbox 972 202 1093 236; x_wconf 84' lang='lat' dir='ltr'><strong>quinimo</strong></span> <span class='ocrx_word' id='word_1_17' title='bbox 1105 210 1151 237; x_wconf 90' lang='lat' dir='ltr'><strong>per</strong></span> <span class='ocrx_word' id='word_1_18' title='bbox 1166 203 1315 237; x_wconf 76' lang='lat' dir='ltr'><strong>pauxillum</strong></span> <span class='ocrx_word' id='word_1_19' title='bbox 1333 203 1453 238; x_wconf 84' lang='lat' dir='ltr'><strong>pulveris</strong></span> <span class='ocrx_word' id='word_1_20' title='bbox 1466 205 1501 232; x_wconf 86' lang='lat' dir='ltr'><strong>ad</strong></span> <span class='ocrx_word' id='word_1_21' title='bbox 1514 209 1538 232; x_wconf 86' lang='lat' dir='ltr'><strong>te</strong></span> <span class='ocrx_word' id='word_1_22' title='bbox 1552 205 1619 238; x_wconf 84' lang='lat' dir='ltr'><strong>dati,</strong></span> <span class='ocrx_word' id='word_1_23' title='bbox 1632 211 1658 233; x_wconf 89' lang='lat' dir='ltr'><strong>et</strong></span> <span class='ocrx_word' id='word_1_24' title='bbox 1672 206 1756 233; x_wconf 85' lang='lat' dir='ltr'><strong>solam</strong></span> 
     </span>
    </p>
   </div>
   <div class='ocr_carea' id='block_1_6' title="bbox 131 243 918 282">
    <p class='ocr_par' dir='ltr' id='par_1_6' title="bbox 131 243 918 282">
     <span class='ocr_line' id='line_1_6' title="bbox 131 243 918 282; baseline -0.001 -7"><span class='ocrx_word' id='word_1_25' title='bbox 131 243 314 278; x_wconf 71' lang='grc' dir='ltr'>ἐπικλήσεως·</span> <span class='ocrx_word' id='word_1_26' title='bbox 327 245 392 271; x_wconf 79' lang='grc' dir='ltr'>ὅπου</span> <span class='ocrx_word' id='word_1_27' title='bbox 408 245 462 281; x_wconf 81' lang='grc' dir='ltr'><strong>γὰρ</strong></span> <span class='ocrx_word' id='word_1_28' title='bbox 479 247 495 282; x_wconf 79' lang='grc' dir='ltr'>ἡ</span> <span class='ocrx_word' id='word_1_29' title='bbox 512 246 545 282; x_wconf 87' lang='grc' dir='ltr'>σὴ</span> <span class='ocrx_word' id='word_1_30' title='bbox 563 249 668 282; x_wconf 76' lang='grc' dir='ltr'>μνήμη,</span> <span class='ocrx_word' id='word_1_31' title='bbox 684 248 743 274; x_wconf 75' lang='grc' dir='ltr'>ἐκεῖ</span> <span class='ocrx_word' id='word_1_32' title='bbox 763 247 809 274; x_wconf 76' lang='grc' dir='ltr'>καὶ</span> <span class='ocrx_word' id='word_1_33' title='bbox 825 248 841 281; x_wconf 84' lang='grc' dir='ltr'>ὴ</span> <span class='ocrx_word' id='word_1_34' title='bbox 860 247 918 274; x_wconf 80' lang='grc' dir='ltr'>θεία</span> 
     </span>
    </p>
   </div>
   <div class='ocr_carea' id='block_1_7' title="bbox 131 290 916 330">
    <p class='ocr_par' dir='ltr' id='par_1_7' title="bbox 131 290 916 330">
     <span class='ocr_line' id='line_1_7' title="bbox 131 290 916 330; baseline 0.006 -14"><span class='ocrx_word' id='word_1_35' title='bbox 131 290 222 325; x_wconf 77' lang='grc' dir='ltr'>χάρις,</span> <span class='ocrx_word' id='word_1_36' title='bbox 239 292 329 318; x_wconf 74' lang='grc' dir='ltr'>πᾶσαν</span> <span class='ocrx_word' id='word_1_37' title='bbox 343 292 484 319; x_wconf 84' lang='grc' dir='ltr'>ἀσθένειαν</span> <span class='ocrx_word' id='word_1_38' title='bbox 501 294 571 320; x_wconf 66' lang='grc' dir='ltr'>κατὰ</span> <span class='ocrx_word' id='word_1_39' title='bbox 585 294 673 321; x_wconf 80' lang='grc' dir='ltr'>πάντα</span> <span class='ocrx_word' id='word_1_40' title='bbox 693 294 788 329; x_wconf 82' lang='grc' dir='ltr'>καιρὸν</span> <span class='ocrx_word' id='word_1_41' title='bbox 804 295 916 330; x_wconf 84' lang='grc' dir='ltr'>ἰωμένη.</span> 
     </span>
    </p>
   </div>
   <div class='ocr_carea' id='block_1_8' title="bbox 132 336 917 372">
    <p class='ocr_par' dir='ltr' id='par_1_8' title="bbox 132 336 917 372">
     <span class='ocr_line' id='line_1_8' title="bbox 132 336 917 372; baseline 0.006 -10"><span class='ocrx_word' id='word_1_42' title='bbox 132 336 261 370; x_wconf 76' lang='grc' dir='ltr'><strong>Ὄψονται</strong></span> <span class='ocrx_word' id='word_1_43' title='bbox 276 337 304 363; x_wconf 85' lang='grc' dir='ltr'><strong>δέ</strong></span> <span class='ocrx_word' id='word_1_44' title='bbox 318 346 346 363; x_wconf 89' lang='grc' dir='ltr'><strong>σε</strong></span> <span class='ocrx_word' id='word_1_45' title='bbox 364 338 456 365; x_wconf 86' lang='grc' dir='ltr'>πολλοὶ</span> <span class='ocrx_word' id='word_1_46' title='bbox 476 339 523 365; x_wconf 72' lang='grc' dir='ltr'>καὶ</span> <span class='ocrx_word' id='word_1_47' title='bbox 549 340 576 365; x_wconf 81' lang='grc' dir='ltr'>ἐν</span> <span class='ocrx_word' id='word_1_48' title='bbox 607 340 706 371; x_wconf 75' lang='grc' dir='ltr'><strong>οἰκίαις</strong></span> <span class='ocrx_word' id='word_1_49' title='bbox 730 341 776 366; x_wconf 74' lang='grc' dir='ltr'>καὶ</span> <span class='ocrx_word' id='word_1_50' title='bbox 795 341 823 366; x_wconf 79' lang='grc' dir='ltr'>ἐν</span> <span class='ocrx_word' id='word_1_51' title='bbox 839 341 917 372; x_wconf 78' lang='grc' dir='ltr'>ὁδοῖς,</span> 
     </span>
    </p>
   </div>
   <div class='ocr_carea' id='block_1_9' title="bbox 131 382 919 421">
    <p class='ocr_par' dir='ltr' id='par_1_9' title="bbox 131 382 919 421">
     <span class='ocr_line' id='line_1_9' title="bbox 131 382 919 421; baseline 0.008 -14"><span class='ocrx_word' id='word_1_52' title='bbox 131 382 177 407; x_wconf 68' lang='grc' dir='ltr'>καὶ</span> <span class='ocrx_word' id='word_1_53' title='bbox 190 382 236 408; x_wconf 74' lang='grc' dir='ltr'><strong>ἐπὶ</strong></span> <span class='ocrx_word' id='word_1_54' title='bbox 248 383 330 409; x_wconf 83' lang='grc' dir='ltr'>πᾶσιν</span> <span class='ocrx_word' id='word_1_55' title='bbox 341 383 431 418; x_wconf 73' lang='grc' dir='ltr'>ἔργοις</span> <span class='ocrx_word' id='word_1_56' title='bbox 443 384 532 411; x_wconf 74' lang='grc' dir='ltr'>αὐτῶν</span> <span class='ocrx_word' id='word_1_57' title='bbox 541 393 547 399; x_wconf 90' lang='grc'><strong>·</strong></span> <span class='ocrx_word' id='word_1_58' title='bbox 565 385 611 412; x_wconf 76' lang='grc' dir='ltr'>καὶ</span> <span class='ocrx_word' id='word_1_59' title='bbox 625 386 727 417; x_wconf 75' lang='grc' dir='ltr'>πάντες</span> <span class='ocrx_word' id='word_1_60' title='bbox 741 386 798 412; x_wconf 79' lang='grc' dir='ltr'>ὅσοι</span> <span class='ocrx_word' id='word_1_61' title='bbox 809 386 919 421; x_wconf 81' lang='grc' dir='ltr'>δεήσον-</span> 
     </span>
    </p>
   </div>
   <div class='ocr_carea' id='block_1_10' title="bbox 130 425 919 466">
    <p class='ocr_par' dir='ltr' id='par_1_10' title="bbox 130 425 919 466">
     <span class='ocr_line' id='line_1_10' title="bbox 130 425 919 466; baseline 0.006 -15"><span class='ocrx_word' id='word_1_62' title='bbox 130 433 175 451; x_wconf 85' lang='grc' dir='ltr'><strong>ται</strong></span> <span class='ocrx_word' id='word_1_63' title='bbox 193 425 241 452; x_wconf 78' lang='grc' dir='ltr'><strong>τοῦ</strong></span> <span class='ocrx_word' id='word_1_64' title='bbox 261 426 328 453; x_wconf 87' lang='grc' dir='ltr'>Θεοῦ</span> <span class='ocrx_word' id='word_1_65' title='bbox 356 427 400 454; x_wconf 73' lang='grc' dir='ltr'><strong>διὰ</strong></span> <span class='ocrx_word' id='word_1_66' title='bbox 418 428 464 455; x_wconf 85' lang='grc' dir='ltr'><strong>σοῦ</strong></span> <span class='ocrx_word' id='word_1_67' title='bbox 480 429 601 463; x_wconf 83' lang='grc' dir='ltr'>μεσίτου,</span> <span class='ocrx_word' id='word_1_68' title='bbox 622 430 651 456; x_wconf 80' lang='grc' dir='ltr'>ὲν</span> <span class='ocrx_word' id='word_1_69' title='bbox 668 430 791 465; x_wconf 79' lang='grc' dir='ltr'>ἐρήμοις,</span> <span class='ocrx_word' id='word_1_70' title='bbox 816 431 844 456; x_wconf 83' lang='grc' dir='ltr'>ὲν</span> <span class='ocrx_word' id='word_1_71' title='bbox 859 430 919 466; x_wconf 79' lang='grc' dir='ltr'>δρε-</span> 
     </span>
    </p>
   </div>
   <div class='ocr_carea' id='block_1_11' title="bbox 131 471 919 512">
    <p class='ocr_par' dir='ltr' id='par_1_11' title="bbox 131 471 919 512">
     <span class='ocr_line' id='line_1_11' title="bbox 131 471 919 512; baseline 0.008 -15"><span class='ocrx_word' id='word_1_72' title='bbox 131 479 183 503; x_wconf 87' lang='grc' dir='ltr'>σιν,</span> <span class='ocrx_word' id='word_1_73' title='bbox 199 472 228 498; x_wconf 85' lang='grc' dir='ltr'>ὲν</span> <span class='ocrx_word' id='word_1_74' title='bbox 249 471 384 509; x_wconf 76' lang='grc' dir='ltr'><strong>θαλάσσῃ,</strong></span> <span class='ocrx_word' id='word_1_75' title='bbox 405 474 434 500; x_wconf 80' lang='grc' dir='ltr'>ἐν</span> <span class='ocrx_word' id='word_1_76' title='bbox 446 475 492 509; x_wconf 85' lang='grc' dir='ltr'><strong>γῇ,</strong></span> <span class='ocrx_word' id='word_1_77' title='bbox 518 475 547 501; x_wconf 86' lang='grc' dir='ltr'>ὲν</span> <span class='ocrx_word' id='word_1_78' title='bbox 565 475 684 510; x_wconf 81' lang='grc' dir='ltr'>φυλακῇ,</span> <span class='ocrx_word' id='word_1_79' title='bbox 699 476 728 502; x_wconf 85' lang='grc' dir='ltr'>ἐν</span> <span class='ocrx_word' id='word_1_80' title='bbox 745 477 919 512; x_wconf 76' lang='grc' dir='ltr'>αἰχμαλωσίᾳ</span> 
     </span>
    </p>
   </div>
   <div class='ocr_carea' id='block_1_12' title="bbox 132 517 918 556">
    <p class='ocr_par' dir='ltr' id='par_1_12' title="bbox 132 517 918 556">
     <span class='ocr_line' id='line_1_12' title="bbox 132 517 918 556; baseline 0.009 -15"><span class='ocrx_word' id='word_1_81' title='bbox 132 517 268 551; x_wconf 80' lang='grc' dir='ltr'><strong>σωτηρίαν</strong></span> <span class='ocrx_word' id='word_1_82' title='bbox 282 518 357 553; x_wconf 81' lang='grc' dir='ltr'>παρὰ</span> <span class='ocrx_word' id='word_1_83' title='bbox 374 518 420 545; x_wconf 83' lang='grc' dir='ltr'><strong>σοῦ</strong></span> <span class='ocrx_word' id='word_1_84' title='bbox 435 520 594 554; x_wconf 81' lang='grc' dir='ltr'><strong>κομιοῦνται</strong></span> <span class='ocrx_word' id='word_1_85' title='bbox 606 528 611 534; x_wconf 93' lang='grc'><strong>·</strong></span> <span class='ocrx_word' id='word_1_86' title='bbox 627 521 694 547; x_wconf 79' lang='grc' dir='ltr'>πᾶσί</span> <span class='ocrx_word' id='word_1_87' title='bbox 707 530 735 547; x_wconf 87' lang='grc' dir='ltr'><strong>τε</strong></span> <span class='ocrx_word' id='word_1_88' title='bbox 749 521 918 556; x_wconf 75' lang='grc' dir='ltr'>θλιϐομένοις</span> 
     </span>
    </p>
   </div>
   <div class='ocr_carea' id='block_1_13' title="bbox 131 562 918 601">
    <p class='ocr_par' dir='ltr' id='par_1_13' title="bbox 131 562 918 601">
     <span class='ocr_line' id='line_1_13' title="bbox 131 562 918 601; baseline 0.01 -14"><span class='ocrx_word' id='word_1_89' title='bbox 131 562 180 598; x_wconf 72' lang='grc' dir='ltr'><strong>ἔσῃ</strong></span> <span class='ocrx_word' id='word_1_90' title='bbox 204 564 359 599; x_wconf 79' lang='grc' dir='ltr'>καταφυγὴ,</span> <span class='ocrx_word' id='word_1_91' title='bbox 378 566 424 591; x_wconf 81' lang='grc' dir='ltr'>καὶ</span> <span class='ocrx_word' id='word_1_92' title='bbox 445 566 585 601; x_wconf 76' lang='grc' dir='ltr'>χαίρουσιν</span> <span class='ocrx_word' id='word_1_93' title='bbox 607 567 751 600; x_wconf 79' lang='grc' dir='ltr'>ἀσφάλεια,</span> <span class='ocrx_word' id='word_1_94' title='bbox 768 570 815 594; x_wconf 77' lang='grc' dir='ltr'>καὶ</span> <span class='ocrx_word' id='word_1_95' title='bbox 835 569 888 600; x_wconf 84' lang='grc' dir='ltr'>πᾶς</span> <span class='ocrx_word' id='word_1_96' title='bbox 904 570 918 595; x_wconf 77' lang='grc' dir='ltr'>ἐ</span> 
     </span>
    </p>
   </div>
   <div class='ocr_carea' id='block_1_14' title="bbox 132 610 918 648">
    <p class='ocr_par' dir='ltr' id='par_1_14' title="bbox 132 610 918 648">
     <span class='ocr_line' id='line_1_14' title="bbox 132 610 918 648; baseline 0.009 -14"><span class='ocrx_word' id='word_1_97' title='bbox 132 610 322 642; x_wconf 79' lang='grc' dir='ltr'>πεπιστευκὼς</span> <span class='ocrx_word' id='word_1_98' title='bbox 347 611 440 637; x_wconf 88' lang='grc' dir='ltr'>δοῦλον</span> <span class='ocrx_word' id='word_1_99' title='bbox 468 612 597 639; x_wconf 79' lang='grc' dir='ltr'>ἐκλεκτὸν</span> <span class='ocrx_word' id='word_1_100' title='bbox 621 610 690 640; x_wconf 78' lang='grc' dir='ltr'>εἷναί</span> <span class='ocrx_word' id='word_1_101' title='bbox 716 622 745 640; x_wconf 80' lang='grc' dir='ltr'>σι</span> <span class='ocrx_word' id='word_1_102' title='bbox 774 614 851 648; x_wconf 87' lang='grc' dir='ltr'>Θεοῦ,</span> <span class='ocrx_word' id='word_1_103' title='bbox 871 615 918 640; x_wconf 81' lang='grc' dir='ltr'><strong>ἐπὶ</strong></span> 
     </span>
    </p>
   </div>
   <div class='ocr_carea' id='block_1_15' title="bbox 131 654 917 695">
    <p class='ocr_par' dir='ltr' id='par_1_15' title="bbox 131 654 917 695">
     <span class='ocr_line' id='line_1_15' title="bbox 131 654 917 695; baseline 0.009 -16"><span class='ocrx_word' id='word_1_104' title='bbox 131 654 230 681; x_wconf 73' lang='grc' dir='ltr'>άσπίδα</span> <span class='ocrx_word' id='word_1_105' title='bbox 247 656 293 682; x_wconf 76' lang='grc' dir='ltr'>καὶ</span> <span class='ocrx_word' id='word_1_106' title='bbox 309 656 465 690; x_wconf 79' lang='grc' dir='ltr'>βασιλίσκον</span> <span class='ocrx_word' id='word_1_107' title='bbox 483 657 654 693; x_wconf 78' lang='grc' dir='ltr'>ἐπιϐήσεται,</span> <span class='ocrx_word' id='word_1_108' title='bbox 667 659 715 685; x_wconf 83' lang='grc' dir='ltr'>καὶ</span> <span class='ocrx_word' id='word_1_109' title='bbox 732 661 847 695; x_wconf 74' lang='grc' dir='ltr'>πατήτει</span> <span class='ocrx_word' id='word_1_110' title='bbox 867 661 917 686; x_wconf 83' lang='grc' dir='ltr'><strong>ὲπ-</strong></span> 
     </span>
    </p>
   </div>
   <div class='ocr_carea' id='block_1_16' title="bbox 131 699 918 741">
    <p class='ocr_par' dir='ltr' id='par_1_16' title="bbox 131 699 918 741">
     <span class='ocr_line' id='line_1_16' title="bbox 131 699 918 741; baseline 0.01 -16"><span class='ocrx_word' id='word_1_111' title='bbox 131 699 187 726; x_wconf 86' lang='grc' dir='ltr'>ἀνω</span> <span class='ocrx_word' id='word_1_112' title='bbox 197 700 285 734; x_wconf 72' lang='grc' dir='ltr'>ὄφεων</span> <span class='ocrx_word' id='word_1_113' title='bbox 298 702 344 727; x_wconf 83' lang='grc' dir='ltr'><strong>καὶ</strong></span> <span class='ocrx_word' id='word_1_114' title='bbox 357 703 505 738; x_wconf 78' lang='grc' dir='ltr'><strong>σκορπίων,</strong></span> <span class='ocrx_word' id='word_1_115' title='bbox 518 704 564 730; x_wconf 81' lang='grc' dir='ltr'><strong>καὶ</strong></span> <span class='ocrx_word' id='word_1_116' title='bbox 577 704 624 730; x_wconf 69' lang='grc' dir='ltr'><strong>ἐπὶ</strong></span> <span class='ocrx_word' id='word_1_117' title='bbox 639 706 728 731; x_wconf 80' lang='grc' dir='ltr'>πᾶσαν</span> <span class='ocrx_word' id='word_1_118' title='bbox 742 706 790 741; x_wconf 79' lang='grc' dir='ltr'>τὴν</span> <span class='ocrx_word' id='word_1_119' title='bbox 804 706 918 741; x_wconf 84' lang='grc' dir='ltr'>δύναμιν</span> 
     </span>
    </p>
   </div>
   <div class='ocr_carea' id='block_1_17' title="bbox 130 745 917 786">
    <p class='ocr_par' dir='ltr' id='par_1_17' title="bbox 130 745 917 786">
     <span class='ocr_line' id='line_1_17' title="bbox 130 745 917 786; baseline 0.009 -15"><span class='ocrx_word' id='word_1_120' title='bbox 130 745 176 771; x_wconf 85' lang='grc' dir='ltr'><strong>τοῦ</strong></span> <span class='ocrx_word' id='word_1_121' title='bbox 192 746 300 781; x_wconf 76' lang='grc' dir='ltr'>ἐχθροῦ.</span> <span class='ocrx_word' id='word_1_122' title='bbox 317 747 410 774; x_wconf 86' lang='grc' dir='ltr'>Ταῦτα</span> <span class='ocrx_word' id='word_1_123' title='bbox 427 750 453 777; x_wconf 70' lang='grc' dir='ltr'>οἱ</span> <span class='ocrx_word' id='word_1_124' title='bbox 472 749 521 783; x_wconf 85' lang='grc' dir='ltr'>μὲν</span> <span class='ocrx_word' id='word_1_125' title='bbox 539 750 671 782; x_wconf 76' lang='grc' dir='ltr'>εἰπόντες,</span> <span class='ocrx_word' id='word_1_126' title='bbox 687 751 819 786; x_wconf 78' lang='grc' dir='ltr'>ἀπῆλθον,</span> <span class='ocrx_word' id='word_1_127' title='bbox 838 751 876 786; x_wconf 87' lang='grc' dir='ltr'>τῷ</span> <span class='ocrx_word' id='word_1_128' title='bbox 890 752 917 778; x_wconf 72' lang='grc' dir='ltr'>δὲ</span> 
     </span>
    </p>
   </div>
   <div class='ocr_carea' id='block_1_18' title="bbox 131 788 919 831">
    <p class='ocr_par' dir='ltr' id='par_1_18' title="bbox 131 788 919 831">
     <span class='ocr_line' id='line_1_18' title="bbox 131 788 919 831; baseline 0.01 -15"><span class='ocrx_word' id='word_1_129' title='bbox 131 788 241 825; x_wconf 75' lang='grc' dir='ltr'>Συμεὼν</span> <span class='ocrx_word' id='word_1_130' title='bbox 251 792 291 817; x_wconf 79' lang='grc' dir='ltr'>ἔτι</span> <span class='ocrx_word' id='word_1_131' title='bbox 304 793 403 827; x_wconf 82' lang='grc' dir='ltr'>μᾶλλον</span> <span class='ocrx_word' id='word_1_132' title='bbox 416 793 444 827; x_wconf 80' lang='grc' dir='ltr'>ἐξ</span> <span class='ocrx_word' id='word_1_133' title='bbox 464 795 570 822; x_wconf 73' lang='grc' dir='ltr'>ἐκείνου</span> <span class='ocrx_word' id='word_1_134' title='bbox 585 796 619 822; x_wconf 79' lang='grc' dir='ltr'>τὰ</span> <span class='ocrx_word' id='word_1_135' title='bbox 634 796 759 831; x_wconf 77' lang='grc' dir='ltr'>θαύματα</span> <span class='ocrx_word' id='word_1_136' title='bbox 771 797 855 823; x_wconf 89' lang='grc' dir='ltr'>πλείω</span> <span class='ocrx_word' id='word_1_137' title='bbox 871 798 919 822; x_wconf 68' lang='grc' dir='ltr'><strong>ἐπ-</strong></span> 
     </span>
    </p>
   </div>
   <div class='ocr_carea' id='block_1_19' title="bbox 130 837 918 878">
    <p class='ocr_par' dir='ltr' id='par_1_19' title="bbox 130 837 918 878">
     <span class='ocr_line' id='line_1_19' title="bbox 130 837 918 878; baseline 0.011 -17"><span class='ocrx_word' id='word_1_138' title='bbox 130 837 215 872; x_wconf 78' lang='grc' dir='ltr'>ἐρρει,</span> <span class='ocrx_word' id='word_1_139' title='bbox 237 837 274 868; x_wconf 82' lang='grc' dir='ltr'>ὡς</span> <span class='ocrx_word' id='word_1_140' title='bbox 303 840 349 865; x_wconf 77' lang='grc' dir='ltr'>καὶ</span> <span class='ocrx_word' id='word_1_141' title='bbox 373 840 483 874; x_wconf 75' lang='grc' dir='ltr'>τυφλοῖς</span> <span class='ocrx_word' id='word_1_142' title='bbox 509 841 655 877; x_wconf 76' lang='grc' dir='ltr'>ὀφθαλμῶν</span> <span class='ocrx_word' id='word_1_143' title='bbox 683 843 742 877; x_wconf 75' lang='grc' dir='ltr'><strong>φῶς</strong></span> <span class='ocrx_word' id='word_1_144' title='bbox 766 843 809 869; x_wconf 75' lang='grc' dir='ltr'><strong>διὰ</strong></span> <span class='ocrx_word' id='word_1_145' title='bbox 833 843 918 878; x_wconf 79' lang='grc' dir='ltr'>μόνης</span> 
     </span>
    </p>
   </div>
   <div class='ocr_carea' id='block_1_20' title="bbox 130 881 583 920">
    <p class='ocr_par' dir='ltr' id='par_1_20' title="bbox 130 881 583 920">
     <span class='ocr_line' id='line_1_20' title="bbox 130 881 583 920; baseline 0.013 -13"><span class='ocrx_word' id='word_1_146' title='bbox 130 881 233 909; x_wconf 73' lang='grc' dir='ltr'>ἐκείνου</span> <span class='ocrx_word' id='word_1_147' title='bbox 247 884 399 919; x_wconf 78' lang='grc' dir='ltr'>προσευχῆς</span> <span class='ocrx_word' id='word_1_148' title='bbox 410 886 583 920; x_wconf 72' lang='grc' dir='ltr'>χαρισθῆναι.</span> 
     </span>
    </p>
   </div>
   <div class='ocr_carea' id='block_1_21' title="bbox 972 245 1759 282">
    <p class='ocr_par' dir='ltr' id='par_1_21' title="bbox 972 245 1759 282">
     <span class='ocr_line' id='line_1_21' title="bbox 972 245 1759 282; baseline 0.006 -11"><span class='ocrx_word' id='word_1_149' title='bbox 972 245 1091 272; x_wconf 84' lang='lat' dir='ltr'><strong>nominis</strong></span> <span class='ocrx_word' id='word_1_150' title='bbox 1107 246 1143 272; x_wconf 88' lang='lat' dir='ltr'><strong>tui</strong></span> <span class='ocrx_word' id='word_1_151' title='bbox 1162 246 1380 280; x_wconf 79' lang='lat' dir='ltr'><strong>invocationem;</strong></span> <span class='ocrx_word' id='word_1_152' title='bbox 1396 247 1551 282; x_wconf 84' lang='lat' dir='ltr'><strong>ubicunque</strong></span> <span class='ocrx_word' id='word_1_153' title='bbox 1566 249 1638 276; x_wconf 92' lang='lat' dir='ltr'><strong>enim</strong></span> <span class='ocrx_word' id='word_1_154' title='bbox 1655 257 1759 276; x_wconf 90' lang='lat' dir='ltr'><strong>memo-</strong></span> 
     </span>
    </p>
   </div>
   <div class='ocr_carea' id='block_1_22' title="bbox 971 289 1757 326">
    <p class='ocr_par' dir='ltr' id='par_1_22' title="bbox 971 289 1757 326">
     <span class='ocr_line' id='line_1_22' title="bbox 971 289 1757 326; baseline 0.004 -11"><span class='ocrx_word' id='word_1_155' title='bbox 971 289 1011 315; x_wconf 90' lang='lat' dir='ltr'><strong>ria</strong></span> <span class='ocrx_word' id='word_1_156' title='bbox 1025 293 1069 316; x_wconf 88' lang='lat' dir='ltr'><strong>tua</strong></span> <span class='ocrx_word' id='word_1_157' title='bbox 1088 290 1233 321; x_wconf 85' lang='lat' dir='ltr'><strong>recoletur,</strong></span> <span class='ocrx_word' id='word_1_158' title='bbox 1251 290 1350 317; x_wconf 86' lang='lat' dir='ltr'><strong>ibidem</strong></span> <span class='ocrx_word' id='word_1_159' title='bbox 1371 295 1397 317; x_wconf 91' lang='lat' dir='ltr'><strong>et</strong></span> <span class='ocrx_word' id='word_1_160' title='bbox 1412 292 1497 325; x_wconf 61' lang='lat' dir='ltr'><strong>gratia</strong></span> <span class='ocrx_word' id='word_1_161' title='bbox 1519 291 1566 318; x_wconf 96' lang='lat' dir='ltr'><strong>Dei</strong></span> <span class='ocrx_word' id='word_1_162' title='bbox 1582 297 1680 326; x_wconf 76' lang='lat' dir='ltr'><strong>praesto</strong></span> <span class='ocrx_word' id='word_1_163' title='bbox 1694 293 1757 324; x_wconf 90' lang='lat' dir='ltr'><strong>erit,</strong></span> 
     </span>
    </p>
   </div>
   <div class='ocr_carea' id='block_1_23' title="bbox 970 334 1759 366">
    <p class='ocr_par' dir='ltr' id='par_1_23' title="bbox 970 334 1759 366">
     <span class='ocr_line' id='line_1_23' title="bbox 970 334 1759 366; baseline 0.006 -7"><span class='ocrx_word' id='word_1_164' title='bbox 970 340 1079 360; x_wconf 89' lang='lat' dir='ltr'><strong>omnem</strong></span> <span class='ocrx_word' id='word_1_165' title='bbox 1095 334 1167 360; x_wconf 90' lang='lat' dir='ltr'><strong>omni</strong></span> <span class='ocrx_word' id='word_1_166' title='bbox 1183 339 1304 366; x_wconf 75' lang='lat' dir='ltr'><strong>tempore</strong></span> <span class='ocrx_word' id='word_1_167' title='bbox 1319 334 1505 362; x_wconf 77' lang='lat' dir='ltr'><strong>infirmitatem</strong></span> <span class='ocrx_word' id='word_1_168' title='bbox 1522 340 1662 363; x_wconf 75' lang='lat' dir='ltr'><strong>curatura.</strong></span> <span class='ocrx_word' id='word_1_169' title='bbox 1680 337 1759 364; x_wconf 84' lang='lat' dir='ltr'><strong>Vide-</strong></span> 
     </span>
    </p>
   </div>
   <div class='ocr_carea' id='block_1_24' title="bbox 970 377 1758 416">
    <p class='ocr_par' dir='ltr' id='par_1_24' title="bbox 970 377 1758 416">
     <span class='ocr_line' id='line_1_24' title="bbox 970 377 1758 416; baseline 0.006 -13"><span class='ocrx_word' id='word_1_170' title='bbox 970 377 1040 404; x_wconf 87' lang='lat' dir='ltr'><strong>bunt</strong></span> <span class='ocrx_word' id='word_1_171' title='bbox 1052 382 1078 404; x_wconf 88' lang='lat' dir='ltr'><strong>te</strong></span> <span class='ocrx_word' id='word_1_172' title='bbox 1093 378 1171 404; x_wconf 89' lang='lat' dir='ltr'><strong>multi</strong></span> <span class='ocrx_word' id='word_1_173' title='bbox 1194 378 1221 404; x_wconf 91' lang='lat' dir='ltr'><strong>in</strong></span> <span class='ocrx_word' id='word_1_174' title='bbox 1245 378 1387 409; x_wconf 74' lang='lat' dir='ltr'><strong>dantibus.</strong></span> <span class='ocrx_word' id='word_1_175' title='bbox 1405 379 1432 405; x_wconf 93' lang='lat' dir='ltr'><strong>in</strong></span> <span class='ocrx_word' id='word_1_176' title='bbox 1448 380 1603 412; x_wconf 83' lang='lat' dir='ltr'><strong>itineribus,</strong></span> <span class='ocrx_word' id='word_1_177' title='bbox 1619 381 1646 408; x_wconf 81' lang='lat' dir='ltr'><strong>in</strong></span> <span class='ocrx_word' id='word_1_178' title='bbox 1661 381 1758 416; x_wconf 86' lang='lat' dir='ltr'><strong>quovis</strong></span> 
     </span>
    </p>
   </div>
   <div class='ocr_carea' id='block_1_25' title="bbox 970 421 1758 459">
    <p class='ocr_par' dir='ltr' id='par_1_25' title="bbox 970 421 1758 459">
     <span class='ocr_line' id='line_1_25' title="bbox 970 421 1758 459; baseline 0.006 -12"><span class='ocrx_word' id='word_1_179' title='bbox 970 429 1053 456; x_wconf 78' lang='lat' dir='ltr'><strong>opere</strong></span> <span class='ocrx_word' id='word_1_180' title='bbox 1078 429 1146 454; x_wconf 87' lang='lat' dir='ltr'><strong>suo;</strong></span> <span class='ocrx_word' id='word_1_181' title='bbox 1165 426 1191 449; x_wconf 90' lang='lat' dir='ltr'><strong>et</strong></span> <span class='ocrx_word' id='word_1_182' title='bbox 1214 421 1372 457; x_wconf 80' lang='lat' dir='ltr'><strong>quicunque</strong></span> <span class='ocrx_word' id='word_1_183' title='bbox 1395 424 1581 457; x_wconf 87' lang='lat' dir='ltr'><strong>precabuntur</strong></span> <span class='ocrx_word' id='word_1_184' title='bbox 1605 424 1688 452; x_wconf 89' lang='lat' dir='ltr'><strong>Deum</strong></span> <span class='ocrx_word' id='word_1_185' title='bbox 1711 433 1758 459; x_wconf 79' lang='lat' dir='ltr'><strong>per</strong></span> 
     </span>
    </p>
   </div>
   <div class='ocr_carea' id='block_1_26' title="bbox 970 465 1756 501">
    <p class='ocr_par' dir='ltr' id='par_1_26' title="bbox 970 465 1756 501">
     <span class='ocr_line' id='line_1_26' title="bbox 970 465 1756 501; baseline 0.005 -10"><span class='ocrx_word' id='word_1_186' title='bbox 970 465 1195 492; x_wconf 86' lang='lat' dir='ltr'><strong>intercessionem</strong></span> <span class='ocrx_word' id='word_1_187' title='bbox 1218 471 1304 498; x_wconf 78' lang='lat' dir='ltr'><strong>main,</strong></span> <span class='ocrx_word' id='word_1_188' title='bbox 1329 467 1355 492; x_wconf 93' lang='lat' dir='ltr'><strong>in</strong></span> <span class='ocrx_word' id='word_1_189' title='bbox 1381 466 1537 500; x_wconf 78' lang='lat' dir='ltr'><strong>solitudine,</strong></span> <span class='ocrx_word' id='word_1_190' title='bbox 1557 467 1584 494; x_wconf 82' lang='lat' dir='ltr'><strong>in</strong></span> <span class='ocrx_word' id='word_1_191' title='bbox 1608 470 1756 501; x_wconf 90' lang='lat' dir='ltr'><strong>montibus,</strong></span> 
     </span>
    </p>
   </div>
   <div class='ocr_carea' id='block_1_27' title="bbox 970 509 1759 543">
    <p class='ocr_par' dir='ltr' id='par_1_27' title="bbox 970 509 1759 543">
     <span class='ocr_line' id='line_1_27' title="bbox 970 509 1759 543; baseline 0.005 -8"><span class='ocrx_word' id='word_1_192' title='bbox 970 509 1050 540; x_wconf 89' lang='lat' dir='ltr'><strong>mari,</strong></span> <span class='ocrx_word' id='word_1_193' title='bbox 1066 512 1149 541; x_wconf 78' lang='lat' dir='ltr'><strong>terra,</strong></span> <span class='ocrx_word' id='word_1_194' title='bbox 1171 516 1293 540; x_wconf 79' lang='lat' dir='ltr'><strong>carcere,</strong></span> <span class='ocrx_word' id='word_1_195' title='bbox 1309 510 1441 537; x_wconf 80' lang='lat' dir='ltr'><strong>servitute</strong></span> <span class='ocrx_word' id='word_1_196' title='bbox 1462 511 1634 543; x_wconf 75' lang='lat' dir='ltr'><strong>exsistentes,</strong></span> <span class='ocrx_word' id='word_1_197' title='bbox 1658 513 1759 539; x_wconf 79' lang='lat' dir='ltr'><strong>sarritu-</strong></span> 
     </span>
    </p>
   </div>
   <div class='ocr_carea' id='block_1_28' title="bbox 971 555 1756 588">
    <p class='ocr_par' dir='ltr' id='par_1_28' title="bbox 971 555 1756 588">
     <span class='ocr_line' id='line_1_28' title="bbox 971 555 1756 588; baseline 0.006 -9"><span class='ocrx_word' id='word_1_198' title='bbox 971 557 1023 580; x_wconf 91' lang='lat' dir='ltr'><strong>tem</strong></span> <span class='ocrx_word' id='word_1_199' title='bbox 1048 561 1096 588; x_wconf 91' lang='lat' dir='ltr'><strong>per</strong></span> <span class='ocrx_word' id='word_1_200' title='bbox 1118 558 1144 580; x_wconf 90' lang='lat' dir='ltr'><strong>te</strong></span> <span class='ocrx_word' id='word_1_201' title='bbox 1172 555 1372 588; x_wconf 88' lang='lat' dir='ltr'><strong>recuperabunt</strong></span> <span class='ocrx_word' id='word_1_202' title='bbox 1393 562 1399 580; x_wconf 88' lang='lat'><strong>:</strong></span> <span class='ocrx_word' id='word_1_203' title='bbox 1419 555 1546 583; x_wconf 87' lang='lat' dir='ltr'><strong>omnibus</strong></span> <span class='ocrx_word' id='word_1_204' title='bbox 1571 556 1708 584; x_wconf 78' lang='lat' dir='ltr'><strong>aiﬂictalis</strong></span> <span class='ocrx_word' id='word_1_205' title='bbox 1727 561 1756 584; x_wconf 88' lang='lat' dir='ltr'><strong>tu</strong></span> 
     </span>
    </p>
   </div>
   <div class='ocr_carea' id='block_1_29' title="bbox 970 597 1758 633">
    <p class='ocr_par' dir='ltr' id='par_1_29' title="bbox 970 597 1758 633">
     <span class='ocr_line' id='line_1_29' title="bbox 970 597 1758 633; baseline 0.005 -9"><span class='ocrx_word' id='word_1_206' title='bbox 970 598 1026 625; x_wconf 85' lang='lat' dir='ltr'><strong>eris</strong></span> <span class='ocrx_word' id='word_1_207' title='bbox 1042 598 1188 633; x_wconf 78' lang='lat' dir='ltr'><strong>refugium,</strong></span> <span class='ocrx_word' id='word_1_208' title='bbox 1199 597 1381 632; x_wconf 74' lang='lat' dir='ltr'><strong>gaudentibus</strong></span> <span class='ocrx_word' id='word_1_209' title='bbox 1394 598 1522 626; x_wconf 91' lang='lat' dir='ltr'><strong>omnibus</strong></span> <span class='ocrx_word' id='word_1_210' title='bbox 1537 600 1672 627; x_wconf 79' lang='lat' dir='ltr'><strong>securitas</strong></span> <span class='ocrx_word' id='word_1_211' title='bbox 1684 601 1758 628; x_wconf 76' lang='lat' dir='ltr'><strong>eris:</strong></span> 
     </span>
    </p>
   </div>
   <div class='ocr_carea' id='block_1_30' title="bbox 970 635 1761 678">
    <p class='ocr_par' dir='ltr' id='par_1_30' title="bbox 970 635 1761 678">
     <span class='ocr_line' id='line_1_30' title="bbox 970 635 1761 678; baseline 0.001 -9"><span class='ocrx_word' id='word_1_212' title='bbox 970 642 1095 678; x_wconf 88' lang='lat' dir='ltr'><strong>quisquis</strong></span> <span class='ocrx_word' id='word_1_213' title='bbox 1109 641 1256 669; x_wconf 83' lang='lat' dir='ltr'><strong>crediderit</strong></span> <span class='ocrx_word' id='word_1_214' title='bbox 1267 635 1384 668; x_wconf 68' lang='lat' dir='ltr'><strong>elecfuni</strong></span> <span class='ocrx_word' id='word_1_215' title='bbox 1399 641 1446 668; x_wconf 88' lang='lat' dir='ltr'><strong>Dei</strong></span> <span class='ocrx_word' id='word_1_216' title='bbox 1464 649 1572 669; x_wconf 90' lang='lat' dir='ltr'><strong>servum</strong></span> <span class='ocrx_word' id='word_1_217' title='bbox 1588 650 1648 670; x_wconf 88' lang='lat' dir='ltr'><strong>esse</strong></span> <span class='ocrx_word' id='word_1_218' title='bbox 1661 647 1697 676; x_wconf 89' lang='lat' dir='ltr'><strong>te,</strong></span> <span class='ocrx_word' id='word_1_219' title='bbox 1714 652 1761 670; x_wconf 75' lang='lat' dir='ltr'><strong>su—</strong></span> 
     </span>
    </p>
   </div>
   <div class='ocr_carea' id='block_1_31' title="bbox 970 686 1760 722">
    <p class='ocr_par' dir='ltr' id='par_1_31' title="bbox 970 686 1760 722">
     <span class='ocr_line' id='line_1_31' title="bbox 970 686 1760 722; baseline 0.001 -8"><span class='ocrx_word' id='word_1_220' title='bbox 970 694 1018 722; x_wconf 88' lang='lat' dir='ltr'><strong>per</strong></span> <span class='ocrx_word' id='word_1_221' title='bbox 1030 686 1177 714; x_wconf 86' lang='lat' dir='ltr'><strong>draconem</strong></span> <span class='ocrx_word' id='word_1_222' title='bbox 1192 691 1218 712; x_wconf 88' lang='lat' dir='ltr'><strong>et</strong></span> <span class='ocrx_word' id='word_1_223' title='bbox 1231 686 1390 713; x_wconf 86' lang='lat' dir='ltr'><strong>basiliscum</strong></span> <span class='ocrx_word' id='word_1_224' title='bbox 1407 687 1555 720; x_wconf 73' lang='lat' dir='ltr'><strong>gradietur,</strong></span> <span class='ocrx_word' id='word_1_225' title='bbox 1570 692 1596 714; x_wconf 91' lang='lat' dir='ltr'><strong>et</strong></span> <span class='ocrx_word' id='word_1_226' title='bbox 1608 688 1760 715; x_wconf 75' lang='lat' dir='ltr'><strong>ambulabit</strong></span> 
     </span>
    </p>
   </div>
   <div class='ocr_carea' id='block_1_32' title="bbox 971 730 1760 766">
    <p class='ocr_par' dir='ltr' id='par_1_32' title="bbox 971 730 1760 766">
     <span class='ocr_line' id='line_1_32' title="bbox 971 730 1760 766; baseline 0.001 -8"><span class='ocrx_word' id='word_1_227' title='bbox 971 739 1052 766; x_wconf 84' lang='lat' dir='ltr'><strong>super</strong></span> <span class='ocrx_word' id='word_1_228' title='bbox 1068 734 1209 765; x_wconf 86' lang='lat' dir='ltr'><strong>serpentes</strong></span> <span class='ocrx_word' id='word_1_229' title='bbox 1231 734 1258 757; x_wconf 88' lang='lat' dir='ltr'><strong>et</strong></span> <span class='ocrx_word' id='word_1_230' title='bbox 1279 730 1449 764; x_wconf 82' lang='lat' dir='ltr'><strong>scorpiones,</strong></span> <span class='ocrx_word' id='word_1_231' title='bbox 1474 731 1600 766; x_wconf 86' lang='lat' dir='ltr'><strong>superior</strong></span> <span class='ocrx_word' id='word_1_232' title='bbox 1623 732 1695 759; x_wconf 89' lang='lat' dir='ltr'><strong>omni</strong></span> <span class='ocrx_word' id='word_1_233' title='bbox 1713 740 1760 759; x_wconf 85' lang='lat' dir='ltr'><strong>vc-</strong></span> 
     </span>
    </p>
   </div>
   <div class='ocr_carea' id='block_1_33' title="bbox 970 775 1759 812">
    <p class='ocr_par' dir='ltr' id='par_1_33' title="bbox 970 775 1759 812">
     <span class='ocr_line' id='line_1_33' title="bbox 970 775 1759 812; baseline 0.003 -10"><span class='ocrx_word' id='word_1_234' title='bbox 970 783 1041 803; x_wconf 91' lang='lat' dir='ltr'><strong>neno</strong></span> <span class='ocrx_word' id='word_1_235' title='bbox 1054 775 1168 802; x_wconf 91' lang='lat' dir='ltr'><strong>inimici.</strong></span> <span class='ocrx_word' id='word_1_236' title='bbox 1182 775 1230 802; x_wconf 88' lang='lat' dir='ltr'><strong>His</strong></span> <span class='ocrx_word' id='word_1_237' title='bbox 1245 775 1337 806; x_wconf 79' lang='lat' dir='ltr'><strong>dictis.</strong></span> <span class='ocrx_word' id='word_1_238' title='bbox 1361 775 1488 802; x_wconf 88' lang='lat' dir='ltr'><strong>abierunt</strong></span> <span class='ocrx_word' id='word_1_239' title='bbox 1511 776 1618 811; x_wconf 82' lang='lat' dir='ltr'><strong>angeli;</strong></span> <span class='ocrx_word' id='word_1_240' title='bbox 1640 777 1759 812; x_wconf 81' lang='lat' dir='ltr'><strong>Symeon</strong></span> 
     </span>
    </p>
   </div>
   <div class='ocr_carea' id='block_1_34' title="bbox 969 819 1759 853">
    <p class='ocr_par' dir='ltr' id='par_1_34' title="bbox 969 819 1759 853">
     <span class='ocr_line' id='line_1_34' title="bbox 969 819 1759 853; baseline 0.003 -7"><span class='ocrx_word' id='word_1_241' title='bbox 969 824 1060 847; x_wconf 87' lang='lat' dir='ltr'><strong>autem</strong></span> <span class='ocrx_word' id='word_1_242' title='bbox 1077 827 1109 846; x_wconf 81' lang='lat' dir='ltr'><strong>ex</strong></span> <span class='ocrx_word' id='word_1_243' title='bbox 1123 819 1168 846; x_wconf 95' lang='lat' dir='ltr'><strong>illo</strong></span> <span class='ocrx_word' id='word_1_244' title='bbox 1182 823 1304 853; x_wconf 89' lang='lat' dir='ltr'><strong>tempore</strong></span> <span class='ocrx_word' id='word_1_245' title='bbox 1318 819 1442 853; x_wconf 86' lang='lat' dir='ltr'><strong>pluribus</strong></span> <span class='ocrx_word' id='word_1_246' title='bbox 1464 819 1545 846; x_wconf 75' lang='lat' dir='ltr'><strong>etiam</strong></span> <span class='ocrx_word' id='word_1_247' title='bbox 1562 820 1759 848; x_wconf 82' lang='lat' dir='ltr'><strong>miraculorum</strong></span> 
     </span>
    </p>
   </div>
   <div class='ocr_carea' id='block_1_35' title="bbox 969 864 1760 900">
    <p class='ocr_par' dir='ltr' id='par_1_35' title="bbox 969 864 1760 900">
     <span class='ocr_line' id='line_1_35' title="bbox 969 864 1760 900; baseline 0.004 -10"><span class='ocrx_word' id='word_1_248' title='bbox 969 864 1063 899; x_wconf 78' lang='lat' dir='ltr'><strong>gratiis</strong></span> <span class='ocrx_word' id='word_1_249' title='bbox 1079 864 1192 894; x_wconf 76' lang='lat' dir='ltr'><strong>allluxit,</strong></span> <span class='ocrx_word' id='word_1_250' title='bbox 1206 864 1274 890; x_wconf 87' lang='lat' dir='ltr'><strong>adeo</strong></span> <span class='ocrx_word' id='word_1_251' title='bbox 1291 868 1321 890; x_wconf 91' lang='lat' dir='ltr'><strong>ut</strong></span> <span class='ocrx_word' id='word_1_252' title='bbox 1334 864 1414 891; x_wconf 74' lang='lat' dir='ltr'><strong>cmcis</strong></span> <span class='ocrx_word' id='word_1_253' title='bbox 1432 871 1479 898; x_wconf 88' lang='lat' dir='ltr'><strong>per</strong></span> <span class='ocrx_word' id='word_1_254' title='bbox 1495 865 1581 892; x_wconf 86' lang='lat' dir='ltr'><strong>solam</strong></span> <span class='ocrx_word' id='word_1_255' title='bbox 1598 865 1683 900; x_wconf 87' lang='lat' dir='ltr'><strong>ipsius</strong></span> <span class='ocrx_word' id='word_1_256' title='bbox 1697 874 1760 900; x_wconf 86' lang='lat' dir='ltr'><strong>prc-</strong></span> 
     </span>
    </p>
   </div>
   <div class='ocr_carea' id='block_1_36' title="bbox 970 907 1758 939">
    <p class='ocr_par' dir='ltr' id='par_1_36' title="bbox 970 907 1758 939">
     <span class='ocr_line' id='line_1_36' title="bbox 970 907 1758 939; baseline 0.005 -5"><span class='ocrx_word' id='word_1_257' title='bbox 970 908 1104 934; x_wconf 78' lang='lat' dir='ltr'><strong>caiionem</strong></span> <span class='ocrx_word' id='word_1_258' title='bbox 1131 907 1221 934; x_wconf 89' lang='lat' dir='ltr'><strong>lumen</strong></span> <span class='ocrx_word' id='word_1_259' title='bbox 1246 907 1387 934; x_wconf 88' lang='lat' dir='ltr'><strong>oculorum</strong></span> <span class='ocrx_word' id='word_1_260' title='bbox 1411 909 1616 938; x_wconf 89' lang='lat' dir='ltr'><strong>concederetur.</strong></span> <span class='ocrx_word' id='word_1_261' title='bbox 1647 910 1700 938; x_wconf 89' lang='lat' dir='ltr'><strong>Sed</strong></span> <span class='ocrx_word' id='word_1_262' title='bbox 1726 918 1758 939; x_wconf 90' lang='lat' dir='ltr'><strong>ea</strong></span> 
     </span>
    </p>
   </div>
   <div class='ocr_carea' id='block_1_37' title="bbox 971 950 1421 987">
    <p class='ocr_par' dir='ltr' id='par_1_37' title="bbox 971 950 1421 987">
     <span class='ocr_line' id='line_1_37' title="bbox 971 950 1421 987; baseline 0.002 -9"><span class='ocrx_word' id='word_1_263' title='bbox 971 959 1044 978; x_wconf 81' lang='lat' dir='ltr'><strong>nunc</strong></span> <span class='ocrx_word' id='word_1_264' title='bbox 1058 950 1196 986; x_wconf 73' lang='lat' dir='ltr'><strong>sigillatim</strong></span> <span class='ocrx_word' id='word_1_265' title='bbox 1214 958 1421 987; x_wconf 82' lang='lat' dir='ltr'><strong>prosequamur.</strong></span> 
     </span>
    </p>
   </div>
   <div class='ocr_carea' id='block_1_38' title="bbox 848 1027 1037 1057">
    <p class='ocr_par' dir='ltr' id='par_1_38' title="bbox 848 1027 1037 1057">
     <span class='ocr_line' id='line_1_38' title="bbox 848 1027 1037 1057; baseline -0.016 0"><span class='ocrx_word' id='word_1_266' title='bbox 848 1029 965 1057; x_wconf 77' lang='lat' dir='ltr'><strong>CAPUT</strong></span> <span class='ocrx_word' id='word_1_267' title='bbox 984 1027 1037 1055; x_wconf 69' lang='lat' dir='ltr'><strong>Yll.</strong></span> 
     </span>
    </p>
   </div>
   <div class='ocr_carea' id='block_1_39' title="bbox 233 1115 1661 1154">
    <p class='ocr_par' dir='ltr' id='par_1_39' title="bbox 233 1115 1661 1154">
     <span class='ocr_line' id='line_1_39' title="bbox 233 1115 1661 1154; baseline 0.004 -12"><span class='ocrx_word' id='word_1_268' title='bbox 233 1115 365 1143; x_wconf 82' lang='lat' dir='ltr'><strong>Mirarula</strong></span> <span class='ocrx_word' id='word_1_269' title='bbox 379 1118 449 1143; x_wconf 80' lang='lat' dir='ltr'><strong>circa</strong></span> <span class='ocrx_word' id='word_1_270' title='bbox 466 1125 664 1152; x_wconf 72' lang='lat' dir='ltr'><strong>cnergmncnas,</strong></span> <span class='ocrx_word' id='word_1_271' title='bbox 683 1122 825 1150; x_wconf 86' lang='lat' dir='ltr'><strong>mortuum,</strong></span> <span class='ocrx_word' id='word_1_272' title='bbox 842 1122 866 1144; x_wconf 80' lang='lat' dir='ltr'><strong>et</strong></span> <span class='ocrx_word' id='word_1_273' title='bbox 885 1117 1031 1151; x_wconf 75' lang='lat' dir='ltr'><strong>veneﬁcia;</strong></span> <span class='ocrx_word' id='word_1_274' title='bbox 1046 1117 1101 1146; x_wconf 81' lang='lat' dir='ltr'><strong>alia</strong></span> <span class='ocrx_word' id='word_1_275' title='bbox 1118 1126 1164 1153; x_wconf 79' lang='lat' dir='ltr'><strong>per</strong></span> <span class='ocrx_word' id='word_1_276' title='bbox 1180 1117 1320 1152; x_wconf 73' lang='lat' dir='ltr'><strong>discipulos</strong></span> <span class='ocrx_word' id='word_1_277' title='bbox 1332 1120 1426 1154; x_wconf 83' lang='lat' dir='ltr'><strong>facta;</strong></span> <span class='ocrx_word' id='word_1_278' title='bbox 1442 1120 1570 1148; x_wconf 77' lang='lat' dir='ltr'><strong>mirabilis</strong></span> <span class='ocrx_word' id='word_1_279' title='bbox 1587 1122 1661 1148; x_wconf 70' lang='lat' dir='ltr'><strong>visio.</strong></span> 
     </span>
    </p>
   </div>
   <div class='ocr_carea' id='block_1_40' title="bbox 163 1207 912 1243">
    <p class='ocr_par' dir='ltr' id='par_1_40' title="bbox 163 1207 912 1243">
     <span class='ocr_line' id='line_1_40' title="bbox 163 1207 912 1243; baseline 0.003 -10"><span class='ocrx_word' id='word_1_280' title='bbox 163 1207 213 1235; x_wconf 67' lang='lat' dir='ltr'><strong>val.</strong></span> <span class='ocrx_word' id='word_1_281' title='bbox 233 1208 291 1234; x_wconf 83' lang='grc' dir='ltr'>Ἵνα</span> <span class='ocrx_word' id='word_1_282' title='bbox 317 1208 344 1234; x_wconf 82' lang='grc' dir='ltr'>δὲ</span> <span class='ocrx_word' id='word_1_283' title='bbox 368 1209 415 1234; x_wconf 85' lang='grc' dir='ltr'>καὶ</span> <span class='ocrx_word' id='word_1_284' title='bbox 449 1208 482 1235; x_wconf 73' lang='grc' dir='ltr'><strong>τὰ</strong></span> <span class='ocrx_word' id='word_1_285' title='bbox 506 1208 568 1234; x_wconf 85' lang='grc' dir='ltr'>καθ’</span> <span class='ocrx_word' id='word_1_286' title='bbox 592 1208 707 1235; x_wconf 78' lang='grc' dir='ltr'>ἕκαστον</span> <span class='ocrx_word' id='word_1_287' title='bbox 743 1208 912 1243; x_wconf 82' lang='grc' dir='ltr'>ὲπεξίοιμεν,</span> 
     </span>
    </p>
   </div>
   <div class='ocr_carea' id='block_1_41' title="bbox 128 1253 914 1289">
    <p class='ocr_par' dir='ltr' id='par_1_41' title="bbox 128 1253 914 1289">
     <span class='ocr_line' id='line_1_41' title="bbox 128 1253 914 1289; baseline 0.003 -10"><span class='ocrx_word' id='word_1_288' title='bbox 128 1253 264 1288; x_wconf 82' lang='grc' dir='ltr'>προσῆλθέ</span> <span class='ocrx_word' id='word_1_289' title='bbox 277 1262 318 1284; x_wconf 86' lang='grc' dir='ltr'><strong>τις</strong></span> <span class='ocrx_word' id='word_1_290' title='bbox 340 1253 413 1288; x_wconf 75' lang='grc' dir='ltr'>αὐτῷ</span> <span class='ocrx_word' id='word_1_291' title='bbox 429 1254 508 1289; x_wconf 73' lang='grc' dir='ltr'>γυνὴ,</span> <span class='ocrx_word' id='word_1_292' title='bbox 523 1254 616 1281; x_wconf 83' lang='grc' dir='ltr'>τέκνον</span> <span class='ocrx_word' id='word_1_293' title='bbox 630 1255 729 1281; x_wconf 75' lang='grc' dir='ltr'>ἄλαλον</span> <span class='ocrx_word' id='word_1_294' title='bbox 752 1255 803 1281; x_wconf 73' lang='grc' dir='ltr'>καὶ</span> <span class='ocrx_word' id='word_1_295' title='bbox 817 1254 914 1289; x_wconf 87' lang='grc' dir='ltr'>δαίμο-</span> 
     </span>
    </p>
   </div>
   <div class='ocr_carea' id='block_1_42' title="bbox 127 1298 916 1334">
    <p class='ocr_par' dir='ltr' id='par_1_42' title="bbox 127 1298 916 1334">
     <span class='ocr_line' id='line_1_42' title="bbox 127 1298 916 1334; baseline 0.003 -10"><span class='ocrx_word' id='word_1_296' title='bbox 127 1307 153 1324; x_wconf 90' lang='grc' dir='ltr'><strong>νι</strong></span> <span class='ocrx_word' id='word_1_297' title='bbox 170 1299 286 1333; x_wconf 78' lang='grc' dir='ltr'>κάτοχον</span> <span class='ocrx_word' id='word_1_298' title='bbox 312 1298 411 1333; x_wconf 72' lang='grc' dir='ltr'>ἔχουσα</span> <span class='ocrx_word' id='word_1_299' title='bbox 424 1307 430 1314; x_wconf 91' lang='grc'>·</span> <span class='ocrx_word' id='word_1_300' title='bbox 448 1300 495 1325; x_wconf 75' lang='grc' dir='ltr'>καὶ</span> <span class='ocrx_word' id='word_1_301' title='bbox 510 1299 526 1334; x_wconf 88' lang='grc' dir='ltr'><strong>ή</strong></span> <span class='ocrx_word' id='word_1_302' title='bbox 545 1299 594 1334; x_wconf 82' lang='grc' dir='ltr'>μὲν</span> <span class='ocrx_word' id='word_1_303' title='bbox 627 1299 839 1334; x_wconf 78' lang='grc' dir='ltr'>ὲπιτεθειμένην</span> <span class='ocrx_word' id='word_1_304' title='bbox 866 1299 916 1334; x_wconf 84' lang='grc' dir='ltr'>τὴν</span> 
     </span>
    </p>
   </div>
   <div class='ocr_carea' id='block_1_43' title="bbox 128 1343 916 1380">
    <p class='ocr_par' dir='ltr' id='par_1_43' title="bbox 128 1343 916 1380">
     <span class='ocr_line' id='line_1_43' title="bbox 128 1343 916 1380; baseline 0.003 -11"><span class='ocrx_word' id='word_1_305' title='bbox 128 1343 223 1378; x_wconf 82' lang='grc' dir='ltr'>θυρίδα</span> <span class='ocrx_word' id='word_1_306' title='bbox 250 1343 351 1375; x_wconf 79' lang='grc' dir='ltr'>[δοῦσα.</span> <span class='ocrx_word' id='word_1_307' title='bbox 375 1343 465 1377; x_wconf 74' lang='grc' dir='ltr'>τίθησι</span> <span class='ocrx_word' id='word_1_308' title='bbox 506 1345 584 1371; x_wconf 82' lang='grc' dir='ltr'>τοῦτο</span> <span class='ocrx_word' id='word_1_309' title='bbox 613 1345 688 1380; x_wconf 81' lang='grc' dir='ltr'>παρὰ</span> <span class='ocrx_word' id='word_1_310' title='bbox 703 1346 735 1380; x_wconf 83' lang='grc' dir='ltr'><strong>τῇ</strong></span> <span class='ocrx_word' id='word_1_311' title='bbox 765 1345 811 1371; x_wconf 92' lang='grc' dir='ltr'><strong>τοῦ</strong></span> <span class='ocrx_word' id='word_1_312' title='bbox 827 1345 916 1376; x_wconf 88' lang='grc' dir='ltr'>κίονος</span> 
     </span>
    </p>
   </div>
   <div class='ocr_carea' id='block_1_44' title="bbox 129 1388 917 1426">
    <p class='ocr_par' dir='ltr' id='par_1_44' title="bbox 129 1388 917 1426">
     <span class='ocr_line' id='line_1_44' title="bbox 129 1388 917 1426; baseline 0 -10"><span class='ocrx_word' id='word_1_313' title='bbox 129 1389 206 1424; x_wconf 83' lang='grc' dir='ltr'>βάσει</span> <span class='ocrx_word' id='word_1_314' title='bbox 219 1398 225 1405; x_wconf 90' lang='grc'>·</span> <span class='ocrx_word' id='word_1_315' title='bbox 241 1390 411 1426; x_wconf 87' lang='grc' dir='ltr'>παραχρῆμα</span> <span class='ocrx_word' id='word_1_316' title='bbox 425 1390 452 1416; x_wconf 78' lang='grc' dir='ltr'>δὲ</span> <span class='ocrx_word' id='word_1_317' title='bbox 467 1388 512 1417; x_wconf 73' lang='grc' dir='ltr'>οἷά</span> <span class='ocrx_word' id='word_1_318' title='bbox 525 1399 567 1422; x_wconf 83' lang='grc' dir='ltr'><strong>τις</strong></span> <span class='ocrx_word' id='word_1_319' title='bbox 583 1390 731 1426; x_wconf 73' lang='grc' dir='ltr'>ἐξέλαμψεν</span> <span class='ocrx_word' id='word_1_320' title='bbox 743 1389 846 1417; x_wconf 75' lang='grc' dir='ltr'>ἄνωθεν</span> <span class='ocrx_word' id='word_1_321' title='bbox 863 1389 917 1416; x_wconf 83' lang='grc' dir='ltr'>ἀπὺ</span> 
     </span>
    </p>
   </div>
   <div class='ocr_carea' id='block_1_45' title="bbox 127 1435 917 1473">
    <p class='ocr_par' dir='ltr' id='par_1_45' title="bbox 127 1435 917 1473">
     <span class='ocr_line' id='line_1_45' title="bbox 127 1435 917 1473; baseline 0 -11"><span class='ocrx_word' id='word_1_322' title='bbox 127 1436 177 1471; x_wconf 86' lang='grc' dir='ltr'><strong>τῆς</strong></span> <span class='ocrx_word' id='word_1_323' title='bbox 195 1436 321 1471; x_wconf 88' lang='grc' dir='ltr'>μηλωτῆς</span> <span class='ocrx_word' id='word_1_324' title='bbox 335 1437 474 1472; x_wconf 83' lang='grc' dir='ltr'>ἀστραπὴ,</span> <span class='ocrx_word' id='word_1_325' title='bbox 489 1438 521 1471; x_wconf 86' lang='grc' dir='ltr'><strong>τῇ</strong></span> <span class='ocrx_word' id='word_1_326' title='bbox 540 1437 567 1463; x_wconf 80' lang='grc' dir='ltr'>δὲ</span> <span class='ocrx_word' id='word_1_327' title='bbox 582 1435 647 1473; x_wconf 80' lang='grc' dir='ltr'>ἧλος</span> <span class='ocrx_word' id='word_1_328' title='bbox 668 1437 830 1469; x_wconf 80' lang='grc' dir='ltr'>συνέξευκτο</span> <span class='ocrx_word' id='word_1_329' title='bbox 846 1456 853 1468; x_wconf 91' lang='grc'><strong>,</strong></span> <span class='ocrx_word' id='word_1_330' title='bbox 870 1436 917 1462; x_wconf 77' lang='grc' dir='ltr'>καὶ</span> 
     </span>
    </p>
   </div>
   <div class='ocr_carea' id='block_1_46' title="bbox 129 1481 917 1518">
    <p class='ocr_par' dir='ltr' id='par_1_46' title="bbox 129 1481 917 1518">
     <span class='ocr_line' id='line_1_46' title="bbox 129 1481 917 1518; baseline 0 -10"><span class='ocrx_word' id='word_1_331' title='bbox 129 1482 205 1517; x_wconf 85' lang='grc' dir='ltr'>φωνὴ</span> <span class='ocrx_word' id='word_1_332' title='bbox 216 1483 330 1508; x_wconf 84' lang='grc' dir='ltr'>κατόπιν</span> <span class='ocrx_word' id='word_1_333' title='bbox 344 1481 469 1516; x_wconf 74' lang='grc' dir='ltr'>ἠκούετοο</span> <span class='ocrx_word' id='word_1_334' title='bbox 484 1482 605 1515; x_wconf 79' lang='grc' dir='ltr'>Ἔξελθε,</span> <span class='ocrx_word' id='word_1_335' title='bbox 622 1483 653 1509; x_wconf 77' lang='grc' dir='ltr'>τὸ</span> <span class='ocrx_word' id='word_1_336' title='bbox 665 1482 821 1518; x_wconf 83' lang='grc' dir='ltr'>ἀκάθαρτον</span> <span class='ocrx_word' id='word_1_337' title='bbox 834 1481 917 1508; x_wconf 70' lang='grc' dir='ltr'>πνεῦο</span> 
     </span>
    </p>
   </div>
   <div class='ocr_carea' id='block_1_47' title="bbox 130 1526 917 1563">
    <p class='ocr_par' dir='ltr' id='par_1_47' title="bbox 130 1526 917 1563">
     <span class='ocr_line' id='line_1_47' title="bbox 130 1526 917 1563; baseline -0.001 -10"><span class='ocrx_word' id='word_1_338' title='bbox 130 1535 171 1562; x_wconf 83' lang='grc' dir='ltr'><strong>μα</strong></span> <span class='ocrx_word' id='word_1_339' title='bbox 181 1547 188 1559; x_wconf 92' lang='grc'><strong>,</strong></span> <span class='ocrx_word' id='word_1_340' title='bbox 202 1527 366 1562; x_wconf 83' lang='grc' dir='ltr'>διωκόμενον</span> <span class='ocrx_word' id='word_1_341' title='bbox 382 1527 433 1554; x_wconf 82' lang='grc' dir='ltr'>ὑπὸ</span> <span class='ocrx_word' id='word_1_342' title='bbox 443 1527 562 1563; x_wconf 81' lang='grc' dir='ltr'>Χριστοῦ</span> <span class='ocrx_word' id='word_1_343' title='bbox 578 1527 623 1554; x_wconf 80' lang='grc' dir='ltr'><strong>διὰ</strong></span> <span class='ocrx_word' id='word_1_344' title='bbox 637 1528 688 1562; x_wconf 87' lang='grc' dir='ltr'><strong>τῆς</strong></span> <span class='ocrx_word' id='word_1_345' title='bbox 704 1529 734 1554; x_wconf 83' lang='grc' dir='ltr'>ὲν</span> <span class='ocrx_word' id='word_1_346' title='bbox 749 1527 788 1562; x_wconf 81' lang='grc' dir='ltr'>τῷ</span> <span class='ocrx_word' id='word_1_347' title='bbox 805 1526 917 1562; x_wconf 86' lang='grc' dir='ltr'>Συμεὼν</span> 
     </span>
    </p>
   </div>
   <div class='ocr_carea' id='block_1_48' title="bbox 128 1572 917 1609">
    <p class='ocr_par' dir='ltr' id='par_1_48' title="bbox 128 1572 917 1609">
     <span class='ocr_line' id='line_1_48' title="bbox 128 1572 917 1609; baseline -0.001 -9"><span class='ocrx_word' id='word_1_348' title='bbox 128 1573 250 1608; x_wconf 76' lang='grc' dir='ltr'>χάριτος,</span> <span class='ocrx_word' id='word_1_349' title='bbox 269 1573 387 1607; x_wconf 81' lang='grc' dir='ltr'>λέγουσα</span> <span class='ocrx_word' id='word_1_350' title='bbox 404 1582 409 1588; x_wconf 91' lang='grc'>·</span> <span class='ocrx_word' id='word_1_351' title='bbox 425 1574 472 1600; x_wconf 75' lang='grc' dir='ltr'><strong>καὶ</strong></span> <span class='ocrx_word' id='word_1_352' title='bbox 485 1574 498 1600; x_wconf 82' lang='grc' dir='ltr'>ὁ</span> <span class='ocrx_word' id='word_1_353' title='bbox 510 1575 574 1604; x_wconf 75' lang='grc' dir='ltr'>παῖς</span> <span class='ocrx_word' id='word_1_354' title='bbox 589 1573 644 1600; x_wconf 78' lang='grc' dir='ltr'><strong>ἀπὸ</strong></span> <span class='ocrx_word' id='word_1_355' title='bbox 661 1574 711 1609; x_wconf 90' lang='grc' dir='ltr'><strong>τῆς</strong></span> <span class='ocrx_word' id='word_1_356' title='bbox 724 1573 823 1608; x_wconf 84' lang='grc' dir='ltr'>διπλῆς</span> <span class='ocrx_word' id='word_1_357' title='bbox 834 1572 917 1604; x_wconf 83' lang='grc' dir='ltr'>εὐθὺς</span> 
     </span>
    </p>
   </div>
   <div class='ocr_carea' id='block_1_49' title="bbox 1004 1209 1755 1245">
    <p class='ocr_par' dir='ltr' id='par_1_49' title="bbox 1004 1209 1755 1245">
     <span class='ocr_line' id='line_1_49' title="bbox 1004 1209 1755 1245; baseline 0.003 -9"><span class='ocrx_word' id='word_1_358' title='bbox 1004 1209 1049 1237; x_wconf 79' lang='lat' dir='ltr'><strong>5L</strong></span> <span class='ocrx_word' id='word_1_359' title='bbox 1077 1209 1200 1237; x_wconf 81' lang='lat' dir='ltr'><strong>Accessit</strong></span> <span class='ocrx_word' id='word_1_360' title='bbox 1224 1210 1285 1238; x_wconf 88' lang='lat' dir='ltr'><strong>viro</strong></span> <span class='ocrx_word' id='word_1_361' title='bbox 1307 1214 1401 1238; x_wconf 84' lang='lat' dir='ltr'><strong>sancto</strong></span> <span class='ocrx_word' id='word_1_362' title='bbox 1418 1210 1519 1238; x_wconf 89' lang='lat' dir='ltr'><strong>mulier</strong></span> <span class='ocrx_word' id='word_1_363' title='bbox 1544 1210 1680 1244; x_wconf 65' lang='lat' dir='ltr'><strong>qumdam.</strong></span> <span class='ocrx_word' id='word_1_364' title='bbox 1694 1219 1755 1245; x_wconf 66' lang='lat' dir='ltr'><strong>qua!</strong></span> 
     </span>
    </p>
   </div>
   <div class='ocr_carea' id='block_1_50' title="bbox 969 1256 1755 1289">
    <p class='ocr_par' dir='ltr' id='par_1_50' title="bbox 969 1256 1755 1289">
     <span class='ocr_line' id='line_1_50' title="bbox 969 1256 1755 1289; baseline 0.003 -8"><span class='ocrx_word' id='word_1_365' title='bbox 969 1262 1084 1289; x_wconf 88' lang='lat' dir='ltr'><strong>puerum</strong></span> <span class='ocrx_word' id='word_1_366' title='bbox 1107 1260 1214 1284; x_wconf 91' lang='lat' dir='ltr'><strong>mutum</strong></span> <span class='ocrx_word' id='word_1_367' title='bbox 1243 1260 1272 1284; x_wconf 85' lang='lat' dir='ltr'><strong>et</strong></span> <span class='ocrx_word' id='word_1_368' title='bbox 1286 1257 1410 1284; x_wconf 54' lang='lat' dir='ltr'><strong>daemone</strong></span> <span class='ocrx_word' id='word_1_369' title='bbox 1439 1257 1582 1283; x_wconf 81' lang='lat' dir='ltr'><strong>obsessum</strong></span> <span class='ocrx_word' id='word_1_370' title='bbox 1616 1256 1755 1283; x_wconf 85' lang='lat' dir='ltr'><strong>habebat:</strong></span> 
     </span>
    </p>
   </div>
   <div class='ocr_carea' id='block_1_51' title="bbox 969 1303 1760 1342">
    <p class='ocr_par' dir='ltr' id='par_1_51' title="bbox 969 1303 1760 1342">
     <span class='ocr_line' id='line_1_51' title="bbox 969 1303 1760 1342; baseline 0.001 -13"><span class='ocrx_word' id='word_1_371' title='bbox 969 1310 1086 1337; x_wconf 85' lang='lat' dir='ltr'><strong>cumque</strong></span> <span class='ocrx_word' id='word_1_372' title='bbox 1101 1303 1273 1331; x_wconf 83' lang='lat' dir='ltr'><strong>obﬁrmatam</strong></span> <span class='ocrx_word' id='word_1_373' title='bbox 1300 1303 1449 1331; x_wconf 83' lang='lat' dir='ltr'><strong>fenestram</strong></span> <span class='ocrx_word' id='word_1_374' title='bbox 1461 1303 1675 1342; x_wconf 78' lang='lat' dir='ltr'><strong>conspicaretur,</strong></span> <span class='ocrx_word' id='word_1_375' title='bbox 1692 1311 1760 1338; x_wconf 51' lang='lat' dir='ltr'><strong>pue‘</strong></span> 
     </span>
    </p>
   </div>
   <div class='ocr_carea' id='block_1_52' title="bbox 970 1348 1758 1385">
    <p class='ocr_par' dir='ltr' id='par_1_52' title="bbox 970 1348 1758 1385">
     <span class='ocr_line' id='line_1_52' title="bbox 970 1348 1758 1385; baseline 0.001 -10"><span class='ocrx_word' id='word_1_376' title='bbox 970 1356 1030 1376; x_wconf 93' lang='lat' dir='ltr'><strong>rum</strong></span> <span class='ocrx_word' id='word_1_377' title='bbox 1047 1348 1081 1376; x_wconf 86' lang='lat' dir='ltr'><strong>ad</strong></span> <span class='ocrx_word' id='word_1_378' title='bbox 1096 1349 1231 1377; x_wconf 74' lang='lat' dir='ltr'><strong>columna:</strong></span> <span class='ocrx_word' id='word_1_379' title='bbox 1251 1349 1331 1376; x_wconf 83' lang='lat' dir='ltr'><strong>basin</strong></span> <span class='ocrx_word' id='word_1_380' title='bbox 1352 1349 1476 1385; x_wconf 86' lang='lat' dir='ltr'><strong>deponit.</strong></span> <span class='ocrx_word' id='word_1_381' title='bbox 1504 1349 1643 1376; x_wconf 89' lang='lat' dir='ltr'><strong>Continuo</strong></span> <span class='ocrx_word' id='word_1_382' title='bbox 1665 1353 1758 1376; x_wconf 80' lang='lat' dir='ltr'><strong>autem</strong></span> 
     </span>
    </p>
   </div>
   <div class='ocr_carea' id='block_1_53' title="bbox 971 1394 1759 1430">
    <p class='ocr_par' dir='ltr' id='par_1_53' title="bbox 971 1394 1759 1430">
     <span class='ocr_line' id='line_1_53' title="bbox 971 1394 1759 1430; baseline 0 -9"><span class='ocrx_word' id='word_1_383' title='bbox 971 1399 1100 1429; x_wconf 86' lang='lat' dir='ltr'><strong>tanquam</strong></span> <span class='ocrx_word' id='word_1_384' title='bbox 1112 1394 1204 1430; x_wconf 80' lang='lat' dir='ltr'><strong>fulgur</strong></span> <span class='ocrx_word' id='word_1_385' title='bbox 1218 1395 1338 1430; x_wconf 85' lang='lat' dir='ltr'><strong>desuper</strong></span> <span class='ocrx_word' id='word_1_386' title='bbox 1351 1403 1366 1422; x_wconf 90' lang='lat' dir='ltr'><strong>e</strong></span> <span class='ocrx_word' id='word_1_387' title='bbox 1397 1395 1498 1422; x_wconf 90' lang='lat' dir='ltr'><strong>melote</strong></span> <span class='ocrx_word' id='word_1_388' title='bbox 1523 1394 1668 1430; x_wconf 88' lang='lat' dir='ltr'><strong>Symeonis</strong></span> <span class='ocrx_word' id='word_1_389' title='bbox 1689 1395 1759 1422; x_wconf 72' lang='lat' dir='ltr'><strong>eriti-</strong></span> 
     </span>
    </p>
   </div>
   <div class='ocr_carea' id='block_1_54' title="bbox 970 1440 1759 1475">
    <p class='ocr_par' dir='ltr' id='par_1_54' title="bbox 970 1440 1759 1475">
     <span class='ocr_line' id='line_1_54' title="bbox 970 1440 1759 1475; baseline 0.001 -9"><span class='ocrx_word' id='word_1_390' title='bbox 970 1440 1037 1472; x_wconf 90' lang='lat' dir='ltr'><strong>cuit,</strong></span> <span class='ocrx_word' id='word_1_391' title='bbox 1058 1441 1102 1468; x_wconf 92' lang='lat' dir='ltr'><strong>cui</strong></span> <span class='ocrx_word' id='word_1_392' title='bbox 1118 1440 1228 1468; x_wconf 86' lang='lat' dir='ltr'><strong>additus</strong></span> <span class='ocrx_word' id='word_1_393' title='bbox 1245 1448 1329 1468; x_wconf 90' lang='lat' dir='ltr'><strong>sonus</strong></span> <span class='ocrx_word' id='word_1_394' title='bbox 1342 1440 1492 1475; x_wconf 87' lang='lat' dir='ltr'><strong>auditaque</strong></span> <span class='ocrx_word' id='word_1_395' title='bbox 1508 1445 1571 1475; x_wconf 86' lang='lat' dir='ltr'><strong>post</strong></span> <span class='ocrx_word' id='word_1_396' title='bbox 1584 1445 1691 1475; x_wconf 78' lang='lat' dir='ltr'><strong>tergum</strong></span> <span class='ocrx_word' id='word_1_397' title='bbox 1707 1447 1759 1467; x_wconf 77' lang='lat' dir='ltr'><strong>vox</strong></span> 
     </span>
    </p>
   </div>
   <div class='ocr_carea' id='block_1_55' title="bbox 969 1486 1755 1521">
    <p class='ocr_par' dir='ltr' id='par_1_55' title="bbox 969 1486 1755 1521">
     <span class='ocr_line' id='line_1_55' title="bbox 969 1486 1755 1521; baseline 0 -8"><span class='ocrx_word' id='word_1_398' title='bbox 969 1491 1020 1519; x_wconf 84' lang='lat' dir='ltr'><strong>est,</strong></span> <span class='ocrx_word' id='word_1_399' title='bbox 1039 1494 1100 1521; x_wconf 68' lang='lat' dir='ltr'><strong>qua:</strong></span> <span class='ocrx_word' id='word_1_400' title='bbox 1118 1486 1228 1514; x_wconf 87' lang='lat' dir='ltr'><strong>dicebat</strong></span> <span class='ocrx_word' id='word_1_401' title='bbox 1241 1495 1247 1513; x_wconf 88' lang='lat'><strong>:</strong></span> <span class='ocrx_word' id='word_1_402' title='bbox 1262 1487 1323 1519; x_wconf 81' lang='lat' dir='ltr'><strong>Exi,</strong></span> <span class='ocrx_word' id='word_1_403' title='bbox 1338 1486 1524 1521; x_wconf 88' lang='lat' dir='ltr'><strong>impurissime</strong></span> <span class='ocrx_word' id='word_1_404' title='bbox 1537 1486 1661 1521; x_wconf 85' lang='lat' dir='ltr'><strong>spiritus,</strong></span> <span class='ocrx_word' id='word_1_405' title='bbox 1675 1486 1755 1521; x_wconf 81' lang='lat' dir='ltr'><strong>fuga-</strong></span> 
     </span>
    </p>
   </div>
   <div class='ocr_carea' id='block_1_56' title="bbox 969 1531 1752 1567">
    <p class='ocr_par' dir='ltr' id='par_1_56' title="bbox 969 1531 1752 1567">
     <span class='ocr_line' id='line_1_56' title="bbox 969 1531 1752 1567; baseline -0.001 -8"><span class='ocrx_word' id='word_1_406' title='bbox 969 1536 1014 1559; x_wconf 90' lang='lat' dir='ltr'><strong>tus</strong></span> <span class='ocrx_word' id='word_1_407' title='bbox 1026 1540 1040 1558; x_wconf 90' lang='lat' dir='ltr'><strong>a</strong></span> <span class='ocrx_word' id='word_1_408' title='bbox 1058 1532 1168 1559; x_wconf 87' lang='lat' dir='ltr'><strong>Christo</strong></span> <span class='ocrx_word' id='word_1_409' title='bbox 1180 1540 1229 1567; x_wconf 89' lang='lat' dir='ltr'><strong>per</strong></span> <span class='ocrx_word' id='word_1_410' title='bbox 1241 1532 1357 1567; x_wconf 79' lang='lat' dir='ltr'><strong>gratiam</strong></span> <span class='ocrx_word' id='word_1_411' title='bbox 1386 1531 1541 1567; x_wconf 84' lang='lat' dir='ltr'><strong>Symeonis.</strong></span> <span class='ocrx_word' id='word_1_412' title='bbox 1557 1532 1596 1559; x_wconf 84' lang='lat' dir='ltr'><strong>ita</strong></span> <span class='ocrx_word' id='word_1_413' title='bbox 1618 1539 1687 1566; x_wconf 89' lang='lat' dir='ltr'><strong>puer</strong></span> <span class='ocrx_word' id='word_1_414' title='bbox 1699 1531 1752 1558; x_wconf 94' lang='lat' dir='ltr'><strong>du-</strong></span> 
     </span>
    </p>
   </div>
   <div class='ocr_carea' id='block_1_57' title="bbox 969 1577 1759 1612">
    <p class='ocr_par' dir='ltr' id='par_1_57' title="bbox 969 1577 1759 1612">
     <span class='ocr_line' id='line_1_57' title="bbox 969 1577 1759 1612; baseline 0 -8"><span class='ocrx_word' id='word_1_415' title='bbox 969 1577 1049 1612; x_wconf 88' lang='lat' dir='ltr'><strong>plicis</strong></span> <span class='ocrx_word' id='word_1_416' title='bbox 1064 1577 1131 1604; x_wconf 88' lang='lat' dir='ltr'><strong>mali</strong></span> <span class='ocrx_word' id='word_1_417' title='bbox 1140 1577 1315 1605; x_wconf 87' lang='lat' dir='ltr'><strong>curationem</strong></span> <span class='ocrx_word' id='word_1_418' title='bbox 1334 1577 1451 1612; x_wconf 87' lang='lat' dir='ltr'><strong>accepit,</strong></span> <span class='ocrx_word' id='word_1_419' title='bbox 1470 1585 1525 1604; x_wconf 90' lang='lat' dir='ltr'><strong>non</strong></span> <span class='ocrx_word' id='word_1_420' title='bbox 1542 1581 1648 1604; x_wconf 83' lang='lat' dir='ltr'><strong>tantum</strong></span> <span class='ocrx_word' id='word_1_421' title='bbox 1675 1585 1759 1604; x_wconf 78' lang='lat' dir='ltr'><strong>vexa—</strong></span> 
     </span>
    </p>
   </div>
   <div class='ocr_carea' id='block_1_58' title="bbox 130 1618 919 1654">
    <p class='ocr_par' dir='ltr' id='par_1_58' title="bbox 130 1618 916 1654">
     <span class='ocr_line' id='line_1_58' title="bbox 130 1618 916 1654; baseline -0.001 -9"><span class='ocrx_word' id='word_1_422' title='bbox 130 1619 189 1646; x_wconf 81' lang='grc' dir='ltr'>ιᾶτο</span> <span class='ocrx_word' id='word_1_423' title='bbox 202 1618 344 1652; x_wconf 85' lang='grc' dir='ltr'>μάστιγος,</span> <span class='ocrx_word' id='word_1_424' title='bbox 365 1619 395 1644; x_wconf 81' lang='grc' dir='ltr'>οὐ</span> <span class='ocrx_word' id='word_1_425' title='bbox 411 1619 460 1653; x_wconf 77' lang='grc' dir='ltr'><strong>τῆς</strong></span> <span class='ocrx_word' id='word_1_426' title='bbox 473 1618 520 1645; x_wconf 88' lang='grc' dir='ltr'><strong>τοῦ</strong></span> <span class='ocrx_word' id='word_1_427' title='bbox 539 1618 667 1654; x_wconf 82' lang='grc' dir='ltr'>δαίμονος</span> <span class='ocrx_word' id='word_1_428' title='bbox 685 1619 767 1653; x_wconf 88' lang='grc' dir='ltr'>μόνον</span> <span class='ocrx_word' id='word_1_429' title='bbox 784 1618 916 1653; x_wconf 80' lang='grc' dir='ltr'>ἐπηρείας</span> 
     </span>
    </p>
   </div>
   <div class='ocr_carea' id='block_1_59' title="bbox 972 1618 1760 1654">
    <p class='ocr_par' dir='ltr' id='par_1_59' title="bbox 972 1622 1760 1654">
     <span class='ocr_line' id='line_1_59' title="bbox 972 1622 1760 1654; baseline -0.001 -3"><span class='ocrx_word' id='word_1_430' title='bbox 972 1624 1045 1651; x_wconf 88' lang='lat' dir='ltr'><strong>tione</strong></span> <span class='ocrx_word' id='word_1_431' title='bbox 1073 1623 1205 1651; x_wconf 74' lang='lat' dir='ltr'><strong>daemonis</strong></span> <span class='ocrx_word' id='word_1_432' title='bbox 1233 1623 1378 1654; x_wconf 86' lang='lat' dir='ltr'><strong>liberatus,</strong></span> <span class='ocrx_word' id='word_1_433' title='bbox 1410 1623 1457 1650; x_wconf 89' lang='lat' dir='ltr'><strong>sed</strong></span> <span class='ocrx_word' id='word_1_434' title='bbox 1482 1623 1555 1649; x_wconf 82' lang='lat' dir='ltr'><strong>clara</strong></span> <span class='ocrx_word' id='word_1_435' title='bbox 1581 1622 1664 1649; x_wconf 89' lang='lat' dir='ltr'><strong>etiam</strong></span> <span class='ocrx_word' id='word_1_436' title='bbox 1693 1630 1760 1650; x_wconf 88' lang='lat' dir='ltr'><strong>voce</strong></span> 
     </span>
    </p>
   </div>
   <div class='ocr_carea' id='block_1_60' title="bbox 131 1663 919 1700">
    <p class='ocr_par' dir='ltr' id='par_1_60' title="bbox 131 1663 919 1700">
     <span class='ocr_line' id='line_1_60' title="bbox 131 1663 919 1700; baseline -0.001 -11"><span class='ocrx_word' id='word_1_437' title='bbox 131 1663 353 1698; x_wconf 83' lang='grc' dir='ltr'>ἀπηλλαγμένος,</span> <span class='ocrx_word' id='word_1_438' title='bbox 372 1663 441 1690; x_wconf 83' lang='grc' dir='ltr'>ἀλλὰ</span> <span class='ocrx_word' id='word_1_439' title='bbox 459 1663 507 1690; x_wconf 74' lang='grc' dir='ltr'><strong>καὶ</strong></span> <span class='ocrx_word' id='word_1_440' title='bbox 528 1664 642 1699; x_wconf 84' lang='grc' dir='ltr'>λαμπρᾷ</span> <span class='ocrx_word' id='word_1_441' title='bbox 661 1663 770 1700; x_wconf 85' lang='grc' dir='ltr'>γλώττῃ</span> <span class='ocrx_word' id='word_1_442' title='bbox 790 1663 857 1690; x_wconf 83' lang='grc' dir='ltr'>Θεὸν</span> <span class='ocrx_word' id='word_1_443' title='bbox 873 1663 919 1689; x_wconf 78' lang='grc' dir='ltr'>καὶ</span> 
     </span>
    </p>
   </div>
   <div class='ocr_carea' id='block_1_61' title="bbox 128 1701 920 1744">
    <p class='ocr_par' dir='ltr' id='par_1_61' title="bbox 128 1701 920 1744">
     <span class='ocr_line' id='line_1_61' title="bbox 128 1701 920 1744; baseline 0 -8"><span class='ocrx_word' id='word_1_444' title='bbox 128 1710 174 1736; x_wconf 84' lang='grc' dir='ltr'><strong>τδν</strong></span> <span class='ocrx_word' id='word_1_445' title='bbox 190 1701 273 1736; x_wconf 75' lang='grc' dir='ltr'>αὑτοῦ</span> <span class='ocrx_word' id='word_1_446' title='bbox 295 1709 448 1744; x_wconf 80' lang='grc' dir='ltr'>θεράποντα</span> <span class='ocrx_word' id='word_1_447' title='bbox 474 1709 649 1744; x_wconf 80' lang='grc' dir='ltr'>μεγαλύνων.</span> <span class='ocrx_word' id='word_1_448' title='bbox 667 1709 745 1736; x_wconf 81' lang='grc' dir='ltr'>Μετὰ</span> <span class='ocrx_word' id='word_1_449' title='bbox 777 1710 805 1736; x_wconf 78' lang='grc' dir='ltr'>δὲ</span> <span class='ocrx_word' id='word_1_450' title='bbox 834 1709 920 1736; x_wconf 82' lang='grc' dir='ltr'>ταῦτα</span> 
     </span>
    </p>
   </div>
   <div class='ocr_carea' id='block_1_62' title="bbox 130 1754 918 1790">
    <p class='ocr_par' dir='ltr' id='par_1_62' title="bbox 130 1754 918 1790">
     <span class='ocr_line' id='line_1_62' title="bbox 130 1754 918 1790; baseline 0 -10"><span class='ocrx_word' id='word_1_451' title='bbox 130 1754 257 1789; x_wconf 81' lang='grc' dir='ltr'>πρόσεισί</span> <span class='ocrx_word' id='word_1_452' title='bbox 272 1763 313 1786; x_wconf 85' lang='grc' dir='ltr'><strong>τις</strong></span> <span class='ocrx_word' id='word_1_453' title='bbox 330 1755 400 1790; x_wconf 85' lang='grc' dir='ltr'>ἀνὴρ</span> <span class='ocrx_word' id='word_1_454' title='bbox 415 1754 489 1790; x_wconf 81' lang='grc' dir='ltr'><strong>αύτῷ</strong></span> <span class='ocrx_word' id='word_1_455' title='bbox 512 1755 563 1789; x_wconf 87' lang='grc' dir='ltr'><strong>τῆς</strong></span> <span class='ocrx_word' id='word_1_456' title='bbox 578 1754 773 1781; x_wconf 75' lang='grc' dir='ltr'>Καππαδοκῶν</span> <span class='ocrx_word' id='word_1_457' title='bbox 787 1755 918 1790; x_wconf 82' lang='grc' dir='ltr'>ὡρμημέ-</span> 
     </span>
    </p>
   </div>
   <div class='ocr_carea' id='block_1_63' title="bbox 129 1801 919 1838">
    <p class='ocr_par' dir='ltr' id='par_1_63' title="bbox 129 1801 919 1838">
     <span class='ocr_line' id='line_1_63' title="bbox 129 1801 919 1838; baseline -0.004 -8"><span class='ocrx_word' id='word_1_458' title='bbox 129 1811 174 1835; x_wconf 87' lang='grc' dir='ltr'><strong>νος</strong></span> <span class='ocrx_word' id='word_1_459' title='bbox 188 1803 295 1838; x_wconf 79' lang='grc' dir='ltr'>δαίμονι</span> <span class='ocrx_word' id='word_1_460' title='bbox 309 1802 403 1834; x_wconf 79' lang='grc' dir='ltr'>δεινῶς</span> <span class='ocrx_word' id='word_1_461' title='bbox 429 1802 602 1837; x_wconf 79' lang='grc' dir='ltr'>ὲταζόμενος,</span> <span class='ocrx_word' id='word_1_462' title='bbox 625 1801 750 1836; x_wconf 84' lang='grc' dir='ltr'>Ἐλέησόν</span> <span class='ocrx_word' id='word_1_463' title='bbox 774 1810 818 1836; x_wconf 86' lang='grc' dir='ltr'><strong>με,</strong></span> <span class='ocrx_word' id='word_1_464' title='bbox 843 1801 919 1828; x_wconf 81' lang='grc' dir='ltr'>δοῦλε</span> 
     </span>
    </p>
   </div>
   <div class='ocr_carea' id='block_1_64' title="bbox 130 1847 920 1884">
    <p class='ocr_par' dir='ltr' id='par_1_64' title="bbox 130 1847 920 1884">
     <span class='ocr_line' id='line_1_64' title="bbox 130 1847 920 1884; baseline 0 -10"><span class='ocrx_word' id='word_1_465' title='bbox 130 1848 176 1875; x_wconf 82' lang='grc' dir='ltr'><strong>τοῦ</strong></span> <span class='ocrx_word' id='word_1_466' title='bbox 191 1848 269 1882; x_wconf 85' lang='grc' dir='ltr'>Θεοῦ,</span> <span class='ocrx_word' id='word_1_467' title='bbox 281 1847 454 1884; x_wconf 78' lang='grc' dir='ltr'>κράζων,ὐπὺ</span> <span class='ocrx_word' id='word_1_468' title='bbox 465 1848 589 1883; x_wconf 80' lang='grc' dir='ltr'>δαίμονος</span> <span class='ocrx_word' id='word_1_469' title='bbox 603 1847 803 1880; x_wconf 85' lang='grc' dir='ltr'>θανατούμενον</span> <span class='ocrx_word' id='word_1_470' title='bbox 817 1856 823 1863; x_wconf 89' lang='grc'>·</span> <span class='ocrx_word' id='word_1_471' title='bbox 837 1847 920 1874; x_wconf 84' lang='grc' dir='ltr'>τοῦτο</span> 
     </span>
    </p>
   </div>
   <div class='ocr_carea' id='block_1_65' title="bbox 130 1892 918 1930">
    <p class='ocr_par' dir='ltr' id='par_1_65' title="bbox 130 1892 918 1930">
     <span class='ocr_line' id='line_1_65' title="bbox 130 1892 918 1930; baseline 0 -11"><span class='ocrx_word' id='word_1_472' title='bbox 130 1893 159 1920; x_wconf 83' lang='grc' dir='ltr'>δὲ</span> <span class='ocrx_word' id='word_1_473' title='bbox 180 1894 225 1920; x_wconf 81' lang='grc' dir='ltr'>καὶ</span> <span class='ocrx_word' id='word_1_474' title='bbox 240 1894 280 1925; x_wconf 79' lang='grc' dir='ltr'><strong>είς</strong></span> <span class='ocrx_word' id='word_1_475' title='bbox 304 1893 402 1928; x_wconf 82' lang='grc' dir='ltr'>τρίτην</span> <span class='ocrx_word' id='word_1_476' title='bbox 419 1893 481 1929; x_wconf 76' lang='grc' dir='ltr'>ἑξῆς</span> <span class='ocrx_word' id='word_1_477' title='bbox 493 1893 601 1928; x_wconf 77' lang='grc' dir='ltr'>ἡμέραν</span> <span class='ocrx_word' id='word_1_478' title='bbox 621 1894 739 1930; x_wconf 78' lang='grc' dir='ltr'>ἐπέμενε</span> <span class='ocrx_word' id='word_1_479' title='bbox 760 1892 840 1928; x_wconf 87' lang='grc' dir='ltr'>δρῶν.</span> <span class='ocrx_word' id='word_1_480' title='bbox 862 1894 918 1919; x_wconf 86' lang='grc' dir='ltr'>Πα-</span> 
     </span>
    </p>
   </div>
   <div class='ocr_carea' id='block_1_66' title="bbox 131 1937 919 1974">
    <p class='ocr_par' dir='ltr' id='par_1_66' title="bbox 131 1937 919 1974">
     <span class='ocr_line' id='line_1_66' title="bbox 131 1937 919 1974; baseline 0 -10"><span class='ocrx_word' id='word_1_481' title='bbox 131 1937 256 1973; x_wconf 80' lang='grc' dir='ltr'>ρακύψας</span> <span class='ocrx_word' id='word_1_482' title='bbox 279 1937 369 1964; x_wconf 78' lang='grc' dir='ltr'>τοίνυν</span> <span class='ocrx_word' id='word_1_483' title='bbox 384 1939 398 1964; x_wconf 87' lang='grc' dir='ltr'><strong>ό</strong></span> <span class='ocrx_word' id='word_1_484' title='bbox 415 1938 487 1974; x_wconf 79' lang='grc' dir='ltr'>ἱερὸς</span> <span class='ocrx_word' id='word_1_485' title='bbox 517 1938 643 1973; x_wconf 86' lang='grc' dir='ltr'>Συμεὼν,</span> <span class='ocrx_word' id='word_1_486' title='bbox 657 1938 696 1974; x_wconf 83' lang='grc' dir='ltr'><strong>τῷ</strong></span> <span class='ocrx_word' id='word_1_487' title='bbox 716 1947 747 1965; x_wconf 83' lang='grc' dir='ltr'><strong>τε</strong></span> <span class='ocrx_word' id='word_1_488' title='bbox 780 1938 919 1973; x_wconf 83' lang='grc' dir='ltr'>πνεύματι</span> 
     </span>
    </p>
   </div>
   <div class='ocr_carea' id='block_1_67' title="bbox 129 1981 920 2020">
    <p class='ocr_par' dir='ltr' id='par_1_67' title="bbox 129 1981 920 2020">
     <span class='ocr_line' id='line_1_67' title="bbox 129 1981 920 2020; baseline 0.001 -11"><span class='ocrx_word' id='word_1_489' title='bbox 129 1982 170 2018; x_wconf 87' lang='grc' dir='ltr'>τῷ</span> <span class='ocrx_word' id='word_1_490' title='bbox 186 1983 334 2019; x_wconf 80' lang='grc' dir='ltr'>ἀκαθάρτῳ</span> <span class='ocrx_word' id='word_1_491' title='bbox 362 1984 541 2019; x_wconf 77' lang='grc' dir='ltr'>ἐπιτιμήσας,</span> <span class='ocrx_word' id='word_1_492' title='bbox 555 1981 615 2011; x_wconf 76' lang='grc' dir='ltr'>εἵτα</span> <span class='ocrx_word' id='word_1_493' title='bbox 645 1985 693 2011; x_wconf 78' lang='grc' dir='ltr'>καὶ</span> <span class='ocrx_word' id='word_1_494' title='bbox 721 1984 874 2020; x_wconf 83' lang='grc' dir='ltr'>κράσπεδόν</span> <span class='ocrx_word' id='word_1_495' title='bbox 893 1993 920 2010; x_wconf 87' lang='grc' dir='ltr'><strong>τι</strong></span> 
     </span>
    </p>
   </div>
   <div class='ocr_carea' id='block_1_68' title="bbox 130 2028 917 2065">
    <p class='ocr_par' dir='ltr' id='par_1_68' title="bbox 130 2028 917 2065">
     <span class='ocr_line' id='line_1_68' title="bbox 130 2028 917 2065; baseline 0 -11"><span class='ocrx_word' id='word_1_496' title='bbox 130 2028 177 2054; x_wconf 85' lang='grc' dir='ltr'><strong>τοῦ</strong></span> <span class='ocrx_word' id='word_1_497' title='bbox 196 2029 296 2055; x_wconf 80' lang='grc' dir='ltr'>οἰκείου</span> <span class='ocrx_word' id='word_1_498' title='bbox 311 2030 413 2055; x_wconf 78' lang='grc' dir='ltr'>σάκκου</span> <span class='ocrx_word' id='word_1_499' title='bbox 429 2030 614 2065; x_wconf 79' lang='grc' dir='ltr'>φυλακτήριον</span> <span class='ocrx_word' id='word_1_500' title='bbox 624 2029 664 2064; x_wconf 84' lang='grc' dir='ltr'>τῷ</span> <span class='ocrx_word' id='word_1_501' title='bbox 679 2029 757 2065; x_wconf 78' lang='grc' dir='ltr'>ἀνδρὶ</span> <span class='ocrx_word' id='word_1_502' title='bbox 779 2028 917 2059; x_wconf 81' lang='grc' dir='ltr'>δεδωκὼς,</span> 
     </span>
    </p>
   </div>
   <div class='ocr_carea' id='block_1_69' title="bbox 131 2072 915 2110">
    <p class='ocr_par' dir='ltr' id='par_1_69' title="bbox 131 2072 915 2110">
     <span class='ocr_line' id='line_1_69' title="bbox 131 2072 915 2110; baseline 0 -10"><span class='ocrx_word' id='word_1_503' title='bbox 131 2075 195 2110; x_wconf 83' lang='grc' dir='ltr'>ὑγιῆ</span> <span class='ocrx_word' id='word_1_504' title='bbox 223 2074 317 2101; x_wconf 88' lang='grc' dir='ltr'>τοῦτον</span> <span class='ocrx_word' id='word_1_505' title='bbox 341 2074 433 2101; x_wconf 73' lang='grc' dir='ltr'>οἴκαδε</span> <span class='ocrx_word' id='word_1_506' title='bbox 453 2074 577 2101; x_wconf 80' lang='grc' dir='ltr'>ἀπολύει.</span> <span class='ocrx_word' id='word_1_507' title='bbox 602 2072 630 2101; x_wconf 90' lang='lat'><strong>&#39;0</strong></span> <span class='ocrx_word' id='word_1_508' title='bbox 645 2075 673 2101; x_wconf 86' lang='grc' dir='ltr'>δὲ</span> <span class='ocrx_word' id='word_1_509' title='bbox 699 2072 740 2106; x_wconf 73' lang='grc' dir='ltr'><strong>οἷς</strong></span> <span class='ocrx_word' id='word_1_510' title='bbox 759 2075 792 2102; x_wconf 83' lang='grc' dir='ltr'>ἂν</span> <span class='ocrx_word' id='word_1_511' title='bbox 807 2074 915 2108; x_wconf 83' lang='grc' dir='ltr'>ἐντύχοι</span> 
     </span>
    </p>
   </div>
   <div class='ocr_carea' id='block_1_70' title="bbox 131 2119 920 2156">
    <p class='ocr_par' dir='ltr' id='par_1_70' title="bbox 131 2119 920 2156">
     <span class='ocr_line' id='line_1_70' title="bbox 131 2119 920 2156; baseline -0.003 -9"><span class='ocrx_word' id='word_1_512' title='bbox 131 2121 213 2147; x_wconf 88' lang='grc' dir='ltr'>πάλιν</span> <span class='ocrx_word' id='word_1_513' title='bbox 230 2121 329 2156; x_wconf 79' lang='grc' dir='ltr'>ὁμοίως</span> <span class='ocrx_word' id='word_1_514' title='bbox 344 2121 477 2154; x_wconf 83' lang='grc' dir='ltr'>πάσχουσι</span> <span class='ocrx_word' id='word_1_515' title='bbox 493 2119 671 2156; x_wconf 79' lang='grc' dir='ltr'>(πεπαίδευτο</span> <span class='ocrx_word' id='word_1_516' title='bbox 688 2120 743 2155; x_wconf 85' lang='grc' dir='ltr'>γὰρ</span> <span class='ocrx_word' id='word_1_517' title='bbox 764 2119 795 2146; x_wconf 78' lang='grc' dir='ltr'><strong>τὸ</strong></span> <span class='ocrx_word' id='word_1_518' title='bbox 811 2128 920 2155; x_wconf 69' lang='grc' dir='ltr'>συμπαε</span> 
     </span>
    </p>
   </div>
   <div class='ocr_carea' id='block_1_71' title="bbox 131 2157 917 2201">
    <p class='ocr_par' dir='ltr' id='par_1_71' title="bbox 131 2157 917 2201">
     <span class='ocr_line' id='line_1_71' title="bbox 131 2157 917 2201; baseline -0.004 -7"><span class='ocrx_word' id='word_1_519' title='bbox 131 2168 178 2198; x_wconf 78' lang='grc' dir='ltr'>θὲς</span> <span class='ocrx_word' id='word_1_520' title='bbox 211 2167 240 2199; x_wconf 77' lang='grc' dir='ltr'><strong>ἐξ</strong></span> <span class='ocrx_word' id='word_1_521' title='bbox 253 2157 290 2194; x_wconf 76' lang='grc' dir='ltr'><strong>ὧν</strong></span> <span class='ocrx_word' id='word_1_522' title='bbox 307 2166 461 2201; x_wconf 78' lang='grc' dir='ltr'>πέπονθεν),</span> <span class='ocrx_word' id='word_1_523' title='bbox 475 2167 592 2201; x_wconf 80' lang='grc' dir='ltr'>ἑτοίμως</span> <span class='ocrx_word' id='word_1_524' title='bbox 613 2167 643 2192; x_wconf 84' lang='grc' dir='ltr'>τὸ</span> <span class='ocrx_word' id='word_1_525' title='bbox 662 2165 739 2192; x_wconf 81' lang='grc' dir='ltr'>δοθὲν</span> <span class='ocrx_word' id='word_1_526' title='bbox 755 2165 892 2200; x_wconf 85' lang='grc' dir='ltr'>μετεδίδου</span> <span class='ocrx_word' id='word_1_527' title='bbox 910 2174 917 2180; x_wconf 94' lang='grc'><strong>·</strong></span> 
     </span>
    </p>
   </div>
   <div class='ocr_carea' id='block_1_72' title="bbox 131 2212 920 2249">
    <p class='ocr_par' dir='ltr' id='par_1_72' title="bbox 131 2212 920 2249">
     <span class='ocr_line' id='line_1_72' title="bbox 131 2212 920 2249; baseline -0.005 -8"><span class='ocrx_word' id='word_1_528' title='bbox 131 2214 156 2241; x_wconf 85' lang='grc' dir='ltr'>οἳ</span> <span class='ocrx_word' id='word_1_529' title='bbox 174 2213 321 2249; x_wconf 77' lang='grc' dir='ltr'>θεραπείας</span> <span class='ocrx_word' id='word_1_530' title='bbox 335 2213 382 2239; x_wconf 76' lang='grc' dir='ltr'><strong>καὶ</strong></span> <span class='ocrx_word' id='word_1_531' title='bbox 400 2212 477 2239; x_wconf 66' lang='grc' dir='ltr'><strong>αὑτολ⁸</strong></span> <span class='ocrx_word' id='word_1_532' title='bbox 488 2213 680 2248; x_wconf 75' lang='grc' dir='ltr'>τυγχάνοντες,</span> <span class='ocrx_word' id='word_1_533' title='bbox 690 2212 728 2247; x_wconf 84' lang='grc' dir='ltr'>τῷ</span> <span class='ocrx_word' id='word_1_534' title='bbox 740 2212 823 2247; x_wconf 84' lang='grc' dir='ltr'>κοινῷ</span> <span class='ocrx_word' id='word_1_535' title='bbox 838 2220 920 2247; x_wconf 84' lang='grc' dir='ltr'>προτ-</span> 
     </span>
    </p>
   </div>
   <div class='ocr_carea' id='block_1_73' title="bbox 131 2258 918 2297">
    <p class='ocr_par' dir='ltr' id='par_1_73' title="bbox 131 2258 918 2297">
     <span class='ocr_line' id='line_1_73' title="bbox 131 2258 918 2297; baseline -0.005 -10"><span class='ocrx_word' id='word_1_536' title='bbox 131 2260 216 2297; x_wconf 80' lang='grc' dir='ltr'>ῄεσαν</span> <span class='ocrx_word' id='word_1_537' title='bbox 229 2259 361 2295; x_wconf 81' lang='grc' dir='ltr'>εὐεργέτῃ</span> <span class='ocrx_word' id='word_1_538' title='bbox 378 2258 448 2294; x_wconf 85' lang='grc' dir='ltr'><strong>Θεῷ,</strong></span> <span class='ocrx_word' id='word_1_539' title='bbox 460 2260 507 2285; x_wconf 70' lang='grc' dir='ltr'><strong>καὶ</strong></span> <span class='ocrx_word' id='word_1_540' title='bbox 521 2259 595 2294; x_wconf 83' lang='grc' dir='ltr'><strong>αὑτῷ</strong></span> <span class='ocrx_word' id='word_1_541' title='bbox 602 2259 651 2290; x_wconf 82' lang='grc' dir='ltr'><strong>τὰς</strong></span> <span class='ocrx_word' id='word_1_542' title='bbox 663 2258 838 2294; x_wconf 81' lang='grc' dir='ltr'>εὐχαριστίας</span> <span class='ocrx_word' id='word_1_543' title='bbox 851 2258 918 2284; x_wconf 88' lang='grc' dir='ltr'>άπο-</span> 
     </span>
    </p>
   </div>
   <div class='ocr_carea' id='block_1_74' title="bbox 131 2305 258 2336">
    <p class='ocr_par' dir='ltr' id='par_1_74' title="bbox 131 2305 258 2336">
     <span class='ocr_line' id='line_1_74' title="bbox 131 2305 258 2336; baseline -0.008 -4"><span class='ocrx_word' id='word_1_544' title='bbox 131 2305 258 2336; x_wconf 77' lang='grc' dir='ltr'>διδόντες.</span> 
     </span>
    </p>
   </div>
   <div class='ocr_carea' id='block_1_75' title="bbox 167 2348 919 2386">
    <p class='ocr_par' dir='ltr' id='par_1_75' title="bbox 167 2348 919 2386">
     <span class='ocr_line' id='line_1_75' title="bbox 167 2348 919 2386; baseline -0.004 -9"><span class='ocrx_word' id='word_1_545' title='bbox 167 2351 216 2386; x_wconf 83' lang='grc' dir='ltr'><strong>νβ’.</strong></span> <span class='ocrx_word' id='word_1_546' title='bbox 233 2349 351 2377; x_wconf 85' lang='grc' dir='ltr'>Νεανίαν</span> <span class='ocrx_word' id='word_1_547' title='bbox 375 2349 436 2377; x_wconf 73' lang='grc' dir='ltr'>τινὰ</span> <span class='ocrx_word' id='word_1_548' title='bbox 461 2349 566 2385; x_wconf 87' lang='grc' dir='ltr'>δαίμων</span> <span class='ocrx_word' id='word_1_549' title='bbox 591 2349 718 2376; x_wconf 83' lang='grc' dir='ltr'>τοσοῦτον</span> <span class='ocrx_word' id='word_1_550' title='bbox 739 2349 866 2384; x_wconf 76' lang='grc' dir='ltr'>ἠνώχλει,</span> <span class='ocrx_word' id='word_1_551' title='bbox 881 2348 919 2380; x_wconf 83' lang='grc' dir='ltr'>ὡς</span> 
     </span>
    </p>
   </div>
   <div class='ocr_carea' id='block_1_76' title="bbox 133 2394 920 2432">
    <p class='ocr_par' dir='ltr' id='par_1_76' title="bbox 133 2394 920 2432">
     <span class='ocr_line' id='line_1_76' title="bbox 133 2394 920 2432; baseline -0.003 -10"><span class='ocrx_word' id='word_1_552' title='bbox 133 2397 238 2432; x_wconf 78' lang='grc' dir='ltr'>ῥίπτειν</span> <span class='ocrx_word' id='word_1_553' title='bbox 273 2395 368 2422; x_wconf 76' lang='grc' dir='ltr'>ἑαυτὸν</span> <span class='ocrx_word' id='word_1_554' title='bbox 399 2395 471 2422; x_wconf 80' lang='grc' dir='ltr'>κατὰ</span> <span class='ocrx_word' id='word_1_555' title='bbox 505 2396 568 2431; x_wconf 89' lang='grc' dir='ltr'>γῆς,</span> <span class='ocrx_word' id='word_1_556' title='bbox 600 2396 646 2422; x_wconf 82' lang='grc' dir='ltr'>καὶ</span> <span class='ocrx_word' id='word_1_557' title='bbox 684 2395 744 2421; x_wconf 86' lang='grc' dir='ltr'>λίαν</span> <span class='ocrx_word' id='word_1_558' title='bbox 757 2394 920 2430; x_wconf 82' lang='grc' dir='ltr'>ἀσχημόνως</span> 
     </span>
    </p>
   </div>
   <div class='ocr_carea' id='block_1_77' title="bbox 134 2440 920 2478">
    <p class='ocr_par' dir='ltr' id='par_1_77' title="bbox 134 2440 920 2478">
     <span class='ocr_line' id='line_1_77' title="bbox 134 2440 920 2478; baseline -0.003 -10"><span class='ocrx_word' id='word_1_559' title='bbox 134 2442 312 2478; x_wconf 80' lang='grc' dir='ltr'>σπαράττειν,</span> <span class='ocrx_word' id='word_1_560' title='bbox 327 2441 376 2477; x_wconf 77' lang='grc' dir='ltr'><strong>ἤδη</strong></span> <span class='ocrx_word' id='word_1_561' title='bbox 394 2441 422 2468; x_wconf 75' lang='grc' dir='ltr'>δὲ</span> <span class='ocrx_word' id='word_1_562' title='bbox 443 2443 492 2468; x_wconf 68' lang='grc' dir='ltr'>καὶ</span> <span class='ocrx_word' id='word_1_563' title='bbox 505 2442 555 2476; x_wconf 80' lang='grc' dir='ltr'><strong>τῆς</strong></span> <span class='ocrx_word' id='word_1_564' title='bbox 568 2441 672 2472; x_wconf 80' lang='grc' dir='ltr'>οίκείας</span> <span class='ocrx_word' id='word_1_565' title='bbox 688 2440 812 2474; x_wconf 85' lang='grc' dir='ltr'>γλώττης</span> <span class='ocrx_word' id='word_1_566' title='bbox 837 2440 920 2466; x_wconf 83' lang='grc' dir='ltr'>ὲλεει-</span> 
     </span>
    </p>
   </div>
   <div class='ocr_carea' id='block_1_78' title="bbox 133 2487 920 2523">
    <p class='ocr_par' dir='ltr' id='par_1_78' title="bbox 133 2487 920 2523">
     <span class='ocr_line' id='line_1_78' title="bbox 133 2487 920 2523; baseline -0.003 -9"><span class='ocrx_word' id='word_1_567' title='bbox 133 2488 188 2519; x_wconf 91' lang='grc' dir='ltr'><strong>νῶς</strong></span> <span class='ocrx_word' id='word_1_568' title='bbox 218 2487 420 2523; x_wconf 83' lang='grc' dir='ltr'>παρατρώγειν.</span> <span class='ocrx_word' id='word_1_569' title='bbox 439 2487 541 2514; x_wconf 82' lang='grc' dir='ltr'>Τοῦτον</span> <span class='ocrx_word' id='word_1_570' title='bbox 565 2487 712 2522; x_wconf 79' lang='grc' dir='ltr'>τοιγαροῦν</span> <span class='ocrx_word' id='word_1_571' title='bbox 727 2487 765 2522; x_wconf 86' lang='grc' dir='ltr'>τῷ</span> <span class='ocrx_word' id='word_1_572' title='bbox 781 2487 846 2522; x_wconf 85' lang='grc' dir='ltr'>θείῳ</span> <span class='ocrx_word' id='word_1_573' title='bbox 868 2487 920 2513; x_wconf 89' lang='grc' dir='ltr'><strong>Συ-</strong></span> 
     </span>
    </p>
   </div>
   <div class='ocr_carea' id='block_1_79' title="bbox 135 2532 919 2569">
    <p class='ocr_par' dir='ltr' id='par_1_79' title="bbox 135 2532 919 2569">
     <span class='ocr_line' id='line_1_79' title="bbox 135 2532 919 2569; baseline -0.003 -9"><span class='ocrx_word' id='word_1_574' title='bbox 135 2534 208 2569; x_wconf 82' lang='grc' dir='ltr'>μεὼν</span> <span class='ocrx_word' id='word_1_575' title='bbox 219 2532 412 2569; x_wconf 83' lang='grc' dir='ltr'>προσελθόντα,</span> <span class='ocrx_word' id='word_1_576' title='bbox 427 2533 475 2560; x_wconf 78' lang='grc' dir='ltr'>καὶ</span> <span class='ocrx_word' id='word_1_577' title='bbox 487 2532 597 2568; x_wconf 82' lang='grc' dir='ltr'>θερμῶς</span> <span class='ocrx_word' id='word_1_578' title='bbox 607 2532 690 2558; x_wconf 79' lang='grc' dir='ltr'>αὑτοῦ</span> <span class='ocrx_word' id='word_1_579' title='bbox 705 2532 919 2567; x_wconf 80' lang='grc' dir='ltr'>καταδεηθέντα,</span> 
     </span>
    </p>
   </div>
   <div class='ocr_carea' id='block_1_80' title="bbox 134 2578 927 2615">
    <p class='ocr_par' dir='ltr' id='par_1_80' title="bbox 134 2578 927 2615">
     <span class='ocr_line' id='line_1_80' title="bbox 134 2578 927 2615; baseline -0.001 -10"><span class='ocrx_word' id='word_1_580' title='bbox 134 2580 293 2615; x_wconf 73' lang='grc' dir='ltr'>ἐπιτιμήσει</span> <span class='ocrx_word' id='word_1_581' title='bbox 319 2580 390 2605; x_wconf 81' lang='grc' dir='ltr'>κατὰ</span> <span class='ocrx_word' id='word_1_582' title='bbox 413 2578 461 2604; x_wconf 81' lang='grc' dir='ltr'><strong>τοῦ</strong></span> <span class='ocrx_word' id='word_1_583' title='bbox 488 2578 606 2613; x_wconf 84' lang='grc' dir='ltr'>πονηροῦ</span> <span class='ocrx_word' id='word_1_584' title='bbox 633 2578 808 2613; x_wconf 78' lang='grc' dir='ltr'>πνεύματος,</span> <span class='ocrx_word' id='word_1_585' title='bbox 832 2578 927 2604; x_wconf 78' lang='grc' dir='ltr'>τοῦτον</span> 
     </span>
    </p>
   </div>
   <div class='ocr_carea' id='block_1_81' title="bbox 135 2623 929 2658">
    <p class='ocr_par' dir='ltr' id='par_1_81' title="bbox 135 2623 929 2658">
     <span class='ocr_line' id='line_1_81' title="bbox 135 2623 929 2658; baseline -0.001 -7"><span class='ocrx_word' id='word_1_586' title='bbox 135 2624 302 2651; x_wconf 80' lang='grc' dir='ltr'>ἀπαλλάττει</span> <span class='ocrx_word' id='word_1_587' title='bbox 313 2623 360 2649; x_wconf 84' lang='grc' dir='ltr'><strong>τοῦ</strong></span> <span class='ocrx_word' id='word_1_588' title='bbox 374 2623 557 2658; x_wconf 81' lang='grc' dir='ltr'>ἐνοχλοῦντος,</span> <span class='ocrx_word' id='word_1_589' title='bbox 569 2624 616 2650; x_wconf 72' lang='grc' dir='ltr'>καὶ</span> <span class='ocrx_word' id='word_1_590' title='bbox 624 2623 709 2657; x_wconf 78' lang='grc' dir='ltr'>ὑγιῶς</span> <span class='ocrx_word' id='word_1_591' title='bbox 721 2624 819 2650; x_wconf 73' lang='grc' dir='ltr'>αὐτίκα</span> <span class='ocrx_word' id='word_1_592' title='bbox 828 2623 929 2653; x_wconf 83' lang='grc' dir='ltr'>δείκνυ,</span> 
     </span>
    </p>
   </div>
   <div class='ocr_carea' id='block_1_82' title="bbox 137 2669 930 2705">
    <p class='ocr_par' dir='ltr' id='par_1_82' title="bbox 137 2669 930 2705">
     <span class='ocr_line' id='line_1_82' title="bbox 137 2669 930 2705; baseline 0 -9"><span class='ocrx_word' id='word_1_593' title='bbox 137 2679 180 2696; x_wconf 89' lang='grc' dir='ltr'><strong>σιν</strong></span> <span class='ocrx_word' id='word_1_594' title='bbox 195 2671 301 2705; x_wconf 81' lang='grc' dir='ltr'>ἔχοντα.</span> <span class='ocrx_word' id='word_1_595' title='bbox 310 2669 449 2704; x_wconf 79' lang='grc' dir='ltr'>Ἀντιοχέα</span> <span class='ocrx_word' id='word_1_596' title='bbox 461 2669 524 2695; x_wconf 78' lang='grc' dir='ltr'>τινὰ</span> <span class='ocrx_word' id='word_1_597' title='bbox 536 2671 644 2704; x_wconf 74' lang='grc' dir='ltr'>κατεῖχε</span> <span class='ocrx_word' id='word_1_598' title='bbox 659 2670 724 2705; x_wconf 80' lang='grc' dir='ltr'>περὶ</span> <span class='ocrx_word' id='word_1_599' title='bbox 736 2670 781 2696; x_wconf 62' lang='grc' dir='ltr'>τὴν</span> <span class='ocrx_word' id='word_1_600' title='bbox 796 2670 930 2705; x_wconf 84' lang='grc' dir='ltr'>στόμαχον</span> 
     </span>
    </p>
   </div>
   <div class='ocr_carea' id='block_1_83' title="bbox 137 2715 931 2750">
    <p class='ocr_par' dir='ltr' id='par_1_83' title="bbox 137 2715 931 2750">
     <span class='ocr_line' id='line_1_83' title="bbox 137 2715 931 2750; baseline 0 -7"><span class='ocrx_word' id='word_1_601' title='bbox 137 2717 222 2748; x_wconf 71' lang='grc' dir='ltr'>τάθος</span> <span class='ocrx_word' id='word_1_602' title='bbox 233 2737 239 2747; x_wconf 88' lang='grc'><strong>,</strong></span> <span class='ocrx_word' id='word_1_603' title='bbox 255 2716 326 2742; x_wconf 76' lang='grc' dir='ltr'>οὕτω</span> <span class='ocrx_word' id='word_1_604' title='bbox 337 2715 431 2746; x_wconf 81' lang='grc' dir='ltr'>δεινῶς</span> <span class='ocrx_word' id='word_1_605' title='bbox 444 2715 527 2742; x_wconf 82' lang='grc' dir='ltr'>αὑτοῦ</span> <span class='ocrx_word' id='word_1_606' title='bbox 541 2716 658 2750; x_wconf 66' lang='grc' dir='ltr'>στρέψον</span> <span class='ocrx_word' id='word_1_607' title='bbox 671 2716 705 2743; x_wconf 78' lang='grc' dir='ltr'><strong>τὰ</strong></span> <span class='ocrx_word' id='word_1_608' title='bbox 719 2716 793 2743; x_wconf 78' lang='grc' dir='ltr'>ἔνδον</span> <span class='ocrx_word' id='word_1_609' title='bbox 804 2737 811 2749; x_wconf 90' lang='grc'><strong>,</strong></span> <span class='ocrx_word' id='word_1_610' title='bbox 826 2716 864 2748; x_wconf 83' lang='grc' dir='ltr'>ὡς</span> <span class='ocrx_word' id='word_1_611' title='bbox 884 2717 931 2743; x_wconf 74' lang='grc' dir='ltr'><strong>καὶ</strong></span> 
     </span>
    </p>
   </div>
   <div class='ocr_carea' id='block_1_84' title="bbox 135 2761 929 2798">
    <p class='ocr_par' dir='ltr' id='par_1_84' title="bbox 135 2761 929 2798">
     <span class='ocr_line' id='line_1_84' title="bbox 135 2761 929 2798; baseline 0.001 -10"><span class='ocrx_word' id='word_1_612' title='bbox 135 2764 175 2797; x_wconf 77' lang='grc' dir='ltr'>τῷ</span> <span class='ocrx_word' id='word_1_613' title='bbox 199 2763 291 2796; x_wconf 73' lang='grc' dir='ltr'>ἐδάφει</span> <span class='ocrx_word' id='word_1_614' title='bbox 316 2762 516 2798; x_wconf 69' lang='grc' dir='ltr'>προσερῥίφθαι</span> <span class='ocrx_word' id='word_1_615' title='bbox 540 2762 685 2796; x_wconf 83' lang='grc' dir='ltr'>πολλάκις,</span> <span class='ocrx_word' id='word_1_616' title='bbox 699 2761 743 2789; x_wconf 72' lang='grc' dir='ltr'>οἷά</span> <span class='ocrx_word' id='word_1_617' title='bbox 755 2771 808 2789; x_wconf 90' lang='grc' dir='ltr'>τινι</span> <span class='ocrx_word' id='word_1_618' title='bbox 823 2763 929 2798; x_wconf 87' lang='grc' dir='ltr'>δαίμονι</span> 
     </span>
    </p>
   </div>
   <div class='ocr_carea' id='block_1_85' title="bbox 136 2807 930 2845">
    <p class='ocr_par' dir='ltr' id='par_1_85' title="bbox 136 2807 930 2845">
     <span class='ocr_line' id='line_1_85' title="bbox 136 2807 930 2845; baseline -0.003 -7"><span class='ocrx_word' id='word_1_619' title='bbox 136 2809 388 2844; x_wconf 74' lang='grc' dir='ltr'>καταϐεϐλημένον.</span> <span class='ocrx_word' id='word_1_620' title='bbox 407 2807 491 2840; x_wconf 64' lang='grc' dir='ltr'>Οὗτος</span> <span class='ocrx_word' id='word_1_621' title='bbox 516 2809 660 2844; x_wconf 83' lang='grc' dir='ltr'>τοιγαροῦν</span> <span class='ocrx_word' id='word_1_622' title='bbox 686 2810 865 2845; x_wconf 75' lang='grc' dir='ltr'>προσέρχεται</span> <span class='ocrx_word' id='word_1_623' title='bbox 892 2810 930 2845; x_wconf 80' lang='grc' dir='ltr'>τῷ</span> 
     </span>
    </p>
   </div>
   <div class='ocr_carea' id='block_1_86' title="bbox 136 2856 930 2894">
    <p class='ocr_par' dir='ltr' id='par_1_86' title="bbox 136 2856 930 2894">
     <span class='ocr_line' id='line_1_86' title="bbox 136 2856 930 2894; baseline -0.001 -9"><span class='ocrx_word' id='word_1_624' title='bbox 136 2858 218 2893; x_wconf 74' lang='grc' dir='ltr'>ἁγίῳ,</span> <span class='ocrx_word' id='word_1_625' title='bbox 226 2857 339 2892; x_wconf 72' lang='grc' dir='ltr'>δάκροσι</span> <span class='ocrx_word' id='word_1_626' title='bbox 351 2856 460 2892; x_wconf 70' lang='grc' dir='ltr'>μηνύων</span> <span class='ocrx_word' id='word_1_627' title='bbox 471 2856 518 2892; x_wconf 83' lang='grc' dir='ltr'>τὴν</span> <span class='ocrx_word' id='word_1_628' title='bbox 528 2857 640 2891; x_wconf 69' lang='grc' dir='ltr'>καρδίας</span> <span class='ocrx_word' id='word_1_629' title='bbox 650 2857 756 2894; x_wconf 73' lang='grc' dir='ltr'>ὀδύνην,</span> <span class='ocrx_word' id='word_1_630' title='bbox 764 2857 866 2884; x_wconf 72' lang='grc' dir='ltr'>καὶτοῦ</span> <span class='ocrx_word' id='word_1_631' title='bbox 879 2857 930 2884; x_wconf 80' lang='grc' dir='ltr'>πά-</span> 
     </span>
    </p>
   </div>
   <div class='ocr_carea' id='block_1_87' title="bbox 969 1667 1760 1703">
    <p class='ocr_par' dir='ltr' id='par_1_87' title="bbox 969 1667 1760 1703">
     <span class='ocr_line' id='line_1_87' title="bbox 969 1667 1760 1703; baseline 0 -9"><span class='ocrx_word' id='word_1_632' title='bbox 969 1668 1057 1695; x_wconf 90' lang='lat' dir='ltr'><strong>Deum</strong></span> <span class='ocrx_word' id='word_1_633' title='bbox 1072 1668 1174 1702; x_wconf 88' lang='lat' dir='ltr'><strong>pariter</strong></span> <span class='ocrx_word' id='word_1_634' title='bbox 1185 1676 1217 1695; x_wconf 89' lang='lat' dir='ltr'><strong>ac</strong></span> <span class='ocrx_word' id='word_1_635' title='bbox 1230 1667 1363 1695; x_wconf 82' lang='lat' dir='ltr'><strong>famulum</strong></span> <span class='ocrx_word' id='word_1_636' title='bbox 1375 1668 1436 1702; x_wconf 85' lang='lat' dir='ltr'><strong>ejus</strong></span> <span class='ocrx_word' id='word_1_637' title='bbox 1449 1668 1639 1703; x_wconf 79' lang='lat' dir='ltr'><strong>magniﬁcans.</strong></span> <span class='ocrx_word' id='word_1_638' title='bbox 1656 1668 1760 1695; x_wconf 85' lang='lat' dir='ltr'><strong>Deinde</strong></span> 
     </span>
    </p>
   </div>
   <div class='ocr_carea' id='block_1_88' title="bbox 970 1713 1760 1748">
    <p class='ocr_par' dir='ltr' id='par_1_88' title="bbox 970 1713 1760 1748">
     <span class='ocr_line' id='line_1_88' title="bbox 970 1713 1760 1748; baseline -0.003 -6"><span class='ocrx_word' id='word_1_639' title='bbox 970 1714 1078 1742; x_wconf 80' lang='lat' dir='ltr'><strong>accedit</strong></span> <span class='ocrx_word' id='word_1_640' title='bbox 1093 1715 1136 1740; x_wconf 87' lang='lat' dir='ltr'><strong>vir</strong></span> <span class='ocrx_word' id='word_1_641' title='bbox 1163 1714 1275 1748; x_wconf 88' lang='lat' dir='ltr'><strong>quidam</strong></span> <span class='ocrx_word' id='word_1_642' title='bbox 1287 1721 1302 1741; x_wconf 90' lang='lat' dir='ltr'><strong>e</strong></span> <span class='ocrx_word' id='word_1_643' title='bbox 1317 1713 1489 1748; x_wconf 87' lang='lat' dir='ltr'><strong>Cappadocia</strong></span> <span class='ocrx_word' id='word_1_644' title='bbox 1517 1713 1664 1746; x_wconf 90' lang='lat' dir='ltr'><strong>oriundus,</strong></span> <span class='ocrx_word' id='word_1_645' title='bbox 1682 1713 1729 1748; x_wconf 92' lang='lat' dir='ltr'><strong>qui</strong></span> <span class='ocrx_word' id='word_1_646' title='bbox 1745 1722 1760 1740; x_wconf 90' lang='lat' dir='ltr'><strong>a</strong></span> 
     </span>
    </p>
   </div>
   <div class='ocr_carea' id='block_1_89' title="bbox 970 1758 1759 1794">
    <p class='ocr_par' dir='ltr' id='par_1_89' title="bbox 970 1758 1759 1794">
     <span class='ocr_line' id='line_1_89' title="bbox 970 1758 1759 1794; baseline -0.003 -7"><span class='ocrx_word' id='word_1_647' title='bbox 970 1760 1074 1788; x_wconf 80' lang='lat' dir='ltr'><strong>difﬁcili</strong></span> <span class='ocrx_word' id='word_1_648' title='bbox 1100 1759 1224 1786; x_wconf 76' lang='lat' dir='ltr'><strong>daemone</strong></span> <span class='ocrx_word' id='word_1_649' title='bbox 1250 1758 1371 1794; x_wconf 78' lang='lat' dir='ltr'><strong>graviter</strong></span> <span class='ocrx_word' id='word_1_650' title='bbox 1398 1759 1591 1793; x_wconf 86' lang='lat' dir='ltr'><strong>torquebatur,</strong></span> <span class='ocrx_word' id='word_1_651' title='bbox 1620 1759 1759 1787; x_wconf 87' lang='lat' dir='ltr'><strong>clamans:</strong></span> 
     </span>
    </p>
   </div>
   <div class='ocr_carea' id='block_1_90' title="bbox 969 1803 1758 1838">
    <p class='ocr_par' dir='ltr' id='par_1_90' title="bbox 969 1803 1758 1838">
     <span class='ocr_line' id='line_1_90' title="bbox 969 1803 1758 1838; baseline -0.003 -6"><span class='ocrx_word' id='word_1_652' title='bbox 969 1805 1099 1833; x_wconf 83' lang='lat' dir='ltr'><strong>Miserere</strong></span> <span class='ocrx_word' id='word_1_653' title='bbox 1113 1804 1177 1836; x_wconf 86' lang='lat' dir='ltr'><strong>mei,</strong></span> <span class='ocrx_word' id='word_1_654' title='bbox 1189 1811 1268 1831; x_wconf 89' lang='lat' dir='ltr'><strong>serve</strong></span> <span class='ocrx_word' id='word_1_655' title='bbox 1288 1803 1348 1836; x_wconf 91' lang='lat' dir='ltr'><strong>Dei,</strong></span> <span class='ocrx_word' id='word_1_656' title='bbox 1363 1804 1427 1838; x_wconf 81' lang='lat' dir='ltr'><strong>quia</strong></span> <span class='ocrx_word' id='word_1_657' title='bbox 1439 1812 1454 1831; x_wconf 88' lang='lat' dir='ltr'><strong>a</strong></span> <span class='ocrx_word' id='word_1_658' title='bbox 1471 1804 1595 1831; x_wconf 71' lang='lat' dir='ltr'><strong>dzemone</strong></span> <span class='ocrx_word' id='word_1_659' title='bbox 1620 1804 1758 1838; x_wconf 89' lang='lat' dir='ltr'><strong>perimor:</strong></span> 
     </span>
    </p>
   </div>
   <div class='ocr_carea' id='block_1_91' title="bbox 969 1849 1762 1886">
    <p class='ocr_par' dir='ltr' id='par_1_91' title="bbox 969 1849 1762 1886">
     <span class='ocr_line' id='line_1_91' title="bbox 969 1849 1762 1886; baseline -0.003 -8"><span class='ocrx_word' id='word_1_660' title='bbox 969 1851 1052 1886; x_wconf 91' lang='lat' dir='ltr'><strong>idque</strong></span> <span class='ocrx_word' id='word_1_661' title='bbox 1069 1850 1156 1877; x_wconf 88' lang='lat' dir='ltr'><strong>tribus</strong></span> <span class='ocrx_word' id='word_1_662' title='bbox 1173 1849 1271 1877; x_wconf 91' lang='lat' dir='ltr'><strong>diebus</strong></span> <span class='ocrx_word' id='word_1_663' title='bbox 1284 1849 1425 1877; x_wconf 83' lang='lat' dir='ltr'><strong>continuis</strong></span> <span class='ocrx_word' id='word_1_664' title='bbox 1456 1849 1584 1876; x_wconf 77' lang='lat' dir='ltr'><strong>factitare</strong></span> <span class='ocrx_word' id='word_1_665' title='bbox 1602 1857 1762 1884; x_wconf 83' lang='lat' dir='ltr'><strong>persevera-</strong></span> 
     </span>
    </p>
   </div>
   <div class='ocr_carea' id='block_1_92' title="bbox 969 1893 1761 1930">
    <p class='ocr_par' dir='ltr' id='par_1_92' title="bbox 969 1893 1761 1930">
     <span class='ocr_line' id='line_1_92' title="bbox 969 1893 1761 1930; baseline -0.004 -7"><span class='ocrx_word' id='word_1_666' title='bbox 969 1896 1025 1923; x_wconf 87' lang='lat' dir='ltr'><strong>bat.</strong></span> <span class='ocrx_word' id='word_1_667' title='bbox 1037 1895 1161 1930; x_wconf 83' lang='lat' dir='ltr'><strong>Cumque</strong></span> <span class='ocrx_word' id='word_1_668' title='bbox 1181 1894 1291 1921; x_wconf 86' lang='lat' dir='ltr'><strong>tandem</strong></span> <span class='ocrx_word' id='word_1_669' title='bbox 1317 1893 1506 1929; x_wconf 78' lang='lat' dir='ltr'><strong>prospexisset</strong></span> <span class='ocrx_word' id='word_1_670' title='bbox 1530 1898 1643 1921; x_wconf 85' lang='lat' dir='ltr'><strong>sanctus</strong></span> <span class='ocrx_word' id='word_1_671' title='bbox 1670 1894 1761 1928; x_wconf 78' lang='lat' dir='ltr'><strong>impu-</strong></span> 
     </span>
    </p>
   </div>
   <div class='ocr_carea' id='block_1_93' title="bbox 970 1938 1759 1975">
    <p class='ocr_par' dir='ltr' id='par_1_93' title="bbox 970 1938 1759 1975">
     <span class='ocr_line' id='line_1_93' title="bbox 970 1938 1759 1975; baseline -0.003 -8"><span class='ocrx_word' id='word_1_672' title='bbox 970 1948 1086 1975; x_wconf 87' lang='lat' dir='ltr'><strong>rumque</strong></span> <span class='ocrx_word' id='word_1_673' title='bbox 1102 1939 1230 1975; x_wconf 85' lang='lat' dir='ltr'><strong>spiritum</strong></span> <span class='ocrx_word' id='word_1_674' title='bbox 1254 1939 1449 1974; x_wconf 87' lang='lat' dir='ltr'><strong>increpuisset,</strong></span> <span class='ocrx_word' id='word_1_675' title='bbox 1468 1938 1568 1965; x_wconf 87' lang='lat' dir='ltr'><strong>deinde</strong></span> <span class='ocrx_word' id='word_1_676' title='bbox 1596 1942 1623 1965; x_wconf 85' lang='lat' dir='ltr'><strong>et</strong></span> <span class='ocrx_word' id='word_1_677' title='bbox 1639 1939 1759 1973; x_wconf 85' lang='lat' dir='ltr'><strong>particu-</strong></span> 
     </span>
    </p>
   </div>
   <div class='ocr_carea' id='block_1_94' title="bbox 969 1984 1762 2020">
    <p class='ocr_par' dir='ltr' id='par_1_94' title="bbox 969 1984 1762 2020">
     <span class='ocr_line' id='line_1_94' title="bbox 969 1984 1762 2020; baseline -0.004 -6"><span class='ocrx_word' id='word_1_678' title='bbox 969 1988 1022 2014; x_wconf 89' lang='lat' dir='ltr'><strong>lam</strong></span> <span class='ocrx_word' id='word_1_679' title='bbox 1041 1986 1113 2014; x_wconf 87' lang='lat' dir='ltr'><strong>sacci</strong></span> <span class='ocrx_word' id='word_1_680' title='bbox 1127 1986 1169 2013; x_wconf 91' lang='lat' dir='ltr'><strong>sui</strong></span> <span class='ocrx_word' id='word_1_681' title='bbox 1183 1993 1233 2020; x_wconf 91' lang='lat' dir='ltr'><strong>pro</strong></span> <span class='ocrx_word' id='word_1_682' title='bbox 1255 1985 1376 2012; x_wconf 87' lang='lat' dir='ltr'><strong>amulcto</strong></span> <span class='ocrx_word' id='word_1_683' title='bbox 1392 1985 1514 2012; x_wconf 87' lang='lat' dir='ltr'><strong>dedisset</strong></span> <span class='ocrx_word' id='word_1_684' title='bbox 1541 1984 1658 2016; x_wconf 90' lang='lat' dir='ltr'><strong>homini,</strong></span> <span class='ocrx_word' id='word_1_685' title='bbox 1683 1985 1762 2011; x_wconf 87' lang='lat' dir='ltr'><strong>inco-</strong></span> 
     </span>
    </p>
   </div>
   <div class='ocr_carea' id='block_1_95' title="bbox 970 2030 1759 2064">
    <p class='ocr_par' dir='ltr' id='par_1_95' title="bbox 970 2030 1759 2064">
     <span class='ocr_line' id='line_1_95' title="bbox 970 2030 1759 2064; baseline -0.005 -4"><span class='ocrx_word' id='word_1_686' title='bbox 970 2033 1070 2060; x_wconf 87' lang='lat' dir='ltr'><strong>lumem</strong></span> <span class='ocrx_word' id='word_1_687' title='bbox 1076 2031 1150 2058; x_wconf 87' lang='lat' dir='ltr'><strong>illum</strong></span> <span class='ocrx_word' id='word_1_688' title='bbox 1159 2031 1271 2058; x_wconf 91' lang='lat' dir='ltr'><strong>domum</strong></span> <span class='ocrx_word' id='word_1_689' title='bbox 1280 2030 1393 2057; x_wconf 88' lang='lat' dir='ltr'><strong>dimisit.</strong></span> <span class='ocrx_word' id='word_1_690' title='bbox 1408 2030 1431 2057; x_wconf 92' lang='lat' dir='ltr'><strong>ls</strong></span> <span class='ocrx_word' id='word_1_691' title='bbox 1444 2034 1534 2057; x_wconf 86' lang='lat' dir='ltr'><strong>autem</strong></span> <span class='ocrx_word' id='word_1_692' title='bbox 1543 2030 1570 2056; x_wconf 93' lang='lat' dir='ltr'><strong>in</strong></span> <span class='ocrx_word' id='word_1_693' title='bbox 1579 2037 1759 2064; x_wconf 86' lang='lat' dir='ltr'><strong>quoscunque</strong></span> 
     </span>
    </p>
   </div>
   <div class='ocr_carea' id='block_1_96' title="bbox 970 2075 1762 2110">
    <p class='ocr_par' dir='ltr' id='par_1_96' title="bbox 970 2075 1762 2110">
     <span class='ocr_line' id='line_1_96' title="bbox 970 2075 1762 2110; baseline -0.006 -4"><span class='ocrx_word' id='word_1_694' title='bbox 970 2078 1113 2106; x_wconf 86' lang='lat' dir='ltr'><strong>incidisset</strong></span> <span class='ocrx_word' id='word_1_695' title='bbox 1126 2077 1210 2104; x_wconf 89' lang='lat' dir='ltr'><strong>simili</strong></span> <span class='ocrx_word' id='word_1_696' title='bbox 1227 2077 1299 2105; x_wconf 74' lang='lat' dir='ltr'><strong>malo</strong></span> <span class='ocrx_word' id='word_1_697' title='bbox 1312 2076 1471 2103; x_wconf 85' lang='lat' dir='ltr'><strong>laborantes</strong></span> <span class='ocrx_word' id='word_1_698' title='bbox 1484 2076 1548 2110; x_wconf 89' lang='lat' dir='ltr'><strong>(jam</strong></span> <span class='ocrx_word' id='word_1_699' title='bbox 1560 2075 1634 2102; x_wconf 89' lang='lat' dir='ltr'><strong>enim</strong></span> <span class='ocrx_word' id='word_1_700' title='bbox 1646 2083 1679 2102; x_wconf 82' lang='lat' dir='ltr'><strong>ex</strong></span> <span class='ocrx_word' id='word_1_701' title='bbox 1690 2075 1762 2102; x_wconf 90' lang='lat' dir='ltr'><strong>man</strong></span> 
     </span>
    </p>
   </div>
   <div class='ocr_carea' id='block_1_97' title="bbox 970 2121 1763 2157">
    <p class='ocr_par' dir='ltr' id='par_1_97' title="bbox 970 2121 1763 2157">
     <span class='ocr_line' id='line_1_97' title="bbox 970 2121 1763 2157; baseline -0.008 -5"><span class='ocrx_word' id='word_1_702' title='bbox 970 2133 1020 2153; x_wconf 91' lang='lat' dir='ltr'><strong>suo</strong></span> <span class='ocrx_word' id='word_1_703' title='bbox 1046 2125 1162 2151; x_wconf 83' lang='lat' dir='ltr'><strong>aliorum</strong></span> <span class='ocrx_word' id='word_1_704' title='bbox 1179 2122 1304 2150; x_wconf 86' lang='lat' dir='ltr'><strong>misereri</strong></span> <span class='ocrx_word' id='word_1_705' title='bbox 1318 2121 1479 2157; x_wconf 89' lang='lat' dir='ltr'><strong>didicerat),</strong></span> <span class='ocrx_word' id='word_1_706' title='bbox 1494 2121 1585 2148; x_wconf 84' lang='lat' dir='ltr'><strong>datam</strong></span> <span class='ocrx_word' id='word_1_707' title='bbox 1602 2121 1654 2148; x_wconf 89' lang='lat' dir='ltr'><strong>sibi</strong></span> <span class='ocrx_word' id='word_1_708' title='bbox 1678 2121 1763 2156; x_wconf 85' lang='lat' dir='ltr'><strong>parti-</strong></span> 
     </span>
    </p>
   </div>
   <div class='ocr_carea' id='block_1_98' title="bbox 969 2167 1764 2203">
    <p class='ocr_par' dir='ltr' id='par_1_98' title="bbox 969 2167 1764 2203">
     <span class='ocr_line' id='line_1_98' title="bbox 969 2167 1764 2203; baseline -0.004 -6"><span class='ocrx_word' id='word_1_709' title='bbox 969 2171 1058 2198; x_wconf 89' lang='lat' dir='ltr'><strong>culam</strong></span> <span class='ocrx_word' id='word_1_710' title='bbox 1078 2177 1141 2197; x_wconf 89' lang='lat' dir='ltr'><strong>cum</strong></span> <span class='ocrx_word' id='word_1_711' title='bbox 1168 2169 1222 2196; x_wconf 87' lang='lat' dir='ltr'><strong>illis</strong></span> <span class='ocrx_word' id='word_1_712' title='bbox 1250 2172 1381 2203; x_wconf 89' lang='lat' dir='ltr'><strong>prompte</strong></span> <span class='ocrx_word' id='word_1_713' title='bbox 1408 2168 1651 2195; x_wconf 87' lang='lat' dir='ltr'><strong>communicabat:</strong></span> <span class='ocrx_word' id='word_1_714' title='bbox 1676 2167 1764 2202; x_wconf 90' lang='lat' dir='ltr'><strong>quiet</strong></span> 
     </span>
    </p>
   </div>
   <div class='ocr_carea' id='block_1_99' title="bbox 970 2211 1765 2250">
    <p class='ocr_par' dir='ltr' id='par_1_99' title="bbox 970 2211 1765 2250">
     <span class='ocr_line' id='line_1_99' title="bbox 970 2211 1765 2250; baseline -0.005 -8"><span class='ocrx_word' id='word_1_715' title='bbox 970 2215 1021 2250; x_wconf 89' lang='lat' dir='ltr'><strong>ipsi</strong></span> <span class='ocrx_word' id='word_1_716' title='bbox 1034 2214 1160 2242; x_wconf 87' lang='lat' dir='ltr'><strong>sanitatis</strong></span> <span class='ocrx_word' id='word_1_717' title='bbox 1177 2212 1327 2248; x_wconf 85' lang='lat' dir='ltr'><strong>participes</strong></span> <span class='ocrx_word' id='word_1_718' title='bbox 1339 2212 1415 2244; x_wconf 84' lang='lat' dir='ltr'><strong>facti,</strong></span> <span class='ocrx_word' id='word_1_719' title='bbox 1429 2211 1464 2239; x_wconf 86' lang='lat' dir='ltr'><strong>ad</strong></span> <span class='ocrx_word' id='word_1_720' title='bbox 1480 2219 1655 2240; x_wconf 91' lang='lat' dir='ltr'><strong>communem</strong></span> <span class='ocrx_word' id='word_1_721' title='bbox 1679 2212 1765 2239; x_wconf 60' lang='lat' dir='ltr'><strong>bene&lt;</strong></span> 
     </span>
    </p>
   </div>
   <div class='ocr_carea' id='block_1_100' title="bbox 971 2258 1699 2294">
    <p class='ocr_par' dir='ltr' id='par_1_100' title="bbox 971 2258 1699 2294">
     <span class='ocr_line' id='line_1_100' title="bbox 971 2258 1699 2294; baseline -0.004 -7"><span class='ocrx_word' id='word_1_722' title='bbox 971 2261 1101 2287; x_wconf 81' lang='lat' dir='ltr'><strong>factorem</strong></span> <span class='ocrx_word' id='word_1_723' title='bbox 1116 2259 1213 2291; x_wconf 88' lang='lat' dir='ltr'><strong>Deum,</strong></span> <span class='ocrx_word' id='word_1_724' title='bbox 1226 2258 1328 2294; x_wconf 77' lang='lat' dir='ltr'><strong>gratias</strong></span> <span class='ocrx_word' id='word_1_725' title='bbox 1338 2258 1439 2293; x_wconf 79' lang='lat' dir='ltr'><strong>acturi,</strong></span> <span class='ocrx_word' id='word_1_726' title='bbox 1458 2265 1488 2285; x_wconf 89' lang='lat' dir='ltr'><strong>se</strong></span> <span class='ocrx_word' id='word_1_727' title='bbox 1511 2258 1699 2286; x_wconf 84' lang='lat' dir='ltr'><strong>conferebant.</strong></span> 
     </span>
    </p>
   </div>
   <div class='ocr_carea' id='block_1_101' title="bbox 1004 2346 1765 2383">
    <p class='ocr_par' dir='ltr' id='par_1_101' title="bbox 1004 2346 1765 2383">
     <span class='ocr_line' id='line_1_101' title="bbox 1004 2346 1765 2383; baseline -0.005 -6"><span class='ocrx_word' id='word_1_728' title='bbox 1004 2349 1193 2377; x_wconf 66' lang='lat' dir='ltr'><strong>52.1uvenem</strong></span> <span class='ocrx_word' id='word_1_729' title='bbox 1217 2347 1365 2383; x_wconf 85' lang='lat' dir='ltr'><strong>quemdam</strong></span> <span class='ocrx_word' id='word_1_730' title='bbox 1384 2347 1556 2374; x_wconf 90' lang='lat' dir='ltr'><strong>horrendum</strong></span> <span class='ocrx_word' id='word_1_731' title='bbox 1569 2346 1639 2374; x_wconf 85' lang='lat' dir='ltr'><strong>adeo</strong></span> <span class='ocrx_word' id='word_1_732' title='bbox 1663 2347 1690 2374; x_wconf 92' lang='lat' dir='ltr'><strong>in</strong></span> <span class='ocrx_word' id='word_1_733' title='bbox 1705 2354 1765 2373; x_wconf 86' lang='lat' dir='ltr'><strong>mo-</strong></span> 
     </span>
    </p>
   </div>
   <div class='ocr_carea' id='block_1_102' title="bbox 969 2392 1764 2427">
    <p class='ocr_par' dir='ltr' id='par_1_102' title="bbox 969 2392 1764 2427">
     <span class='ocr_line' id='line_1_102' title="bbox 969 2392 1764 2427; baseline -0.005 -5"><span class='ocrx_word' id='word_1_734' title='bbox 969 2395 1035 2422; x_wconf 89' lang='lat' dir='ltr'><strong>dum</strong></span> <span class='ocrx_word' id='word_1_735' title='bbox 1054 2393 1205 2421; x_wconf 79' lang='lat' dir='ltr'><strong>infestabat</strong></span> <span class='ocrx_word' id='word_1_736' title='bbox 1234 2393 1353 2424; x_wconf 57' lang='lat' dir='ltr'><strong>damon,</strong></span> <span class='ocrx_word' id='word_1_737' title='bbox 1380 2396 1410 2419; x_wconf 90' lang='lat' dir='ltr'><strong>ut</strong></span> <span class='ocrx_word' id='word_1_738' title='bbox 1434 2392 1512 2419; x_wconf 89' lang='lat' dir='ltr'><strong>humi</strong></span> <span class='ocrx_word' id='word_1_739' title='bbox 1542 2400 1572 2419; x_wconf 82' lang='lat' dir='ltr'><strong>se</strong></span> <span class='ocrx_word' id='word_1_740' title='bbox 1607 2392 1764 2427; x_wconf 87' lang='lat' dir='ltr'><strong>projiceret,</strong></span> 
     </span>
    </p>
   </div>
   <div class='ocr_carea' id='block_1_103' title="bbox 971 2437 1764 2476">
    <p class='ocr_par' dir='ltr' id='par_1_103' title="bbox 971 2437 1764 2476">
     <span class='ocr_line' id='line_1_103' title="bbox 971 2437 1764 2476; baseline -0.006 -8"><span class='ocrx_word' id='word_1_741' title='bbox 971 2441 1089 2476; x_wconf 85' lang='lat' dir='ltr'><strong>turpiter</strong></span> <span class='ocrx_word' id='word_1_742' title='bbox 1103 2439 1242 2474; x_wconf 78' lang='lat' dir='ltr'><strong>unguibus</strong></span> <span class='ocrx_word' id='word_1_743' title='bbox 1256 2438 1405 2471; x_wconf 86' lang='lat' dir='ltr'><strong>laceraret,</strong></span> <span class='ocrx_word' id='word_1_744' title='bbox 1420 2438 1543 2473; x_wconf 69' lang='lat' dir='ltr'><strong>linguam</strong></span> <span class='ocrx_word' id='word_1_745' title='bbox 1578 2437 1661 2464; x_wconf 86' lang='lat' dir='ltr'><strong>etiam</strong></span> <span class='ocrx_word' id='word_1_746' title='bbox 1687 2445 1764 2465; x_wconf 88' lang='lat' dir='ltr'><strong>suam</strong></span> 
     </span>
    </p>
   </div>
   <div class='ocr_carea' id='block_1_104' title="bbox 973 2481 1766 2514">
    <p class='ocr_par' dir='ltr' id='par_1_104' title="bbox 973 2481 1766 2514">
     <span class='ocr_line' id='line_1_104' title="bbox 973 2481 1766 2514; baseline -0.006 -1"><span class='ocrx_word' id='word_1_747' title='bbox 973 2485 1169 2514; x_wconf 88' lang='lat' dir='ltr'><strong>miserabiliter</strong></span> <span class='ocrx_word' id='word_1_748' title='bbox 1192 2488 1311 2512; x_wconf 86' lang='lat' dir='ltr'><strong>voraret.</strong></span> <span class='ocrx_word' id='word_1_749' title='bbox 1340 2483 1456 2510; x_wconf 90' lang='lat' dir='ltr'><strong>Isthunc</strong></span> <span class='ocrx_word' id='word_1_750' title='bbox 1485 2483 1626 2510; x_wconf 83' lang='lat' dir='ltr'><strong>infelicem</strong></span> <span class='ocrx_word' id='word_1_751' title='bbox 1656 2481 1766 2509; x_wconf 88' lang='lat' dir='ltr'><strong>divinus</strong></span> 
     </span>
    </p>
   </div>
   <div class='ocr_carea' id='block_1_105' title="bbox 975 2529 1766 2568">
    <p class='ocr_par' dir='ltr' id='par_1_105' title="bbox 975 2529 1766 2568">
     <span class='ocr_line' id='line_1_105' title="bbox 975 2529 1766 2568; baseline -0.005 -9"><span class='ocrx_word' id='word_1_752' title='bbox 975 2533 1094 2568; x_wconf 89' lang='lat' dir='ltr'><strong>Symeon</strong></span> <span class='ocrx_word' id='word_1_753' title='bbox 1109 2530 1143 2558; x_wconf 92' lang='lat' dir='ltr'><strong>ad</strong></span> <span class='ocrx_word' id='word_1_754' title='bbox 1158 2538 1187 2558; x_wconf 88' lang='lat' dir='ltr'><strong>se</strong></span> <span class='ocrx_word' id='word_1_755' title='bbox 1204 2529 1597 2565; x_wconf 79' lang='lat' dir='ltr'><strong>progressum,ferventerque</strong></span> <span class='ocrx_word' id='word_1_756' title='bbox 1610 2529 1766 2563; x_wconf 87' lang='lat' dir='ltr'><strong>deprecan-</strong></span> 
     </span>
    </p>
   </div>
   <div class='ocr_carea' id='block_1_106' title="bbox 976 2575 1766 2612">
    <p class='ocr_par' dir='ltr' id='par_1_106' title="bbox 976 2575 1766 2612">
     <span class='ocr_line' id='line_1_106' title="bbox 976 2575 1766 2612; baseline -0.005 -7"><span class='ocrx_word' id='word_1_757' title='bbox 976 2583 1042 2610; x_wconf 88' lang='lat' dir='ltr'><strong>tem,</strong></span> <span class='ocrx_word' id='word_1_758' title='bbox 1054 2577 1186 2612; x_wconf 79' lang='lat' dir='ltr'><strong>castigato</strong></span> <span class='ocrx_word' id='word_1_759' title='bbox 1201 2576 1295 2604; x_wconf 88' lang='lat' dir='ltr'><strong>verbis</strong></span> <span class='ocrx_word' id='word_1_760' title='bbox 1309 2576 1381 2603; x_wconf 89' lang='lat' dir='ltr'><strong>malo</strong></span> <span class='ocrx_word' id='word_1_761' title='bbox 1393 2575 1504 2610; x_wconf 87' lang='lat' dir='ltr'><strong>spiritu,</strong></span> <span class='ocrx_word' id='word_1_762' title='bbox 1529 2575 1641 2607; x_wconf 88' lang='lat' dir='ltr'><strong>liberat,</strong></span> <span class='ocrx_word' id='word_1_763' title='bbox 1658 2578 1685 2601; x_wconf 90' lang='lat' dir='ltr'><strong>et</strong></span> <span class='ocrx_word' id='word_1_764' title='bbox 1698 2582 1766 2602; x_wconf 89' lang='lat' dir='ltr'><strong>con-</strong></span> 
     </span>
    </p>
   </div>
   <div class='ocr_carea' id='block_1_107' title="bbox 976 2621 1767 2652">
    <p class='ocr_par' dir='ltr' id='par_1_107' title="bbox 976 2621 1767 2652">
     <span class='ocr_line' id='line_1_107' title="bbox 976 2621 1767 2652; baseline -0.006 0"><span class='ocrx_word' id='word_1_765' title='bbox 976 2625 1068 2652; x_wconf 82' lang='lat' dir='ltr'><strong>festim</strong></span> <span class='ocrx_word' id='word_1_766' title='bbox 1079 2624 1229 2652; x_wconf 89' lang='lat' dir='ltr'><strong>bellissime</strong></span> <span class='ocrx_word' id='word_1_767' title='bbox 1243 2623 1390 2650; x_wconf 82' lang='lat' dir='ltr'><strong>habentem</strong></span> <span class='ocrx_word' id='word_1_768' title='bbox 1413 2622 1535 2649; x_wconf 84' lang='lat' dir='ltr'><strong>exhibet.</strong></span> <span class='ocrx_word' id='word_1_769' title='bbox 1564 2621 1767 2648; x_wconf 77' lang='lat' dir='ltr'><strong>Antiochenum</strong></span> 
     </span>
    </p>
   </div>
   <div class='ocr_carea' id='block_1_108' title="bbox 979 2665 1768 2704">
    <p class='ocr_par' dir='ltr' id='par_1_108' title="bbox 979 2665 1768 2704">
     <span class='ocr_line' id='line_1_108' title="bbox 979 2665 1768 2704; baseline -0.005 -8"><span class='ocrx_word' id='word_1_770' title='bbox 979 2669 1125 2704; x_wconf 87' lang='lat' dir='ltr'><strong>quemdam</strong></span> <span class='ocrx_word' id='word_1_771' title='bbox 1147 2667 1281 2696; x_wconf 87' lang='lat' dir='ltr'><strong>stomachi</strong></span> <span class='ocrx_word' id='word_1_772' title='bbox 1308 2667 1387 2694; x_wconf 88' lang='lat' dir='ltr'><strong>dolor</strong></span> <span class='ocrx_word' id='word_1_773' title='bbox 1410 2667 1559 2698; x_wconf 86' lang='lat' dir='ltr'><strong>invaserat,</strong></span> <span class='ocrx_word' id='word_1_774' title='bbox 1583 2670 1639 2693; x_wconf 90' lang='lat' dir='ltr'><strong>tam</strong></span> <span class='ocrx_word' id='word_1_775' title='bbox 1671 2665 1768 2693; x_wconf 85' lang='lat' dir='ltr'><strong>acerbe</strong></span> 
     </span>
    </p>
   </div>
   <div class='ocr_carea' id='block_1_109' title="bbox 980 2712 1767 2747">
    <p class='ocr_par' dir='ltr' id='par_1_109' title="bbox 980 2712 1767 2747">
     <span class='ocr_line' id='line_1_109' title="bbox 980 2712 1767 2747; baseline -0.005 -5"><span class='ocrx_word' id='word_1_776' title='bbox 980 2715 1111 2742; x_wconf 83' lang='lat' dir='ltr'><strong>intestina</strong></span> <span class='ocrx_word' id='word_1_777' title='bbox 1124 2722 1251 2746; x_wconf 88' lang='lat' dir='ltr'><strong>versans,</strong></span> <span class='ocrx_word' id='word_1_778' title='bbox 1267 2717 1299 2740; x_wconf 90' lang='lat' dir='ltr'><strong>ut</strong></span> <span class='ocrx_word' id='word_1_779' title='bbox 1315 2717 1394 2740; x_wconf 75' lang='lat' dir='ltr'><strong>terra:</strong></span> <span class='ocrx_word' id='word_1_780' title='bbox 1409 2712 1510 2747; x_wconf 60' lang='lat' dir='ltr'><strong>saepius</strong></span> <span class='ocrx_word' id='word_1_781' title='bbox 1522 2712 1686 2740; x_wconf 89' lang='lat' dir='ltr'><strong>allidcretur</strong></span> <span class='ocrx_word' id='word_1_782' title='bbox 1706 2715 1767 2738; x_wconf 89' lang='lat' dir='ltr'><strong>tan-</strong></span> 
     </span>
    </p>
   </div>
   <div class='ocr_carea' id='block_1_110' title="bbox 977 2758 1768 2797">
    <p class='ocr_par' dir='ltr' id='par_1_110' title="bbox 977 2758 1768 2797">
     <span class='ocr_line' id='line_1_110' title="bbox 977 2758 1768 2797; baseline -0.005 -9"><span class='ocrx_word' id='word_1_783' title='bbox 977 2769 1060 2796; x_wconf 88' lang='lat' dir='ltr'><strong>quam</strong></span> <span class='ocrx_word' id='word_1_784' title='bbox 1073 2768 1089 2788; x_wconf 86' lang='lat' dir='ltr'><strong>a</strong></span> <span class='ocrx_word' id='word_1_785' title='bbox 1104 2761 1226 2788; x_wconf 72' lang='lat' dir='ltr'><strong>daemone</strong></span> <span class='ocrx_word' id='word_1_786' title='bbox 1239 2764 1403 2797; x_wconf 80' lang='lat' dir='ltr'><strong>prostratus.</strong></span> <span class='ocrx_word' id='word_1_787' title='bbox 1413 2759 1438 2786; x_wconf 83' lang='lat' dir='ltr'><strong>Is</strong></span> <span class='ocrx_word' id='word_1_788' title='bbox 1452 2759 1547 2794; x_wconf 86' lang='lat' dir='ltr'><strong>itaque</strong></span> <span class='ocrx_word' id='word_1_789' title='bbox 1562 2762 1688 2786; x_wconf 90' lang='lat' dir='ltr'><strong>sanctum</strong></span> <span class='ocrx_word' id='word_1_790' title='bbox 1700 2758 1768 2790; x_wconf 82' lang='lat' dir='ltr'><strong>adit,</strong></span> 
     </span>
    </p>
   </div>
   <div class='ocr_carea' id='block_1_111' title="bbox 977 2803 1769 2842">
    <p class='ocr_par' dir='ltr' id='par_1_111' title="bbox 977 2803 1769 2842">
     <span class='ocr_line' id='line_1_111' title="bbox 977 2803 1769 2842; baseline -0.005 -8"><span class='ocrx_word' id='word_1_791' title='bbox 977 2807 1104 2842; x_wconf 81' lang='lat' dir='ltr'><strong>lacrymis</strong></span> <span class='ocrx_word' id='word_1_792' title='bbox 1118 2810 1221 2834; x_wconf 83' lang='lat' dir='ltr'><strong>testans</strong></span> <span class='ocrx_word' id='word_1_793' title='bbox 1231 2806 1324 2833; x_wconf 82' lang='lat' dir='ltr'><strong>cordis</strong></span> <span class='ocrx_word' id='word_1_794' title='bbox 1338 2812 1466 2840; x_wconf 80' lang='lat' dir='ltr'><strong>angores,</strong></span> <span class='ocrx_word' id='word_1_795' title='bbox 1483 2804 1573 2840; x_wconf 88' lang='lat' dir='ltr'><strong>iisque</strong></span> <span class='ocrx_word' id='word_1_796' title='bbox 1599 2803 1685 2831; x_wconf 87' lang='lat' dir='ltr'><strong>levari</strong></span> <span class='ocrx_word' id='word_1_797' title='bbox 1704 2811 1769 2839; x_wconf 82' lang='lat' dir='ltr'><strong>pre-</strong></span> 
     </span>
    </p>
   </div>
   <div class='ocr_carea' id='block_1_112' title="bbox 977 2851 1769 2888">
    <p class='ocr_par' dir='ltr' id='par_1_112' title="bbox 977 2851 1769 2888">
     <span class='ocr_line' id='line_1_112' title="bbox 977 2851 1769 2888; baseline -0.006 -7"><span class='ocrx_word' id='word_1_798' title='bbox 977 2853 1066 2882; x_wconf 79' lang='lat' dir='ltr'><strong>cando</strong></span> <span class='ocrx_word' id='word_1_799' title='bbox 1077 2853 1263 2881; x_wconf 83' lang='lat' dir='ltr'><strong>contendens:</strong></span> <span class='ocrx_word' id='word_1_800' title='bbox 1277 2852 1376 2888; x_wconf 83' lang='lat' dir='ltr'><strong>quibus</strong></span> <span class='ocrx_word' id='word_1_801' title='bbox 1389 2856 1519 2880; x_wconf 83' lang='lat' dir='ltr'><strong>exoratus</strong></span> <span class='ocrx_word' id='word_1_802' title='bbox 1545 2851 1674 2887; x_wconf 85' lang='lat' dir='ltr'><strong>Symeon,</strong></span> <span class='ocrx_word' id='word_1_803' title='bbox 1692 2857 1769 2877; x_wconf 80' lang='lat' dir='ltr'><strong>oram</strong></span> 
     </span>
    </p>
   </div>
  </div>
