1966 3068
128 139 195 172 30M

627 142 716 172 VITA
736 142 759 171 A
780 140 999 171 NICEPHORO
1018 141 1261 171 CONSCRIPTA.

1690 142 1759 172 301?.

120 196 194 228 στοῦ,
212 194 259 222 καὶ
273 195 322 223 τοῦ
336 195 503 231 θεράποντος
516 195 598 223 αὐτοῦ
615 195 738 231 Συμεὼν,
753 194 793 222 ἔτι
808 195 856 222 καὶ
871 194 914 221 θυ-

970 194 1020 227 nis,
1054 194 1196 222 candelam
1222 193 1388 227 accendunt,
1418 194 1531 229 insuper
1562 199 1590 222 et
1617 194 1759 225 incensum

120 241 210 276 μίαμα
224 241 448 276 προσαγαγόντες
461 250 468 257 ·
485 242 533 269 καὶ
550 242 650 269 αὐτίκα
664 241 703 277 τῷ
717 242 851 277 νεανίσκῳ
866 241 915 276 (ὡς

119 286 186 312 πολὺ
203 287 233 313 τὸ
249 286 351 322 πλῆθος
363 288 414 322 τῆς
429 288 616 323 χρηστότητός
634 297 692 322 σου,
707 288 805 323 Κύριε,
822 285 856 323 ἧς
871 288 914 320 ἑξ-

119 331 240 366 ειργάσω
261 332 317 364 τοῖς
333 332 489 364 ἐλπίζουσιν
504 334 550 360 ἐπὶ
569 333 599 359 σέ
611 333 636 366 l)
650 333 680 360 τὸ
697 333 752 359 τῶν
766 331 915 367 ὀφθαλμῶν

119 375 196 409 αὖθις
212 377 347 404 ,ἐπάνεισι
371 378 430 412 φῶς
443 398 450 405 .
473 379 587 414 Ἕτερος
604 378 658 405 ὑπό
679 387 752 410 τινος
771 378 849 405 νόσου
866 378 915 414 τὴν

119 422 223 449 κοιλίαν
240 423 380 457 διώγκωτο
392 432 399 439 ·
417 425 553 460 ἰατρικαῖς
564 424 654 451 τοίνυν
666 424 775 459 τέχναις
786 423 915 459 οἰμώζειν

120 469 204 496 εἰπὼν
226 470 271 496 τὸν
295 470 366 496 θεῖον
390 470 504 506 Συμεὼν
527 471 567 502 εἰς
594 471 665 498 ἴασιν
684 469 732 496 τοῦ
751 470 853 501 πάθους
873 470 916 502 ἐξ-

121 516 253 542 εκαλεῖτο.
285 516 340 542 Καὶ
377 516 513 543 δείκνυσιν
543 516 626 548 ὕπνος
655 516 730 551 αὐτῷ
759 516 805 543 τὸν
832 517 916 552 ἄνδρα

121 562 264 596 σωτήριον,
291 560 422 588 ἐπιθέντα
443 561 481 597 τῷ
503 560 585 588 πάθει
607 563 637 589 τὸ
660 562 838 597 Εὑαγγέλιον.
861 563 915 589 Καὶ

121 607 281 642 συναπέπτη
299 606 337 641 τῷ
356 606 433 642 ὕπνῳ
458 607 488 634 τὸ
513 608 608 641 πάθος,
632 609 678 634 καὶ
694 608 773 644 ὑγιὴς
793 610 807 635 ὁ
823 608 916 639 κακῶς

121 652 189 687 ἔχων
211 652 390 685 διυπνισθείς,
413 652 452 687 τῷ
477 652 560 688 Ἀγίῳ
576 652 733 688 προσελθὼν
757 653 787 680 τὸ
805 653 915 688 γεγονὸς

121 698 297 732 ἀπαγγέλλει.

157 744 187 776 ξ’.
205 744 283 770 Οὕτω
294 743 321 770 δὲ
335 743 389 770 τῶν
404 743 469 779 παρ’
480 743 562 771 αὑτοῦ
578 744 724 779 θαυμάτων
743 743 787 770 ἴσα
804 744 850 770 καὶ
867 752 915 777 πο-

121 791 218 825 ταμοῖς
233 790 381 826 χεομένων,
400 791 585 826 συνέρῤευσάν
598 799 662 816 ποτε
675 790 742 825 πρὸς
753 790 833 816 αὑτὸν
844 789 916 824 ὄχλοι

122 837 223 870 πολλοὶ,
248 838 349 872 κηροὺς
364 837 529 872 ἀνάψαντες,
556 837 603 863 καὶ
624 836 735 868 τούτους
764 837 810 863 ἐπὶ
831 836 915 862 καλά-

123 893 180 919 μων
194 883 356 918 πηξὰμενοι,
370 883 429 919 Θεῷ
446 892 476 909 τε
490 884 522 910 δι’
534 883 618 910 αὑτοῦ
633 883 835 918 προσφέροντες
846 883 912 909 ἀνα-

121 930 232 965 θήματα
243 939 249 944 ·
272 929 366 966 ἐπειδὴ
384 930 432 956 καὶ
449 929 528 956 τοῦτο
542 929 640 964 δεκτὴν
665 929 778 960 ἕκαστος
794 928 851 964 ᾔδει
869 927 914 954 θυ-

122 975 192 1008 σίαν,
204 976 272 1011 ὅπερ
283 976 314 1002 ἂν
327 975 359 1002 δι’
372 975 454 1002 αὐτοῦ
464 975 653 1010 προσενέγκω.
673 975 701 1001 '0
711 975 739 1001 δὲ
752 974 818 1010 πρὸς
829 973 914 1000 ταῦτα

122 1023 172 1058 μὲν
188 1023 235 1049 καὶ
247 1022 306 1048 λίαν
321 1022 517 1058 ἁπαραδέκτως
528 1020 584 1056 εἶχε
596 1029 602 1036 ·
614 1021 681 1056 πρὸς
693 1021 721 1047 δὲ
733 1021 794 1052 τοὺς
808 1020 913 1055 ὄχλους,

121 1069 152 1095 ΕΞ
168 1068 216 1095 καὶ
238 1068 271 1095 τὰ
285 1069 350 1103 παρ’
368 1067 456 1104 ὑμῶν,
472 1067 560 1101 ἔλεγε,
580 1067 790 1102 προσφερόμενα
810 1066 916 1102 λαμϐά-

120 1125 177 1143 νειν
189 1116 281 1148 αὐτὸς,
291 1115 411 1149 ἀδελφοὶ,
425 1114 463 1150 μὴ
474 1114 630 1150 βουλοίμην,
646 1114 762 1140 παλαιὰν
774 1113 914 1148 φυλάττων

122 1163 170 1190 καὶ
187 1162 327 1197 ἡλικιῶτιν
343 1162 505 1197 συνήθειαν
525 1162 592 1188 ἀλλὰ
606 1161 688 1188 δεκτὰ
701 1161 847 1196 γεγένηται
864 1160 914 1196 ήδη

121 1209 190 1244 Θεῷ,
205 1208 244 1244 τῷ
258 1209 376 1236 ἀνενδεεῖ
393 1208 442 1243 μὲν
455 1208 599 1240 ἁπάντων,
614 1208 698 1243 μόνην
713 1207 741 1234 δὲ
755 1206 915 1242 προαίρεσιν

120 1256 185 1290 παρ’
202 1254 281 1290 ἡμῶν
298 1255 337 1285 εἰς
349 1253 450 1288 ἀγαθὸν
471 1253 642 1280 ἀπαιτοῦντι.
660 1254 748 1288 Ὅπερ
770 1253 862 1279 ἐλύπει
881 1253 915 1280 τὰ

120 1300 222 1335 πλήθη,
237 1300 285 1326 καὶ
301 1300 404 1335 σφόδρα
414 1300 462 1334 τῆς
481 1300 597 1327 ἑκάστου
614 1300 731 1335 καρδίας
745 1300 858 1335 ἥπτετο,
870 1300 916 1326 εὑ-

119 1346 289 1381 προσδέκτου
304 1345 430 1380 καθάπερ
446 1344 521 1380 αὐτῷ
540 1345 589 1380 τῆς
608 1345 704 1376 θυσίας
722 1345 752 1371 οὐ
763 1345 916 1379 γεγενημέ-

122 1401 180 1427 νῃς.
195 1391 281 1418 Τοῦτο
297 1391 389 1418 τοίνυν
406 1391 511 1423 ἰδόντας
542 1391 606 1422 τοὺς
629 1390 754 1425 μαθητὰς
771 1390 916 1425 βουλεύσα-

123 1437 185 1465 σθαι
195 1437 264 1465 ,καθ’
280 1438 404 1469 ἑαυτοὺς,
423 1437 494 1463 ὥστε
511 1437 603 1472 κρύφα
617 1436 768 1471 λαμϐάνειν
788 1436 822 1462 τὰ
836 1444 915 1471 κομι-

121 1483 234 1518 ζόμενα.
257 1483 285 1509 Ὁ
301 1483 329 1509 δὲ
348 1483 416 1518 μηδὲ
433 1483 488 1518 ,τὴν
501 1482 649 1518 ἐνθύμησιν
666 1483 755 1509 αὐτῶν
768 1483 915 1517 ἀγνοήσας,

121 1529 312 1566 αὑστηροτέρςι
330 1531 406 1564 φωνῇ
422 1529 542 1560 καλέσας
555 1529 653 1560 αὐτοὺς
664 1549 671 1560 ,
690 1528 847 1564 Ἠγνόηται,
863 1536 916 1562 φησι

125 1575 178 1607 σίν,
198 1575 272 1611 ὑμῖν,
288 1575 302 1601 ὃ
314 1576 340 1601 τί
354 1584 420 1602 ποτε
439 1577 492 1610 ἄρα
509 1575 638 1602 πεπόνθοι
654 1575 729 1611 παρὰ
741 1576 779 1610 τῷ
796 1575 914 1610 Ἰσραὴλ,

121 1621 135 1647 ὁ
150 1620 187 1656 τῷ
203 1620 315 1655 χαλεπῷ
338 1620 420 1647 πάθει
439 1621 489 1655 τῆς
510 1620 692 1655 φιλαργυρίας
711 1620 801 1653 ἁλοὺς,
819 1621 866 1647 καὶ
888 1621 918 1647 τὸ

123 1666 242 1701 χρυσοῦν
259 1665 434 1701 βούγλωσσον
454 1666 572 1700 συλήσας
589 1666 635 1693 τοῦ
652 1666 835 1701 ἀναθέματος;
848 1665 874 1692 τί
890 1665 919 1692 δὲ

122 1713 204 1748 Γιεζὴ
227 1713 258 1739 τὺ
279 1712 432 1738 Ἐλισσαίου
458 1712 612 1747 παιδάριον,
632 1713 705 1744 ὅπως
725 1712 774 1747 τὴν
793 1712 919 1748 Ναιεμὰν

121 1759 226 1794 λέπραν
250 1758 452 1793 κατεδικάσθη;
481 1758 549 1786 ἀλλὰ
576 1759 623 1785 καὶ
642 1758 743 1789 Ἰούδας
767 1758 847 1790 αὐτὸς
869 1758 920 1793 τῆς

122 1804 308 1838 ἀποστολικῆς
335 1803 461 1830 ἐκπεσὼν
478 1805 589 1840 χάριτός
604 1813 634 1831 τε
657 1804 706 1830 καὶ¹
720 1804 835 1836 τάξεως,
853 1813 920 1840 προ-

123 1851 203 1881 δύτης
216 1858 245 1876 τε
258 1849 304 1876 τοῦ
318 1849 485 1877 Διδασκάλου
497 1849 643 1884 γενόμενος
657 1849 704 1875 καὶ
716 1848 917 1884 ἀπαγξάμενος,

122 1897 170 1922 κκὶ
193 1896 274 1930 μέσος
299 1895 440 1929 λακήσαςς
458 1895 528 1930 Πρὸς
554 1896 641 1922 ταῦτα
660 1895 714 1922 δέει
728 1895 877 1930 ληφθέντες
895 1895 919 1922 οἱ

125 1942 258 1977 μαθηταὶ,
275 1941 403 1976 ῥίψαντες
416 1942 454 1973 εἰς
469 1941 567 1976 ἔδαφος
583 1942 696 1973 ἑαυτοὺς
711 1942 873 1977 αἰτήσαντες
889 1951 919 1968 τε

127 1986 293 2022 συγγνώμην
321 1988 368 2013 καὶ
392 1987 530 2019 λαϐόντες,
556 1988 719 2022 ἀνέστησαν,
753 1987 840 2014 πολλὰ
856 1988 920 2023 σφί-

124 2043 167 2059 σιν
203 2033 294 2065 αὐτοῖς
328 2033 382 2060 τῶν
417 2034 558 2069 προτέρων
590 2034 812 2069 ἐπιμεμφόμενοι
844 2035 920 2068 λογι-

123 2086 210 2112 σμωι.

161 2123 211 2155 ξα¹.
239 2124 432 2160 Ἀπεκαλὺφοη
448 2124 513 2151 ποτὲ
536 2124 573 2160 τῷ
595 2125 711 2160 Συμεὼν
724 2125 795 2160 ἅπερ
810 2124 857 2151 ἐπὶ
870 2125 921 2159 τὴν

129 2169 267 2204 Ἀντιόχου
283 2169 334 2203 φεῦ
352 2169 358 2196 ί
377 2169 530 2204 ἐπάγεσθαι
541 2170 654 2206 ἣμελλε.
681 2170 722 2197 Τὰ
735 2170 762 2197 δὲ
778 2168 822 2206 ἦν,
839 2170 921 2197 πνεῦο

966 240 1108 268 offerunt:
1124 248 1186 267 cum
1206 248 1221 268 e
1238 241 1354 276 vestigio
1377 241 1470 275 (quam
1489 241 1633 276 multiplex
1647 248 1690 271 est
1710 243 1760 271 be-

966 286 1086 321 nignitas
1105 290 1163 318 tua,
1186 285 1314 318 Domine,
1334 293 1417 320 quam
1433 287 1609 321 sperantibus
1622 287 1648 314 in
1673 292 1698 314 te
1714 296 1762 315 cx-

967 332 1098 359 hibuisti!
1112 332 1120 367 )
1136 332 1210 359 oculi
1230 331 1414 359 adolescentis
1437 332 1538 359 iterum
1554 332 1759 361 illuminantur.

966 377 1052 411 Alter,
1073 378 1118 405 cui
1134 381 1232 405 venter
1247 378 1344 405 morbo
1357 377 1477 413 quodam
1495 378 1674 412 intumuerat,
1692 380 1761 407 nihil

966 428 1025 451 arte
1039 424 1145 451 medica
1163 424 1309 452 levaminis
1326 428 1467 459 expertus,
1491 423 1654 460 Symeoncm
1673 433 1762 453 reme-

966 471 1043 498 dium
1060 471 1165 498 doloris
1180 471 1221 498 sui
1238 471 1395 506 postulabat
1410 480 1418 498 :
1436 479 1502 499 ecce
1521 477 1611 499 autem
1633 472 1763 499 salutaris

965 525 1081 544 somnus
1109 518 1222 545 exhibet
1237 518 1275 545 illi
1302 518 1411 551 virum,
1444 526 1554 546 sacrum
1582 519 1762 553 Evangelium

966 563 1071 590 dolenti
1095 563 1220 590 membro
1245 563 1444 598 imponentem,
1461 571 1516 598 quo
1531 571 1644 590 somnus
1657 564 1763 598 pariter

966 614 994 636 et
1015 609 1094 637 dolor
1107 609 1215 644 depulsi
1231 613 1307 636 sunt.
1325 608 1416 636 Sanus
1441 609 1525 644 igitur
1547 613 1607 644 post
1633 617 1761 636 somnum

967 654 1066 686 factus,
1083 653 1129 689 qui
1147 654 1218 681 male
1231 654 1378 687 habuerat,
1394 654 1427 681 ad
1443 659 1569 682 sanctum
1587 655 1712 687 accessit,
1735 661 1765 682 et

967 700 1040 734 quod
1064 699 1220 734 contigerat
1241 699 1422 727 renuntiavit.

1004 745 1047 772 60.
1067 744 1136 772 Dum
1155 745 1190 772 ita
1203 745 1321 781 Symeon
1338 745 1503 772 miraculosa
1529 745 1662 772 beneﬁcia
1682 745 1762 780 quasi

968 791 1056 830 pleno,
1069 791 1187 818 eﬂ'uudit
1207 791 1296 823 alveo.
1321 790 1422 818 accidit
1442 791 1590 825 aliquando
1609 790 1702 818 turbas
1728 791 1763 818 ad

969 837 1045 864 illum
1059 837 1219 872 frequentes
1233 837 1384 869 confluere,
1397 844 1527 864 aecensos
1540 844 1634 864 cereos
1648 837 1765 864 summis

968 883 1152 910 arundinibus
1179 883 1277 910 infixos
1299 883 1488 918 pragferentes,
1513 883 1686 910 anathemata
1706 883 1764 910 Deo

968 937 1018 964 per
1041 929 1203 964 Symeonem
1221 929 1364 956 oblaturus
1388 938 1395 957 :
1415 934 1531 956 noverat
1556 929 1629 956 enim
1645 929 1763 964 quisque

968 975 1138 1010 acccptabile
1157 975 1183 1002 id
1196 975 1361 1002 sacrificium
1380 975 1451 1008 fore,
1470 975 1542 1010 quod
1555 983 1603 1010 per
1620 976 1695 1003 illius
1706 984 1764 1003 tua-

968 1028 1021 1047 nus
1037 1020 1207 1048 immolatum
1226 1021 1334 1048 fuisset.
1359 1021 1392 1048 At
1407 1021 1453 1048 ille
1468 1021 1540 1048 dona
1555 1021 1665 1055 quidem
1681 1021 1765 1049 mini-

969 1072 1012 1092 mc
1026 1068 1084 1093 rata
1109 1065 1207 1093 habuit
1224 1070 1307 1101 atque
1321 1070 1449 1101 accepta;
1466 1067 1560 1093 turbas
1579 1074 1646 1093 vero
1666 1067 1702 1093 ita
1722 1070 1765 1093 est

969 1111 1104 1139 allocutus
1127 1121 1133 1139 :
1151 1112 1313 1141 Oblationes
1334 1117 1440 1140 vestras
1457 1121 1507 1149 ego
1527 1121 1583 1140 non
1613 1112 1763 1145 admisero,

969 1158 1078 1191 fratres,
1086 1159 1206 1194 antiqua:
1216 1165 1243 1188 et
1252 1159 1333 1187 hodie
1339 1168 1394 1186 rnae
1405 1160 1614 1187 consuetudinis
1622 1159 1764 1187 servanda:

969 1205 1110 1232 studiosus
1123 1214 1130 1233 :
1146 1211 1337 1233 verumtamen
1354 1210 1503 1240 acceptam:
1520 1206 1573 1241 iam
1588 1213 1602 1232 a
1616 1206 1673 1233 Deo
1686 1210 1763 1237 sunt,

969 1251 1016 1285 qui
1034 1258 1126 1278 rerum
1143 1255 1300 1278 nostrarum
1315 1252 1353 1278 nil
1382 1252 1502 1287 indigus,
1522 1252 1608 1279 solam
1631 1251 1763 1280 intentio-

969 1305 1032 1325 nem
1045 1298 1145 1325 bonam
1158 1297 1224 1325 boni
1241 1298 1371 1325 consulit.
1393 1298 1458 1331 Quae
1471 1299 1559 1325 oratio
1574 1298 1693 1326 tristitiae
1708 1306 1763 1325 non

970 1344 1104 1372 mediocri
1119 1345 1207 1372 turbis
1224 1345 1289 1377 fuit,
1303 1349 1332 1373 ct
1343 1345 1451 1372 animos
1465 1353 1520 1372 non
1539 1345 1619 1373 aliter
1635 1345 1763 1381 pupugit,

970 1398 1051 1425 quam
1069 1391 1091 1418 si
1114 1391 1262 1426 reprobata
1282 1391 1386 1418 oblatio
1406 1391 1515 1419 fuisset.
1534 1391 1612 1424 Quod
1636 1392 1766 1418 animad-

969 1440 1109 1464 vertentes
1127 1437 1257 1472 discipuli
1273 1436 1422 1464 consilium
1442 1437 1566 1463 inierttnt
1586 1437 1658 1464 inter
1676 1445 1716 1468 se,
1733 1442 1765 1464 ut

970 1483 1040 1510 clam
1050 1483 1239 1510 subducerent
1250 1491 1311 1518 qua:
1323 1483 1404 1510 allata
1416 1486 1505 1510 erant.
1516 1483 1618 1511 Verum
1633 1482 1764 1519 Symeon,

970 1538 1052 1564 quem
1071 1530 1253 1565 cogitationes
1274 1530 1385 1557 illorum
1403 1529 1477 1557 haud
1497 1530 1649 1565 fugiebant,
1667 1537 1764 1557 sevcta

969 1583 1036 1603 voce
1051 1576 1194 1603 advocatis
1207 1576 1275 1604 dicit
1294 1585 1300 1602 :
1316 1576 1446 1611 Nunquid
1467 1576 1554 1611 ignari
1570 1576 1648 1609 estis,
1662 1580 1765 1610 quanta

969 1621 1034 1648 olitn
1052 1629 1150 1656 passus
1176 1621 1213 1649 sit
1224 1622 1308 1649 Israel
1334 1625 1448 1656 propter
1474 1629 1549 1653 cum,
1567 1621 1615 1656 qui
1643 1622 1766 1649 avaritiae

969 1667 1046 1701 gravi
1063 1667 1174 1694 affectui
1187 1675 1216 1694 se
1228 1667 1352 1698 tradidit,
1366 1671 1394 1694 et
1406 1667 1527 1701 linguam
1542 1666 1580 1702 (8)
1592 1675 1704 1694 auream
1719 1675 1765 1694 ra-

969 1713 1070 1747 puitex
1080 1712 1273 1740 anathemate?
1282 1712 1353 1745 Quid
1366 1711 1453 1744 Giezi,
1466 1719 1535 1746 puer
1549 1712 1637 1739 Elisaei
1651 1713 1764 1740 ‘!uonne

969 1758 1063 1793 lepree,
1075 1766 1128 1793 qua
1143 1758 1266 1785 Naaman
1288 1758 1377 1785 fuerat
1389 1757 1519 1790 infectus,
1541 1758 1685 1785 damnatus
1702 1759 1766 1785 est?

970 1804 1041 1838 Quid
1057 1812 1207 1832 memorem
1224 1804 1334 1836 Judam,
1346 1804 1391 1839 qui
1405 1812 1420 1831 e
1437 1812 1553 1832 numero
1563 1808 1590 1831 et
1600 1804 1687 1839 gratia
1698 1812 1767 1839 apo-

970 1850 1103 1877 stolorum
1122 1849 1235 1882 excidit,
1250 1849 1375 1884 proditor
1397 1849 1516 1884 Magistri
1539 1849 1581 1877 sui
1605 1849 1712 1882 factus;
1737 1855 1766 1878 et

969 1896 1158 1930 strangulatus
1173 1896 1281 1930 crepuit
1297 1895 1424 1922 medius?
1435 1895 1475 1922 Ad
1496 1895 1554 1923 haec
1569 1896 1654 1922 verba
1671 1897 1766 1923 exani—

970 1941 1035 1969 mati
1062 1942 1159 1968 timore
1175 1940 1314 1975 discipuli,
1332 1941 1412 1975 proni
1433 1949 1462 1969 se
1484 1941 1513 1968 in
1529 1945 1632 1968 terram
1650 1941 1763 1973 dedere,

970 1987 1079 2014 veniam
1097 1987 1295 2021 deprecantes;
1317 1994 1399 2021 quam
1419 1986 1466 2013 ubi
1483 1986 1677 2020 impetrarunt,
1704 1993 1765 2012 sur-

971 2037 1067 2067 gentes
1083 2032 1179 2059 multis
1195 2039 1256 2059 sese
1269 2032 1435 2059 incusavere
1448 2031 1485 2058 ob
1494 2031 1588 2066 priora
1607 2039 1657 2058 sua
1684 2032 1763 2066 cogi-

972 2083 1038 2106 tata.

1006 2124 1050 2151 6f.
1068 2124 1200 2151 Revelata
1224 2124 1346 2158 quodam
1370 2128 1497 2158 tempore
1527 2123 1658 2159 Symeoni
1695 2128 1762 2150 sunt

971 2170 1042 2196 mala
1064 2177 1124 2204 qua:
1149 2177 1234 2204 super
1265 2169 1441 2196 Antiochiam
1476 2168 1634 2196 inducenda
1657 2174 1762 2195 essent.

124 2224 163 2250 μα
181 2215 320 2250 μάχαιραν
347 2215 598 2251 ἐγκεχειρισμένον,
617 2217 665 2243 καὶ
686 2215 790 2243 ἄνωθεν
809 2217 853 2242 ἐπ’
871 2215 916 2243 αὺ-

971 2215 1057 2241 Erant
1076 2219 1167 2242 autem
1183 2215 1360 2250 hujusmodi:
1390 2215 1505 2250 angelus
1530 2214 1651 2249 gladium
1668 2218 1764 2241 tenens

122 2262 174 2296 τὴν
208 2260 372 2296 φερόμενον.
407 2261 520 2295 Ἐϐήησε
542 2262 689 2297 τοιγαροῦν
718 2261 786 2296 πρὸς
813 2260 917 2296 Κύριον

123 2306 196 2340 ὑπὲρ
226 2305 313 2340 αὐτῆς
341 2307 375 2341 τῇ
404 2306 514 2341 καρδίᾳ,
527 2306 592 2342 ἔστη
607 2315 636 2332 τε
653 2306 724 2333 κατὰ
736 2307 782 2333 τὸν
796 2306 918 2341 Μωῦσῆν

123 2352 241 2379 ἐνώπιον
273 2351 368 2384 αὐτοῦ,
383 2352 429 2378 τοῦ
461 2351 632 2388 ἀποστρέψαι
654 2354 698 2380 τὸν
717 2352 803 2388 θυμὸν
819 2352 915 2385 αὐτοῦ,

122 2399 170 2424 καὶ
198 2397 236 2432 μὴ
260 2397 394 2424 ἐκκαῦσαι
424 2399 515 2424 πᾶσαν
535 2398 585 2433 τὴν
603 2398 689 2434 ὀργὴν
718 2398 813 2424 αὑτοῦ.
838 2398 867 2424 '0
891 2397 919 2424 δέ

125 2451 192 2476 φησι
206 2443 275 2478 πρὸς
289 2443 383 2469 αὐτόν·
408 2443 474 2469 Ἰδοὺ
489 2443 626 2478 ὴκραυγὴ
642 2444 692 2478 τῆς
715 2444 814 2474 κακίας
835 2443 920 2478 αὐτῆς

124 2487 210 2523 ἀνέϐη
240 2488 308 2523 πρός
336 2497 382 2523 με,
407 2489 451 2514 ἐπ’
467 2489 552 2524 ὀργήν
570 2498 622 2524 μου
644 2489 692 2515 καὶ
705 2490 752 2515 ἐπὶ
766 2490 852 2524 θυμόν
865 2490 917 2525 μού

123 2534 197 2559 ἐστιν
207 2535 223 2568 ἡ
236 2534 313 2565 πόλις
325 2534 406 2569 αὕτη,
421 2535 468 2561 καὶ
481 2534 588 2568 ἀφανιῶ
605 2535 690 2570 αὐτὴν
705 2537 732 2561 ἐν
750 2537 810 2567 ταῖς
825 2537 918 2572 ἁμαρ-

123 2580 195 2611 τίαις
233 2580 330 2616 αὐτῆς,
364 2581 412 2607 καὶ
451 2580 530 2607 δώσω
557 2580 614 2616 πῦρ
627 2581 670 2607 ἐπ’
686 2581 770 2616 αὐτὴν
791 2582 838 2608 καὶ
853 2583 919 2616 ῥομ-

125 2627 210 2661 φαίαν
225 2627 274 2653 καὶ
289 2627 407 2654 θάνατον
421 2635 429 2643 ο
446 2628 517 2663 αὐτὴ
531 2627 692 2664 παρώργισέ
708 2638 741 2663 με
756 2629 784 2655 ἐν
804 2630 860 2661 τοῖς
875 2631 915 2656 εἰ-

124 2673 220 2706 δώλοις
232 2675 328 2710 αὐτῆς,
345 2675 451 2702 τιθεῖσα
465 2676 606 2711 τράπεζαν
622 2677 679 2708 τοῖς
695 2676 805 2712 δαίμοσι
819 2678 868 2704 καὶ
882 2679 915 2714 τῇ

124 2719 205 2756 τύχῃ,
218 2719 295 2754 κάγὼ
319 2721 366 2747 ἐπὶ
393 2720 466 2747 ἔθνει
493 2721 617 2757 ἀσυνέτῳ
649 2722 794 2758 παροργιῶ
818 2723 914 2758 αὐτήν.

162 2786 320 2823 (8)ΑΑε1ιαη,
339 2787 361 2815 is
379 2787 432 2815 fuit
445 2788 503 2823 qui,
520 2789 603 2816 Josue
621 2797 666 2821 vlt,
688 2789 722 2817 de
741 2789 916 2818 anathemate

125 2821 238 2850 Jericho
253 2822 316 2859 tulit
330 2823 381 2859 (uti
401 2821 579 2858 Septuaginta
595 2824 708 2859 habent)
725 2825 848 2859 γλῶτταν
864 2825 916 2852 lin—

126 2865 217 2894 guam,
230 2857 304 2893 quod
331 2857 460 2897 vulgatus
482 2864 572 2887 textus
597 2857 715 2895 regulam
731 2857 843 2888 'verttt:
862 2868 914 2888 ms.

968 2269 1052 2288 manu
1066 2261 1094 2288 in
1111 2269 1174 2288 aere
1190 2261 1332 2288 ferebatur
1351 2268 1434 2296 supra
1449 2261 1599 2288 civitatem.
1628 2261 1765 2288 luclama-

968 2308 1009 2335 vit
1030 2308 1115 2343 igitur
1138 2311 1252 2335 sanctus
1277 2308 1425 2335 Dominum
1444 2315 1496 2342 pro
1523 2315 1556 2334 ea
1585 2311 1645 2334 toto
1670 2307 1764 2339 corde,

967 2355 1104 2389 stetitque
1122 2358 1153 2381 ιιι
1170 2355 1241 2382 alter
1259 2354 1365 2389 Moyses
1381 2361 1475 2382 coram
1488 2354 1546 2386 illo,
1568 2359 1599 2380 ut
1623 2357 1766 2381 averteret

974 2399 1096 2426 furorem
1114 2398 1201 2431 illius,
1219 2397 1424 2432 impediretque
1439 2405 1474 2424 ne
1491 2398 1595 2432 majore
1621 2397 1765 2424 iracundia

974 2446 1205 2473 inﬂammaretur.
1218 2445 1292 2472 Dicit
1315 2449 1408 2472 autem
1436 2444 1572 2472 Dominus
1602 2443 1637 2470 ad
1668 2444 1764 2470 illum:

973 2492 1046 2519 Ecce
1063 2492 1168 2519 clamor
1179 2495 1357 2525 peccatorum
1376 2490 1454 2517 urbis
1476 2490 1552 2517 illius
1583 2489 1709 2516 ascendit
1730 2489 1764 2516 ad

973 2546 1028 2570 me,
1045 2538 1113 2564 iram
1128 2545 1161 2564 ac
1171 2537 1292 2564 furorem
1306 2544 1398 2564 meum
1413 2536 1531 2564 incurrit
1544 2535 1641 2570 impia;
1658 2535 1765 2569 disper-

973 2585 1036 2612 dam
1056 2585 1142 2620 ipsam
1155 2583 1183 2611 in
1198 2583 1319 2619 peccatis
1339 2583 1413 2610 suis:
1443 2582 1590 2610 immittam
1620 2581 1722 2616 ignem.
1737 2585 1766 2608 et

973 2631 1106 2666 gladium,
1128 2634 1156 2658 et
1168 2634 1303 2657 mortem:
1323 2630 1382 2664 ipsa
1409 2629 1530 2656 irritavit
1554 2636 1598 2656 me
1624 2637 1673 2663 per
1692 2628 1764 2656 idola

971 2685 1031 2709 sua,
1046 2685 1151 2712 ponens
1170 2684 1291 2704 mensam
1308 2676 1480 2703 dauuonibus
1504 2680 1532 2702 et
1550 2675 1685 2709 fortunat;
1713 2683 1764 2709 ego

971 2731 1081 2759 quoque
1097 2732 1146 2758 per
1164 2728 1274 2759 gentem
1304 2722 1482 2758 insipientem
1520 2722 1635 2750 irritabo
1662 2723 1762 2758 ipsam.

970 2796 1098 2819 nostrum
1130 2791 1312 2826 βούγλωσσον,
1341 2799 1401 2826 qua:
1428 2792 1513 2820 herba
1537 2800 1599 2820 cum
1631 2791 1710 2822 floret
1734 2794 1761 2823 in

970 2834 1083 2889 secapum
1095 2828 1225 2863 assurgit,
1243 2827 1376 2863 longioris
1395 2827 1483 2855 instar
1496 2828 1590 2863 virgae,
1609 2833 1714 2857 rectum
1729 2837 1761 2857 ac

999 2867 1096 2889 retem.
