1966 3068
208 112 279 146 illi?!

808 113 844 144 'S.
865 112 1056 143 SYMEONIS
1075 112 1254 143 JUNIORIS

1766 117 1838 148 3058

208 169 342 196 adversus
357 171 482 196 sanetum
494 167 625 202 proﬁcere
639 175 668 195 se
689 175 784 202 posse;
805 174 899 203 aperto
915 172 998 195 martc

1052 168 1097 194 τοῦ
1113 168 1230 203 φανεροῦ
1249 168 1314 203 πρὸς
1330 167 1411 195 αὐτὴν
1423 168 1453 194 οὐ
1465 168 1563 204 θαρρεῖ
1577 169 1674 205 πάλην,
1686 171 1729 198 διὰ.
1743 173 1770 199 δὲ
1783 175 1837 201 τῶν

209 214 339 250 congredi
360 221 416 241 non
438 221 532 245 ausus,
544 213 638 241 dolose
656 221 705 248 per
719 213 871 248 discipulos
884 214 998 240 insidias

209 261 302 293 struit,
317 259 392 295 graVi
403 263 510 286 mentes
522 258 631 286 illorum
645 255 750 286 terrore
763 259 935 292 succutiens;
950 259 998 286 od-

211 306 379 340 inventoque
401 309 534 339 praetextu
561 304 635 339 quod
661 305 802 332 continuis
822 305 997 341 Assyriorum

209 351 366 378 incursibus
377 350 493 384 expositi
510 355 613 382 essent,
629 351 766 385 persuasit
780 351 820 378 eis
830 355 863 388 ut
879 351 996 378 transfe-

211 397 308 423 rendas
333 396 360 422 in
384 396 475 422 locum
505 396 674 423 securiorem
698 396 777 423 sedes
805 396 996 424 decernerent.

208 441 317 468 Adeunt
333 448 398 475 ergo
419 441 488 468 bene
505 447 586 467 mane
602 441 777 476 Symeonem,
799 443 937 475 rogantes,
953 448 998 468 se-

209 493 270 512 cum
289 485 421 519 tantisper
438 484 499 511 loco
517 489 547 511 ut
561 484 652 516 cedat,
670 484 734 510 dum
751 483 779 510 in
791 484 907 518 patriam
921 491 997 510 suam

209 529 357 558 rediissen‘t
367 531 471 566 Assyrii
484 539 490 558 :
504 531 598 566 Neque
608 531 681 558 enim
690 539 845 566 possumus,
860 531 997 566 inquiunt,

210 577 310 604 morari
318 577 423 604 diutius
431 578 457 604 in
469 577 871 612 hocmontepproptererebras
879 577 997 604 hostium

210 623 395 650 incursiones.
413 623 530 650 Tantum
554 631 620 650 vero
641 623 739 656 abfuit,
764 628 794 650 ut
820 623 843 650 is
862 623 915 650 tale
932 623 997 657 quid

209 669 385 701 admitteret,
404 673 435 695 ut
446 676 553 696 onmem
567 669 656 703 potius
671 669 788 703 lapidem
800 669 928 702 moverit,
943 676 998 703 quo

209 714 283 749 ipsos
293 715 435 741 retineret.
447 714 570 748 Cumque
583 714 667 741 multa
677 714 789 742 dixisset
802 719 996 748 tentasselque,

208 769 260 788 nec
275 761 449 795 acquieturos
460 761 510 788 sibi
529 769 647 794 unquam
661 761 768 788 videret
781 770 787 787 :
800 761 879 793 ltote,
896 761 995 795 inquit,

210 807 320 839 fratres,
339 807 365 833 in
388 814 472 841 pace;
489 807 511 833 si
529 815 577 833 vos
590 802 718 841 namque,
735 808 817 834 amici
833 815 864 834 ac
880 808 994 842 proximi

209 853 273 885 mei,
289 853 397 879 eminus
412 857 484 880 stare
495 853 722 889 malueritis,‘ego
733 855 913 882 nihilominus
925 863 996 882 sem-

209 906 257 932 per
275 902 365 924 mente
382 898 524 925 vobiscum
544 906 615 925 sum.
633 898 702 926 Cum
720 900 776 926 haec
796 899 910 927 dixisset
931 908 995 927 san-

208 949 279 976 ctus,
293 944 464 971 dimittentcs
478 944 565 978 ipsum
580 945 607 971 in
622 945 748 972 columna
762 945 890 981 discipuli
903 954 996 974 reecs-

209 995 316 1016 serunt.
334 989 532 1017 lnvadentibus
548 995 638 1018 autem
653 991 783 1018 continuo
798 992 994 1019 monasterium

211 1036 348 1067 barbaris,
375 1036 519 1070 porrigens
540 1037 658 1072 Symeon
681 1037 715 1064 ad
746 1038 848 1065 uelum
875 1045 994 1064 manus:

210 1081 333 1112 Domine,
352 1081 452 1114 inquit,
465 1082 650 1116 omnipotens,
663 1081 709 1116 qui
724 1081 751 1108 in
764 1081 878 1109 brachio
887 1082 996 1109 virtutis

209 1131 262 1153 tuae
282 1125 468 1160 dispcrdidisti
483 1125 608 1153 inimicos
624 1130 703 1158 tuos,
732 1126 904 1154 eonforletur
922 1134 996 1154 nunc

209 1178 319 1205 quoque
337 1178 434 1197 manus
445 1178 502 1201 tua,
515 1170 652 1198 exaltetur
668 1171 780 1198 dextera
798 1176 854 1199 tua.
869 1172 996 1199 Nondum

211 1218 255 1244 i.le
286 1218 393 1252 precari
416 1216 560 1248 desierat,
583 1221 612 1244 et
641 1217 751 1244 barbari
775 1218 831 1253 jam
859 1217 995 1249 imbelles,

209 1263 271 1297 fuga
287 1270 317 1289 se
335 1263 397 1289 inde
414 1262 620 1297 proripiebant;
634 1262 748 1290 dixisses
758 1262 861 1298 potenti
878 1262 996 1298 quadam

211 1316 294 1335 manu
311 1308 452 1342 expulsos.

245 1354 289 1380 66.
304 1353 426 1380 Tametsi
442 1361 525 1387 porro
538 1353 658 1381 famulus
668 1353 716 1381 Dei
734 1362 749 1381 a
772 1353 916 1389 discipulis
939 1353 996 1381 suis

210 1397 247 1424 ita
268 1398 418 1424 destitutus
452 1398 635 1432 desertusque
666 1398 759 1430 fuerit,
793 1399 879 1434 gratia
905 1403 996 1426 tamen

210 1443 313 1476 divina,
326 1443 474 1470 admodum
493 1451 625 1477 praesens,
641 1451 655 1469 a
667 1443 756 1470 latere
778 1444 838 1479 ejus
850 1451 996 1480 nunquam

1050 213 1177 248 μαθητῶν
1213 213 1309 244 δολίως
1329 213 1509 246 ὲπιῦουλεύει,
1530 215 1611 242 πάθει
1633 216 1734 248 δειλίας
1746 219 1836 245 αὐτῶν

1048 261 1098 289 τὰς
1119 259 1207 293 ψυχὰς
1232 259 1405 292 κατασείσας,
1431 260 1565 294 πρόφασιν
1589 261 1638 295 τὴν
1663 264 1762 298 συνεχῆ
1782 265 1836 290 τῶν

1055 305 1204 339 Ἀσσυρίων
1227 304 1315 340 εὑρὼν
1336 305 1462 340 πάροδον,
1487 307 1612 333 κάκεῖθεν
1631 308 1790 344 ἀπάραντας
1807 311 1836 336 ὲν

1049 349 1087 383 τῷ
1109 350 1226 383 ἀσφαλεῖ
1253 351 1421 385 καταστῆναι
1450 352 1565 384 σκολιῶς
1581 354 1742 386 ἀναπείσας.
1757 356 1789 382 Οἱ
1808 356 1836 382 δὲ

1051 394 1194 426 προσίασιν
1221 394 1277 428 ἅμα
1304 394 1405 430 ὄρθρῳ,
1423 397 1577 431 συναπᾶραι
1600 406 1674 431 σφισι
1693 400 1739 426 καὶ
1755 400 1837 426 αὑτὸν

1049 439 1197 472 ἀξιοῦντες,
1213 439 1276 474 ἄχρι
1304 440 1352 474 τῆς
1375 441 1422 467 ἐπὶ
1447 442 1496 477 τὴν
1516 443 1618 469 οἰκείαν
1634 444 1762 471 ἐπανόδου
1780 446 1837 472 τῶν

1056 485 1204 520 Ἀσσυρίων
1215 494 1222 500 ·
1236 485 1296 512 οὐδὲ
1313 487 1367 521 γὰρ
1398 484 1454 514 οἶόν
1472 489 1501 514 τέ
1518 497 1583 522 φασι
1603 491 1766 524 προσμένειν
1792 491 1832 518 ἔτι

1049 530 1086 565 τῷ
1098 531 1167 565 ὄρει,
1181 531 1267 562 οὕτως
1284 532 1373 558 αὐτῶν
1391 532 1461 559 κατὰ
1478 533 1508 559 τὸ
1521 535 1632 569 συνεχὲς
1647 536 1786 564 ἐπιόντων.
1806 537 1836 563 '0

1049 577 1076 602 δὲ
1089 576 1214 603 τοσοῦτον
1227 577 1330 611 ἀπέσχε
1342 577 1490 611 προσέσθαι
1505 587 1530 604 τι
1544 580 1608 614 περὶ
1622 581 1718 607 ἑαυτοῦ
1747 582 1836 608 toto-3-

1050 630 1105 652 τον,
1122 621 1175 656 ὅσῳ
1192 622 1240 648 καὶ
1255 621 1354 653 αὐτοὺς
1369 622 1493 657 ἐπισχεῖν
1512 623 1611 654 μᾶλλον
1629 625 1692 659 περὶ¹
1707 624 1835 652 πλείστου

1050 668 1191 700 πεποίητο.
1210 668 1287 694 Ἐπεὶ
1304 667 1332 694 δὲ
1351 667 1435 694 πολλὰ
1453 668 1537 695 εἰπών
1558 676 1588 695 τε
1608 670 1655 696 καὶ
1671 670 1783 705 δράσας,
1803 672 1835 697 οὐ

1050 713 1351 748 μεταπεισϐησομένους
1375 713 1457 748 ἑώρα,
1470 714 1631 749 Πορεύεσθε,
1645 716 1736 751 φησὶν,
1755 717 1834 743 ἀδελ-

1049 760 1103 793 φοὶ,
1117 760 1145 785 ὲν
1164 760 1260 794 εἰρήνῃ
1272 767 1280 775 ·
1295 760 1319 785 εί
1337 759 1391 794 γὰρ
1405 760 1452 785 καὶ
1467 760 1492 786 οἳ
1510 760 1582 793 φίλοι
1598 769 1648 795 μου
1660 761 1706 787 καὶ
1717 762 1741 788 οἱ
1754 762 1831 796 ἔγγι-

1049 806 1099 831 στὰ
1115 813 1165 839 μου
1184 805 1236 831 ἀπὸ
1258 805 1396 839 μακρόθεν
1410 805 1504 840 στῆναι
1526 805 1688 841 προῄρεσθε,
1709 807 1766 833 ἀλλ’
1779 808 1835 842 ἐγὼ

1046 850 1085 885 τῷ
1102 850 1237 884 πνεύματι
1253 850 1296 876 ἀεὶ
1315 849 1374 884 μεθ’
1391 850 1466 884 ὑμῶν
1481 851 1549 885 εἰμι.
1564 851 1657 877 Ταῦτα
1671 851 1717 878 τοῦ
1741 851 1834 886 Ἀγίου

1047 897 1178 928 εἰπόντος,
1192 896 1216 922 οι
1234 895 1282 930 μὲν
1293 895 1407 929 ἀφέντες
1421 895 1502 922 αὐτὸν
1515 895 1562 922 ἐπὶ
1576 895 1621 922 τοῦ
1633 896 1720 928 κίονος
1731 897 1836 934 ἀνεχώ-

1048 951 1143 977 ρησαν.
1167 942 1352 968 Ἐπιστάντων
1379 942 1406 968 δὲ
1433 942 1503 969 κατὰ
1525 942 1608 974 πόδας
1633 945 1666 979 τῇ
1692 945 1759 979 μονῇ
1778 945 1835 970 τῶν

1048 988 1202 1023 βαρϐάρων,
1228 988 1322 1022 χεῖρας
1352 987 1457 1022 οὐρανῷ
1483 987 1546 1019 δοὺς
1567 989 1679 1020 ἐκεῖνος,
1698 988 1833 1021 Δέσποτα,

1047 1032 1125 1067 φησὶ,
1141 1032 1227 1067 Κύριε
1243 1032 1440 1068 παντοκράτορ.
1458 1033 1472 1057 ό
1486 1033 1515 1058 ἐν
1534 1033 1573 1067 τῷ
1586 1033 1706 1068 βραχίονι
1722 1034 1773 1068 τῆς
1787 1034 1834 1061 δυ-

1046 1077 1154 1111 νάμεώς
1165 1086 1212 1103 σου
1225 1077 1420 1112 διασκορπίσας
1430 1080 1492 1109 τοὺς
1502 1077 1615 1113 ἐχθρούς
1626 1087 1682 1112 σου,
1697 1088 1834 1114 κραταιω-

1047 1123 1120 1158 θήτω
1137 1122 1184 1149 καὶ
1197 1121 1244 1149 νῦν
1260 1123 1276 1157 ἡ
1292 1123 1352 1157 χείρ
1367 1132 1424 1154 σου,
1443 1122 1577 1158 ibt/meme)
1590 1124 1606 1159 ὴ
1621 1124 1694 1156 δεξιά
1707 1124 1835 1155 σου.,οὖ-

1047 1178 1090 1195 πω
1102 1168 1177 1199 τέλος
1190 1166 1261 1203 εἶχεν
1275 1168 1348 1203 αὐτῷ
1361 1169 1378 1203 ἡ
1390 1169 1465 1204 εὐχὴ,
1481 1169 1526 1195 καὶ
1539 1170 1562 1195 οἱ
1576 1169 1708 1204 βάρόαροι
1721 1170 1834 1204 φεύγειν

1047 1214 1151 1241 ἐκεῖθεν
1167 1214 1285 1247 ἀγεννῶς
1302 1215 1472 1249 ἐπεχείρουν,
1491 1214 1616 1250 καθάπερ
1630 1215 1683 1241 ὑπό
1694 1224 1766 1247 τινος
1783 1215 1835 1251 βα-

1049 1259 1124 1294 ρείας
1142 1259 1232 1295 χειρὸς
1244 1259 1428 1294 ἐλαυνόμενοι.

1083 1350 1136 1383 Eg’.
1158 1351 1188 1376 Ὀ
1209 1350 1257 1385 μὲν
1278 1349 1334 1376 οὖν’
1346 1348 1392 1376 τοῦ
1416 1349 1482 1375 Θεοῦ
1515 1349 1652 1384 θεράπων,
1672 1350 1696 1376 εί
1716 1350 1835 1376 καὶτῶν

1047 1397 1154 1424 οἰκείων
1183 1395 1256 1423 οὕτω
1281 1395 1410 1431 μαθητῶν
1429 1394 1531 1430 ἔρημος
1556 1394 1748 1427 ἀπολέλειπτο,
1765 1395 1836 1423 ἀλλὰ

1048 1441 1190 1477 παροῦσαν
1210 1439 1267 1476 εἶχε
1289 1441 1382 1474 σαφῶς
1406 1440 1455 1476 τὴν
1469 1440 1543 1466 Θείαν
1555 1439 1658 1467 ἄνωθεν
1676 1440 1765 1475 χάριν,
1782 1441 1836 1466 οὐκ

210 1489 359 1520 abscessit;
376 1497 431 1515 non
462 1493 568 1515 tantum
586 1494 705 1515 mentem
733 1489 807 1516 illius
835 1490 928 1516 laetitia
953 1497 996 1517 re-

1052 1487 1210 1521 ἀγαλλῐασιν
1235 1487 1314 1522 μόνον
1335 1486 1512 1520 ἐμποιοῦσαν,
1528 1485 1595 1513 ἀλλά
1617 1495 1678 1512 τινα
1695 1486 1743 1512 καὶ
1764 1486 1837 1520 ἄφα-

211 1535 301 1569 plens,
333 1534 380 1561 sed
410 1534 577 1560 incll‘abilem
609 1533 768 1567 quamdam,
800 1535 839 1561 uti
867 1535 996 1566 diximus,

212 1580 375 1607 ditTundens
390 1579 578 1614 fragrantiam,
592 1587 652 1613 qua:
677 1580 791 1607 lacerna:
806 1588 857 1614 qua
880 1581 997 1607 amictus

210 1630 271 1653 erat
288 1625 322 1652 ad
339 1630 492 1652 extremum
505 1632 593 1659 usque
616 1625 734 1652 inhaesit.
748 1624 889 1652 Gaudebat
905 1626 997 1660 itaque

211 1671 420 1703 solitudine,ac
434 1671 523 1697 tribus
554 1671 789 1706 consequentibus
813 1671 911 1699 diebus
945 1671 997 1699 soli

212 1720 328 1747 orationi
344 1725 371 1747 et
394 1719 448 1748 Deo
465 1727 566 1748 vacans
589 1720 688 1756 (usque
710 1728 743 1748 eo
760 1721 832 1748 enim
849 1726 939 1755 potens
955 1729 993 1753 es,

215 1765 333 1793 Domine.
346 1770 370 1793 et
383 1767 477 1793 veritas
493 1772 537 1792 tua
551 1767 579 1794 in
594 1767 705 1794 circuitu
721 1772 764 1795 tuo
778 1767 809 1803 ")
822 1768 995 1803 conspicatur

218 1808 355 1842 utrimque
377 1813 487 1836 sanctos
504 1810 616 1844 angelos
630 1809 708 1842 duos,
719 1811 836 1837 alterum
850 1819 863 1837 a
875 1812 1003 1844 dexteris,

217 1853 334 1879 alterum
347 1860 362 1879 a
374 1852 503 1884 sinistris.
515 1853 640 1881 dicentes
651 1854 702 1888 ipsi
714 1863 720 1880 :
731 1854 856 1886 Conﬁdo,
867 1862 921 1881 non
930 1855 1005 1882 enim

217 1897 294 1924 solus
306 1904 355 1930 es;
380 1897 428 1924 sed
447 1905 497 1925 nos
514 1902 604 1925 terum
621 1907 726 1926 sumus.
745 1900 853 1927 Interea
875 1900 1004 1928 barbaris

218 1941 338 1969 reditum
357 1942 386 1969 in
414 1944 531 1978 patriam
563 1945 773 1977 meditantibus,
800 1950 948 1972 servantur
975 1953 1003 1974 et

216 1986 363 2021 discipuli:
386 1988 504 2022 visoque
527 1994 629 2023 quanta
659 1991 777 2025 Symeon
798 1991 894 2017 laetitia
920 1995 1002 2025 atque

216 2033 303 2067 gratia
323 2033 504 2066 redundaret,
518 2034 588 2061 lmtis
599 2035 714 2062 vocibus
738 2036 790 2070 ipsi
813 2043 923 2070 quoque
940 2043 1001 2071 gra-

217 2077 270 2106 tias
280 2078 336 2106 Deo
356 2079 547 2106 reddiderunt.

1050 1542 1105 1565 τον,
1125 1534 1162 1564 ὡς
1172 1533 1287 1568 ἔφημεν,
1305 1533 1427 1558 ,εὐωδίαν
1451 1531 1534 1558 αὐτοῦ
1560 1531 1758 1566 καταχέουσαν,
1773 1532 1837 1567 ἥτις

1051 1579 1096 1605 καὶ
1108 1579 1163 1609 τοῖς
1176 1578 1289 1614 ῥακίοις,
1304 1574 1345 1609 οἷς
1364 1578 1467 1608 ἐκεῖνος
1490 1576 1624 1611 ἠμφίεστο
1647 1576 1655 1610 ,
1685 1577 1836 1613 παρέμεινε

1050 1623 1093 1650 διὰ
1103 1623 1205 1654 τέλους.
1219 1620 1277 1649 τἾΙν
1291 1622 1381 1649 τοίνυν
1393 1622 1494 1657 χαίρων
1508 1623 1540 1657 τῇ
1552 1621 1615 1656 περὶ
1627 1621 1707 1648 αὐτὸν
1720 1622 1836 1656 ἐρημίᾳ,

1050 1669 1098 1695 καὶ
1113 1668 1207 1704 τρίτην
1221 1667 1285 1702 ἑξῆς
1304 1667 1409 1702 ἡμέραν
1426 1668 1493 1702 εὐχῇ
1512 1667 1581 1702 μόνῃ
1597 1667 1645 1693 καὶ
1661 1666 1720 1701 Θεῷ
1737 1667 1837 1701 σχολά-

1048 1723 1102 1753 ζων
1115 1721 1156 1758 (ἐν
1170 1719 1290 1755 τοσούτῳ
1302 1718 1331 1746 δὲ
1347 1717 1477 1751 δυνατὸς
1490 1715 1532 1751 ξεῖ,
1548 1718 1645 1752 Κύριε,
1659 1718 1707 1744 καὶ
1723 1719 1743 1753 ἡ
1758 1719 1840 1752 ἀλή-

1049 1766 1112 1794 θειά
1127 1774 1185 1793 σου
1208 1766 1311 1797 κύκλῳ
1332 1764 1402 1798 σου)
1425 1765 1475 1800 ὁρᾷ
1499 1764 1545 1790 δύο
1566 1763 1643 1795 τινὰς
1666 1764 1839 1798 ἑκατέρωθεν

1058 1809 1151 1842 ἁγίους
1166 1810 1297 1844 ἀγγέλους
1310 1829 1317 1842 ,
1334 1809 1379 1836 τὸν
1397 1810 1447 1844 μὲν
1461 1811 1492 1836 ὲκ
1504 1810 1599 1843 δεξιῶν
1614 1831 1621 1843 ,
1636 1811 1681 1837 τὸν
1692 1811 1714 1837 δ’
1733 1811 1762 1843 ἐξ
1787 1813 1843 1847 ἀρι-

1063 1854 1177 1888 στερῶν,
1212 1854 1341 1888 λέγοντας
1374 1855 1467 1890 αὐτῷ·
1496 1855 1608 1891 Θάρρει,
1637 1855 1698 1882 οὐδὲ
1725 1856 1781 1892 γὰρ
1806 1856 1843 1888 εἷ,

1057 1901 1134 1935 φησι,
1153 1901 1242 1934 μόνος,
1264 1900 1331 1927 ἀλλὰ
1358 1901 1427 1935 μετά
1454 1900 1500 1927 σοῦ
1522 1904 1569 1927 καὶ
1588 1902 1678 1936 ἡμεῖς.
1699 1902 1744 1929 Ἐν
1754 1902 1843 1937 τούτῳ

1056 1946 1083 1972 δὲ
1095 1946 1149 1972 τῶν
1173 1945 1318 1981 βαρὸάρων
1333 1946 1464 1972 ἐπανόδου
1484 1946 1669 1981 μνησθέντων,
1684 1946 1841 1979 ἀνασώζον-

1055 2000 1099 2018 ται
1111 1992 1158 2018 καὶ
1185 1992 1316 2027 μαθηταὶ,
1333 1992 1379 2018 καὶ
1395 1991 1490 2019 τοῦτον
1513 1993 1591 2024 ὅπως
1615 1993 1802 2026 ἀγαλλιάσεως
1812 2002 1842 2020 τε

1055 2039 1103 2064 καὶ
1130 2037 1240 2073 χάριτος
1267 2036 1339 2072 εἶχεν
1365 2037 1473 2070 ἰδόντες,
1491 2037 1684 2073 ἀγαλλομένοις
1708 2039 1768 2074 Θεῷ
1796 2039 1843 2065 καὶ

1056 2082 1133 2108 αὐτοὶ
1145 2082 1261 2116 χείλεσιν
1275 2082 1466 2117 ηὐχαρίστουν.

935 2140 1048 2168 CAPUT
1071 2140 1117 2167 IX.

496 2194 629 2223 Liberalia
648 2198 831 2232 captivarum;
847 2198 975 2224 transitus
986 2199 1015 2225 in
1030 2202 1143 2224 montem
1164 2197 1328 2230 mirabilem;
1350 2199 1404 2225 alia
1421 2199 1561 2227 miracula.

254 2249 300 2276 67.
313 2249 416 2276 Verum
436 2250 499 2284 quis
520 2259 612 2279 sermo
623 2260 668 2280 res
684 2261 699 2279 a
719 2253 813 2280 divino
836 2253 947 2280 homine
974 2261 998 2280 et

1093 2253 1142 2286 ξζ’.
1163 2254 1243 2280 Ἀλλὰ
1260 2254 1301 2286 τίς
1329 2254 1362 2281 ἂν
1389 2254 1467 2288 λόγος
1483 2255 1517 2281 τὰ
1534 2254 1686 2291 τηνικαῦτα
1700 2255 1778 2290 παρὰ
1795 2257 1842 2284 τοῦ

219 2298 383 2329 tempestate
396 2300 496 2330 gestas,
508 2302 576 2331 quot
597 2298 725 2325 servituti
742 2299 866 2326 addictos
881 2299 1004 2327 libertati

223 2341 388 2374 restituerit,
401 2346 428 2369 et
437 2350 486 2377 per
503 2344 610 2371 medios
625 2344 720 2372 hostes
743 2345 832 2372 salvos
865 2345 1003 2378 eduxerit,

221 2387 317 2422 paucis
326 2392 410 2422 queat
425 2389 460 2415 ob
476 2389 573 2416 oculos
595 2390 715 2424 ponere?
742 2398 827 2418 unum
852 2391 1006 2419 alterumve

219 2439 332 2460 necesse
346 2436 389 2459 est
404 2440 569 2462 memorare.
588 2434 684 2461 Frater
702 2435 758 2467 ille,
775 2435 856 2469 cujus
867 2443 883 2462 a
901 2436 1000 2463 barba-

220 2478 258 2504 ris
282 2478 355 2512 capti
394 2479 564 2506 mentionem
594 2480 711 2508 fecimus
738 2481 819 2515 paulo
845 2482 901 2515 (ll)
928 2486 1003 2514 ante,

220 2522 358 2549 mirabilia
381 2524 469 2550 sancti
483 2532 566 2559 opera
583 2525 632 2561 (ita
648 2527 723 2553 enim
738 2527 797 2554 ﬁeri
819 2528 964 2554 consuevit
975 2533 1006 2555 ut

221 2566 324 2598 anima,
337 2566 560 2595 intolerabilibus
580 2570 712 2597 arumnis
743 2577 848 2605 pressa,
862 2578 922 2597 cum
936 2579 1005 2605 qua-

222 2611 285 2638 dam
303 2611 444 2646 voluptate
460 2612 487 2640 in
500 2614 662 2641 memoriam
678 2615 723 2642 illa
741 2620 862 2648 revocet,
876 2623 937 2650 qua).
949 2623 1005 2643 me-

222 2655 321 2685 liorem
345 2657 444 2685 aﬁ‘erre
479 2667 556 2693 spem
584 2665 647 2688 nata
684 2664 759 2696 sunt)
785 2661 893 2689 cuidam
925 2662 1005 2689 militi

260 2733 282 2749 ¹³
303 2733 375 2761 Psal.
389 2742 517 2767 uxxvm,
541 2735 567 2762 9.

261 2798 317 2832 (ιη
333 2806 428 2833 supra,
444 2807 520 2826 num.
535 2800 579 2827 65.

1056 2300 1127 2326 θείου
1139 2299 1250 2334 Συμεὼν
1270 2300 1411 2334 γεγονότα,
1433 2300 1479 2327 καὶ
1500 2301 1573 2332 ὅπως
1585 2301 1639 2327 τῶν
1654 2301 1845 2336 αίχμαλωτισ-

1058 2345 1157 2372 θέντων
1174 2345 1281 2376 πολλοῖς
1305 2345 1488 2380 ὀπτανόμενος
1499 2345 1566 2373 ἀνίει
1592 2347 1641 2380 τῆς
1654 2346 1844 2380 αἰχμαλωσίας

1058 2390 1167 2422 αὐτοὺς,
1180 2390 1227 2416 καὶ
1256 2390 1301 2416 διὰ
1333 2391 1421 2424 μέσων
1447 2390 1532 2422 ἔσωζε
1554 2391 1609 2417 τῶν
1641 2391 1844 2426 βαρϐάρων,ἔν

1060 2434 1155 2470 βραχεῖ
1180 2436 1399 2470 παραστήσειεη
1414 2434 1473 2466 ἑνὸς
1502 2434 1540 2467 δὲ,
1559 2435 1575 2469 ἢ
1592 2435 1640 2461 καὶ
1668 2435 1714 2461 δύο
1739 2436 1844 2462 τούτων

1059 2481 1206 2514 ἀναγκαῖον
1233 2481 1446 2516 ἐπιμνησθῆναι.
1480 2480 1510 2506 '0
1534 2481 1585 2508 ὑπὸ
1609 2481 1663 2507 τῶν
1696 2480 1844 2517 βαρὸἀρινν

1058 2526 1171 2560 ἔναγχος
1200 2525 1313 2560 ληφθεὶς
1344 2525 1468 2560 ἁδελφὸς,
1484 2522 1515 2552 οὗ
1539 2526 1586 2552 καὶ
1617 2525 1710 2561 μικρῷ
1726 2526 1846 2561 πρόσθεν

1058 2573 1071 2598 ό
1086 2571 1166 2605 λόγος
1181 2571 1258 2607 ἔθετο
1271 2571 1392 2606 μνήμην,
1415 2572 1449 2598 τὰ
1474 2571 1521 2598 τοῦ
1540 2572 1617 2605 ἁγίου
1633 2571 1785 2606 θαυμάσια,
1801 2569 1846 2598 οἷα

1059 2617 1153 2644 εἴωθεν
1167 2618 1195 2643 ὲν
1211 2617 1362 2652 ἀμηχάνοις
1378 2619 1474 2648 κακοῖς
1490 2617 1557 2644 οὖσα
1569 2617 1642 2653 ψυχὴ
1663 2616 1718 2643 τῶν
1728 2626 1846 2652 χρηστο-

1059 2663 1139 2698 τέραν
1160 2663 1257 2690 ἐλπίδα
1271 2663 1465 2698 παρεχομένων
1476 2663 1563 2698 ἡδέως
1574 2663 1845 2698 ἀναμιμνήσκεσθαι.
