1966 3068
181 135 251 168 3057

685 139 771 170 “TA
792 140 814 169 Α
834 138 1052 168 NICEPHORO
1071 138 1301 170 CONSCRII’TA

1734 139 1803 171 3053

184 197 232 233 μὲν
245 195 376 223 ἐπύθοντο
391 196 454 231 περὶ
477 196 639 233 Ἐφραιμίου
656 197 692 229 ὡς
710 197 838 231 ὑγιαίνοι.
849 198 926 224 Μετὰ
940 197 967 224 δὲ

1024 196 1198 224 illucescente
1218 197 1272 232 jam
1297 196 1411 236 generis
1432 196 1487 229 die,
1516 197 1678 224 convocavit
1712 198 1804 225 denuo

180 241 267 268 ταῦτα
282 242 398 272 καλέσας
411 242 488 274 αὖθις
509 244 523 269 ὁ
536 243 582 269 τοῦ
604 243 671 269 Θεοῦ
686 243 776 274 δοῦλος
794 243 892 275 αὐτούς
903 252 911 258 ·
928 243 969 270 δι-

183 289 338 322 αυγάζουσα
364 290 393 316 δὲ
417 288 451 325 ἦν
483 290 534 325 ἤδη
569 290 742 326 Παρασκευή”
773 288 802 316 '0
825 290 968 324 ἀρχιερεὺς

180 331 228 361 τοῦ
252 335 319 361 Θεοῦ
331 336 400 362 κατὰ
415 334 465 371 τὴν
485 335 580 369 νύκτα,
591 336 667 371 φησὶ,
690 345 722 370 πί
729 336 758 367 ὸς
774 335 856 362 αὐτὸν
871 336 970 370 εξεδή-

184 388 254 415 μησε
269 387 276 394 ⁶
292 381 424 414 τεθέαμαι
448 381 502 415 γὰρ
521 381 604 408 αὐτοῦ
625 382 673 417 τὴν
687 381 783 416 ψυχὴν
803 381 854 407 ὑπὸ
873 381 970 416 πλήθει

182 425 427 460 λευχειμονούντων
441 427 504 462 τῇδε
515 427 738 462 παραϐαλοῦσαν·
758 427 774 459 ἡ
785 427 815 453 δὲ
829 427 970 462 ἠσπάσατό

185 480 229 506 με,
241 471 288 497 καὶ
304 472 414 507 μνήμην
426 467 512 506 αὐτῆς
523 473 657 499 ποιεῖσθαι
673 473 741 508 πρὸς
755 473 821 499 Θεὸν
837 473 971 499 ἐνετείλα-

183 525 224 548 το,
237 516 276 542 ἔτι
289 517 336 543 καὶ
348 517 464 552 σχέσεως
480 518 563 545 αὐτοῦ
575 519 643 554 πρός
658 527 687 545 τε
703 518 783 544 αὑτὸν
795 519 844 553 ἐμὲ
857 518 906 544 καὶ
922 518 971 552 τὴν

171 574 175 577 ι
186 563 292 597 μητέρα
304 563 352 598 τὴν
364 563 434 598 ἐμὴν
447 564 637 599 ἀναμνήσασα.
650 563 742 590 Ταῦτα
756 564 769 589 ὁ
786 564 834 598 μὲν
849 564 912 598 περὶ
923 563 970 589 τεῦ

185 607 342 642 ἀρχιερέως
370 610 425 640 τοῖς
439 609 563 643 ἀδελφοῖς
578 610 738 644 προειρήκει
750 617 757 624 ⁸
774 610 797 635 οἱ
812 609 841 635 δὲ
850 609 895 635 τὸν
909 618 971 636 και-

185 652 232 686 ρὸν
257 653 501 688 ἐπισημηνάμενοι,
519 652 599 689 εὗρον
617 654 665 689 τῆς
684 654 779 686 νυκτὸς
799 654 906 689 ἐκείνης
926 654 971 680 τὸν

185 698 258 724 θεῖον
281 699 441 734 Ἐφραίμιον
456 700 670 735 ὲκδεδημηκότα.

220 748 272 775 og’.
288 744 394 771 Πολλῶν
413 746 451 778 δὲ,
469 745 512 772 οἶα
528 746 611 779 εἰκὸς,
637 747 687 781 τῆς
703 745 837 780 καθέδρας
862 745 972 780 ἐφιεμέ-

185 797 249 820 νων,
260 789 306 815 καὶ
316 789 418 824 ταύτην
430 791 535 822 ἑαυτοῖς
547 789 765 822 σπουδαζόντων,
780 791 878 827 συνέϐη
889 791 983 827 Δομνῖ-

187 834 231 861 νόν
256 844 326 868 τινα,
343 836 393 870 τῆς
421 836 536 871 Θρᾳκῶν
550 835 874 872 ὼρμημένον,πτωχείου
901 835 972 862 κατὰ

186 881 303 915 Λυχνίδα
330 882 407 909 πόλιν
434 884 609 917 προεστῶτα,
631 885 664 920 τῇ
691 884 807 919 βασιλίδι
822 883 972 919 τηνικαῦτα

186 928 257 953 κατά
274 936 333 954 τινα
348 928 441 963 χρείαν
450 929 618 965 ἐπιδημῆσαι
637 938 644 945 ·
663 930 692 961 ὃς
709 930 784 966 νόμῳ
801 930 892 963 φιλίας
913 930 972 956 τισὶ

186 972 240 998 τῶν
257 973 286 999 ὲν
305 975 361 1005 τοῖς
377 973 520 1008 βασιλείοις
537 975 721 1010 ῲκειωμένος,
734 975 772 1010 τῷ
787 975 892 1010 βασιλεῖ
906 975 971 1010 παρ’

186 1018 276 1044 αὐτῶν
291 1019 494 1053 (Ἰουστινιανὸς
507 1021 536 1047 δὲ
558 1019 593 1055 ἦν
613 1018 701 1056 οὗτος)
717 1022 871 1055 εἰσάγεται.
898 1021 928 1047 '0
938 1021 967 1047 δὲ

187 1063 336 1097 κανονικῆς
350 1064 505 1099 ἀκριϐείας,
521 1065 707 1092 άποστολικῶν
721 1073 751 1091 τε
776 1065 972 1100 παραγγελμά-

186 1116 240 1134 των
254 1109 332 1142 ὀλίγα
352 1109 508 1144 φροντίσας,
522 1111 555 1145 τῇ
572 1110 668 1145 πρώτῃ
682 1110 730 1137 τοῦ
750 1110 845 1145 ἀνδρὸς
862 1111 911 1146 θέᾳ
925 1111 973 1137 καὶ

187 1152 236 1185 τὴν
251 1151 608 1187 ψῆφονσυνάτπενἾδοὺότῆς
627 1154 764 1189 Ἀντιόχου
789 1155 971 1190 πατριάρχης,

187 1195 273 1222 statim
289 1204 296 1213 ·
314 1198 362 1223 καὶ
384 1196 429 1223 τὸν
447 1197 540 1231 θρόνον
556 1198 656 1230 εὐθέως
670 1200 820 1234 ὁΔομνῖνος
831 1200 970 1234 καταλαμ-

187 1242 274 1269 ϐάνει.
292 1241 403 1277 [Ιαριὼν
416 1243 445 1269 δὲ
471 1243 528 1270 sta,
543 1244 597 1282 τῶν
614 1245 784 1280 προαστείων
798 1245 848 1280 τῆς
869 1246 971 1272 Ἀντιό-

186 1295 246 1322 χου,
258 1288 306 1314 καὶ
325 1289 389 1320 τοὺς
407 1289 436 1315 ἐν
460 1289 500 1323 τῷ
518 1289 576 1325 ναῷ
599 1289 646 1316 τοῦ
664 1290 769 1316 δικαίου
788 1289 859 1323 Ίὼὸ,
875 1291 904 1322 ὃς
919 1291 972 1326 πρὸ

186 1333 236 1367 τῆς
253 1332 356 1364 πόλεως
376 1333 477 1368 ἵδρυτο,
494 1333 701 1369 λελωϐημένους
717 1334 789 1368 ίδὼν,
805 1335 852 1362 καὶ
871 1335 972 1375 ’δεινῶς

188 1378 287 1410 αὐτοὺς
302 1378 507 1414 βδελυξάμενος,
521 1379 575 1406 δεῖν
592 1380 663 1414 Εγνω
679 1380 790 1412 τούτους
806 1381 910 1408 ἐκεῖθεν
925 1381 972 1417 ἁλέ

188 1419 271 1455 λαχοῦ
299 1423 477 1458 μεταστῆσαι,
496 1423 540 1449 ἵνα
557 1423 593 1458 μὴ
608 1424 660 1459 πρὸ
679 1424 725 1450 τοῦ
743 1425 791 1460 τῆς
807 1425 909 1458 πόλεως
925 1426 972 1452 κό-

190 1475 259 1501 σμου
277 1469 358 1503 φησὶν
391 1469 457 1501 ἄγος
481 1467 546 1496 εῐεν.
561 1470 649 1505 Ὅπερ
664 1471 763 1502 αὐτοὺς
783 1471 971 1507 αἰσθομένους,

1020 244 1129 275 tratrcs,‘
1146 243 1287 278 dixitque:
1300 242 1426 270 Pontifex
1436 242 1483 269 Dei
1499 242 1550 270 hac
1562 248 1642 270 nocte
1654 251 1669 270 e
1686 243 1740 271 vita
1752 245 1806 271 mi-

1021 289 1128 324 gravit:
1150 289 1206 315 vidi
1222 296 1340 323 namque
1356 289 1574 321 animamillius,
1605 289 1684 317 turba
1707 297 1806 324 magna

1021 335 1146 362 candidis
1180 335 1470 368 vestita'comitante,
1492 335 1544 362 hac
1576 335 1803 368 transvolantcm,

1020 380 1241 415 salutantemquc
1257 389 1309 413 me,
1338 386 1366 407 et
1381 381 1541 408 memoriam
1565 380 1606 408 sui
1624 381 1696 416 apud
1720 382 1804 408 Deum

1022 429 1051 452 ut
1076 426 1204 458 facerem,
1227 426 1432 461 praecipientem
1453 436 1459 454 :
1485 430 1803 461 commemorantemque

1021 471 1141 506 qualiter
1153 479 1217 506 erga
1229 479 1273 498 me
1294 479 1325 498 ac
1338 476 1451 499 matrem
1474 479 1562 499 meam
1575 472 1658 502 fuerit
1679 473 1806 500 aii'cctus.

1022 517 1104 544 Hisce
1122 516 1156 543 de
1172 515 1302 552 pontifice
1314 516 1446 544 fratribus
1463 525 1478 544 a
1496 517 1629 553 Symeonc
1653 518 1806 553 praedictis,

1023 566 1156 590 notarunt
1181 563 1220 590 illi
1244 567 1362 598 tempus,
1392 568 1640 598 compercruntque
1667 564 1719 592 hac
1748 564 1806 600 ipsa

1002 602 1010 606 ”
1022 613 1103 636 nocte
1120 613 1244 636 sanctum
1261 608 1444 644 Ephraemium
1466 608 1627 637 decessisse.

1029 769 1033 772 ,
1058 737 1101 764 76.
1122 736 1267 769 Pluribus,
1284 741 1313 764 ut
1329 736 1368 768 fit,
1389 736 1546 764 cathedram
1566 737 1641 764 illam
1655 737 1809 772 appetenti-

1023 779 1086 811 bus,
1100 779 1208 814 sibique
1225 787 1384 814 comparare
1393 779 1590 814 satagcntibus,
1604 779 1706 807 factum
1719 785 1762 808 est
1779 785 1809 808 ut

1023 825 1066 852 vir
1095 825 1216 860 quidam,
1235 825 1389 854 Domniuus
1404 825 1459 861 (l9)
1477 827 1601 858 nomine,
1625 834 1659 854 ex
1691 827 1808 855 Thracia

1024 870 1166 903 oriundus,
1182 870 1330 905 praefectus
1345 870 1452 898 cuidam
1480 872 1557 907 juxta
1584 872 1725 907 Lychnida
1750 873 1808 909 (20)

1023 915 1162 944 civitatem
1174 915 1399 951 ptochotrophio,
1411 917 1583 951 negotiorum
1598 925 1679 945 causa
1689 919 1808 953 impera-

1024 961 1120 988 tricem
1136 968 1186 996 per
1209 961 1278 988 illud
1294 965 1402 997 tempus
1413 962 1575 990 conveniret
1597 971 1603 989 :
1620 962 1668 997 qui
1680 963 1810 991 amicitia:

1020 1006 1083 1041 jure
1099 1005 1266 1041 quibusdam
1283 1006 1380 1034 aulicis
1398 1006 1559 1034 familiarior
1576 1006 1676 1040 factus,
1696 1008 1731 1035 ab
1755 1007 1812 1036 illis

1024 1051 1058 1079 ad
1080 1053 1275 1087 imperatorem
1298 1053 1369 1088 (erat
1392 1053 1416 1080 is
1444 1053 1628 1086 Justinianus)
1649 1053 1810 1081 adducitur.

1024 1098 1184 1133 Imperator,
1201 1102 1231 1125 ut
1245 1103 1304 1125 erat
1320 1098 1455 1133 regularis
1469 1098 1628 1133 disciplinas
1643 1103 1726 1134 atque
1744 1108 1811 1134 apo-

1023 1143 1181 1171 stolicarum
1194 1143 1423 1171 constitutionum
1437 1151 1535 1178 parum
1552 1144 1703 1177 studiosus,
1722 1145 1812 1180 primo

1024 1196 1087 1216 mox
1099 1196 1246 1224 congressu
1259 1189 1349 1216 virum
1376 1188 1506 1224 suffragio
1529 1196 1579 1216 suo
1600 1189 1678 1225 eligit
1691 1199 1701 1218 ιε
1722 1191 1812 1223 Ecce,
1846 1192 1848 1195 ‘

1024 1235 1163 1269 inquiens,
1181 1234 1226 1261 hic
1247 1238 1290 1261 est
1308 1234 1462 1262 Antiochiae
1479 1235 1645 1270 patriarcha.
1662 1234 1813 1263 EtDomui-

1024 1288 1077 1308 nus
1093 1281 1187 1308 statim
1200 1280 1234 1307 ad
1248 1280 1345 1308 sedem
1362 1281 1437 1308 illam
1462 1289 1491 1309 se
1515 1281 1634 1309 confert.
1662 1281 1813 1310 Trausicns

1024 1326 1116 1361 itaque
1146 1334 1196 1362 per
1218 1327 1351 1354 suburbia
1378 1328 1572 1361 Antiochena,
1602 1328 1754 1364 vidensque
1783 1329 1812 1356 in

1024 1373 1128 1407 templo
1143 1373 1211 1408 justi
1226 1373 1288 1405 Job,
1305 1373 1380 1408 quod
1400 1373 1462 1400 urbi
1479 1374 1600 1402 vicinum
1623 1379 1677 1407 est,
1702 1374 1813 1402 saucios

1025 1419 1195 1454 mutilosque
1212 1419 1339 1447 homines
1352 1439 1360 1451 ,
1382 1428 1453 1455 quos
1470 1420 1650 1448 vehementer
1681 1428 1811 1448 exsecra-

1024 1465 1118 1498 batur,
1127 1465 1190 1493 inde
1198 1466 1306 1493 censuit
1317 1466 1371 1493 alio
1383 1466 1588 1494 transferendos
1596 1475 1603 1493 :
1611 1467 1661 1499 Ne,
1672 1466 1812 1502 inquiens,

190 1513 237 1540 καὶ
254 1513 321 1548 πρὸς
362 1514 408 1540 τὸν
422 1514 527 1549 Ἃγιον,
543 1515 581 1546 ὡς
611 1515 725 1548 ἕκαστος
748 1515 803 1552 εἶχε
815 1517 879 1544 δυνά
887 1526 969 1553 μεως,

1025 1521 1076 1548 pro
1091 1512 1169 1539 urbis
1179 1513 1296 1548 hujusce
1313 1518 1425 1546 ornatu,
1437 1513 1557 1550 dedecus
1576 1513 1616 1540 illi
1643 1514 1710 1542 sint.
1733 1514 1815 1548 Quod

186 1557 356 1592 ἀνελθόντας,
373 1560 436 1591 τοὺς
462 1560 511 1595 μὲν
536 1560 601 1587 ποσὶ
627 1562 674 1588 καὶ
695 1561 841 1599 βακτηρίᾳ,
870 1564 933 1595 τοὺς
947 1564 975 1590 δὲ

190 1602 288 1637 φόρτον
315 1604 374 1630 ἐκεῖ
401 1605 597 1639 κομισθέντας,
616 1606 666 1641 τὴν
684 1606 712 1632 δὲ
737 1607 784 1634 τοῦ
815 1609 844 1634 ἐν
874 1608 975 1642 Ἀγὶοις

194 1648 357 1684 Ἐφραιμίου
382 1650 564 1684 συμπάθειαν,
583 1653 630 1678 καὶ
642 1653 691 1678 ὅσα
703 1653 772 1687 ,μετ’
786 1653 876 1680 αὐτῶν
899 1654 974 1689 ἕδρα,

189 1694 248 1725 οἵας
273 1703 303 1720 τε
330 1694 377 1721 τοῦ
396 1695 443 1721 νῦν
457 1696 607 1732 ἀρχιερέως
631 1697 681 1732 τῆς
705 1698 892 1733 ἀσπλαγχνίας
925 1709 975 1727 πε-

187 1739 343 1774 πείρανται,
359 1739 406 1766 καὶ
433 1740 507 1772 ὅπως
533 1741 594 1767 οὐδὲ
615 1742 669 1778 πρὸ
697 1742 748 1778 τῆς
775 1743 879 1776 πόλεως
900 1745 974 1781 αὑτῷ

187 1785 299 1817 τούτους
321 1786 387 1821 ὁρᾷν
412 1786 536 1820 ἀνεκτὸν,
563 1787 672 1823 θρήνοις
696 1788 755 1824 ἅμα
771 1790 818 1816 καὶ
846 1790 975 1826 ὀδυρμοῖς

187 1831 364 1866 ἀπαγγεῖλαι.
382 1831 433 1859 Τὸν
452 1832 481 1859 δὲ
510 1832 594 1860 πολὺν
619 1833 709 1861 αὐτῶν
734 1833 824 1862 οἶκτον
847 1835 974 1863 λαϐόνσαο

189 1877 344 1910 Παύσασθε,
358 1878 479 1913 ἀδελφοὶ,
488 1879 570 1914 φάναι
581 1880 684 1912 ὀὐδεὶς
693 1881 764 1916 ὑμᾶς
776 1881 880 1909 ἐκεῖθεν
892 1891 975 1918 μετα-

189 1925 288 1961 στῆσαι
309 1926 467 1962 δυνήσεται.
504 1926 576 1954 Ἀλλ’
595 1928 611 1963 ἡ
630 1928 740 1955 παιδεία
766 1929 870 1965 Κυρίου
904 1930 974 1966 αὑτὴ

189 1972 333 2006 συναλγεῖν
346 1972 428 1999 αὐτὸν
443 1973 543 2006 διδάξει
556 1974 614 2006 τοῖς
636 1974 796 2010 πάσχουσιν,
808 1975 879 2002 ὥστε
890 1976 974 2012 πείρᾳ

190 2019 296 2054 μαθεῖν,
312 2019 326 2045 ὃ
339 2019 516 2054 γεωργοῦσαν
529 2020 580 2049 οὐκ
592 2021 670 2055 ἔσχεν
686 2021 793 2048 οἴκοθεν
810 2021 861 2058 τὴν
876 2023 974 2058 προαίο

188 2075 274 2102 ρεσιν.
285 2066 377 2093 Ταῦτα
391 2064 522 2101 εἶπερια)¹
549 2067 607 2102 μετ’
620 2067 712 2102 ὀλίγον
727 2068 797 2094 οὕτω
813 2069 904 2103 χεῖρες
926 2069 974 2096 καὶ

176 2111 267 2151 Λπόδες
289 2111 329 2146 τῷ
341 2112 467 2148 ἀρχιερεῖ
490 2114 663 2148 κάμπτονται
674 2133 682 2147 ,
698 2114 737 2146 ὡς
761 2114 828 2150 μηδὲ
841 2114 973 2142 δύνασθαί

186 2165 216 2183 τι
238 2158 336 2192 δρᾶσαι
365 2157 398 2183 δι’
414 2158 502 2186 αὐτῶν
520 2159 550 2185 τὸ
571 2160 714 2195 παράπαν,
734 2160 792 2187 ἀλλ’
803 2160 849 2188 οἷά
856 2169 917 2188 τινα
933 2170 973 2188 νε-

188 2202 253 2237 κρὸν
268 2202 390 2239 ἔμψυχον
408 2203 655 2239 διαδασταζόμενον
664 2206 806 2243 φέρεσθαι.

221 2337 271 2367 οζ¹.
292 2335 382 2370 Ἀνδρί
404 2343 458 2362 τινι
481 2336 551 2363 κατὰ
573 2336 623 2371 τὴν
641 2337 756 2372 Περσῶν
768 2337 836 2373 πρὸς
852 2339 971 2373 χαλεπὸν

187 2379 328 2406 παλαίοντι
353 2379 479 2415 δαίμονα,
505 2379 666 2415 ἀπαλλαγήν
681 2389 710 2407 τε
726 2381 819 2408 τούτου
834 2382 972 2417 μηδεμίαν

187 2426 353 2462 εύρίσκοντι,
371 2426 504 2461 Ἀγγελος
517 2426 584 2453 Θεοῦ
599 2427 752 2463 παραστὰς,
770 2428 876 2462 Ἀπιοι,
892 2431 971 2465 φησὶ,

188 2472 266 2508 παρὰ
283 2473 328 2499 τὸν
342 2472 435 2499 δοῦλον
456 2473 504 2499 τοῦ
527 2472 595 2499 Θεοῦ
610 2474 740 2509 Συμεών·
762 2475 834 2502 οῑκεῖ
857 2476 885 2503 δὲ
907 2478 979 2504 κατὰ

189 2520 326 2555 μετέωρον
337 2520 399 2555 ὅρος
411 2520 442 2546 ὲκ
453 2520 571 2554 πλαγίου
582 2520 631 2555 τῆς
640 2520 788 2556 Ἀντιόχου,
798 2513 936 2559 Θαλάσσης
947 2524 977 2551 οὗ

186 2565 230 2593 διὰ
243 2565 348 2600 μακροῦ
360 2565 486 2600 κείμενον
498 2572 506 2581 ·
518 2565 552 2591 δι’
575 2565 658 2592 αὐτοῦ
674 2566 819 2602 τοιγαροῦν
829 2569 906 2604 παρὰ
919 2570 977 2597 Κυ-

188 2612 246 2646 ρίου
257 2611 328 2643 ῐασις
339 2611 414 2638 ἔσται
426 2620 478 2638 σοι.
487 2612 542 2638 Καὶ
551 2611 580 2643 ὃς
588 2612 638 2646 τὴν
650 2612 753 2647 μεταξὺ
763 2614 855 2641 πᾶσαν
863 2615 976 2650 ἀνύσας,

188 2657 234 2683 καὶ
245 2657 282 2688 ὠς
294 2657 340 2684 τὸν
353 2657 448 2691 ’Ἂγιον
466 2657 643 2692 ἀφικόμενος,
658 2658 761 2686 ἕκαστα
773 2660 867 2694 σαφῶς
883 2662 975 2698 ἀπαγ-

187 2703 288 2738 γέλλει.
308 2703 337 2730 Ὀ
350 2704 378 2730 δὲ
393 2703 440 2730 τοῦ
456 2703 524 2730 Θεοῦ
549 2704 667 2741 δεηθεὶς,
683 2706 801 2738 ἐξελθεῖν
814 2707 853 2743 τῷ
867 2709 975 2744 δαίμονι

221 2766 280 2829 Hii);
292 2767 436 2802 Nicephoro
452 2773 476 2796 et
490 2768 651 2804 Theophani.
664 2770 786 2798 Domnus
802 2779 809 2804 ;
827 2772 895 2799 sedit
922 2783 971 2801 (m-

221 2810 232 2828 δ
283 2822 288 2828 .

187 2810 232 2828 ηοδ
247 2810 256 2827 Ἰ
264 2810 288 2828 4.

222 2837 276 2872 βο)
292 2836 377 2870 Quam
389 2839 429 2864 hic
440 2844 532 2865 auctor
550 2839 689 2873 Lyclmida
706 2846 788 2874 rorat,
809 2842 869 2869 aliis
886 2843 981 2878 Lydia

1027 1563 1082 1585 uta
1100 1558 1210 1585 miseris
1224 1558 1285 1586 istis
1308 1559 1440 1586 rescitum
1468 1563 1520 1591 est,
1544 1559 1577 1586 ad
1607 1564 1745 1593 sanctum,
1770 1560 1814 1588 uti

1025 1605 1142 1640 quisque
1152 1610 1289 1640 poterant,
1307 1605 1360 1632 iter
1371 1605 1563 1638 instituerunt,
1580 1606 1626 1632 alii
1645 1606 1764 1641 pedibus
1780 1613 1813 1634 ac

1026 1650 1134 1683 baculo,
1149 1651 1195 1678 alii
1207 1651 1330 1678 humeris
1341 1651 1424 1681 delati
1437 1660 1443 1678 :
1457 1655 1540 1686 atque
1559 1659 1654 1678 coram
1667 1652 1728 1687 ipso
1747 1661 1811 1680 cum

1025 1696 1137 1731 planctu
1149 1700 1178 1723 et
1193 1696 1322 1723 lamentis
1337 1697 1604 1729 commemorabam,
1622 1702 1726 1732 quanta
1756 1699 1810 1727 sibi

1024 1740 1147 1768 exhibita
1164 1740 1263 1768 fuisset
1277 1749 1293 1768 a
1308 1745 1405 1768 sancto
1423 1741 1578 1776 Ephrmmio
1590 1755 1593 1758 ν
1605 1743 1810 1776 misericordia,

1025 1791 1053 1814 et
1064 1794 1145 1822 quam
1156 1791 1269 1822 paterne
1285 1794 1378 1815 secum
1389 1787 1490 1822 egisset
1501 1797 1506 1814 :
1520 1793 1615 1816 contra
1637 1796 1716 1823 vero,
1729 1798 1812 1825 quam

1025 1841 1100 1860 nunc
1121 1833 1251 1862 immitem
1294 1835 1489 1868 experirentur
1501 1835 1671 1870 episcopum,
1683 1837 1812 1872 quodque

1025 1885 1060 1905 ne
1073 1877 1151 1905 urbis
1163 1878 1275 1912 quidem
1288 1882 1365 1906 extra
1376 1883 1470 1914 portas
1492 1880 1566 1914 ipsos
1580 1880 1721 1908 toleraret.
1742 1881 1811 1909 San-

1025 1928 1087 1952 ctus
1110 1931 1177 1951 vero
1207 1925 1325 1951 multum
1351 1925 1413 1952 illos
1443 1925 1590 1952 miseratus
1609 1934 1616 1952 τ
1634 1925 1807 1961 Exspectate,

1026 1970 1127 2005 inquit,
1136 1969 1236 1997 fratres
1251 1979 1257 1996 :
1275 1977 1358 1997 nemo
1373 1978 1422 1997 vos
1438 1970 1498 1997 loco
1509 1971 1556 1997 illo
1570 1971 1674 2005 poterit
1689 1979 1810 1999 movere.

1025 2015 1175 2051 Castigatio
1191 2008 1299 2042 Domini
1309 2015 1422 2043 docebit
1438 2016 1527 2050 ipsum
1544 2016 1668 2044 misereri
1696 2017 1812 2045 aﬂlicto-

1026 2069 1099 2093 rum,
1113 2066 1144 2088 ut:
1158 2061 1246 2088 discat
1258 2061 1438 2096 experientia,
1455 2061 1630 2096 propositum
1648 2069 1728 2089 suum
1761 2063 1811 2090 mi-

1024 2106 1099 2133 nime
1115 2105 1289 2134 conducibile
1321 2105 1419 2133 fuisse.
1433 2106 1500 2133 Post
1526 2106 1584 2133 haec
1599 2107 1711 2134 oracula
1732 2106 1811 2135 brevi

1024 2152 1119 2191 elapso
1132 2155 1268 2186 tempore,
1287 2155 1342 2178 tam
1359 2151 1415 2178 acri
1429 2151 1526 2189 dolore
1538 2152 1670 2179 manibus
1680 2152 1812 2187 pedibus-

984 2192 1012 2222 D
1025 2205 1080 2232 que
1092 2196 1211 2224 cruciari
1235 2196 1382 2232 episcopus
1405 2195 1489 2231 coepit
1504 2216 1512 2229 ,
1544 2201 1573 2223 ut
1584 2194 1810 2231 uihilquidquam

1027 2244 1067 2271 rei
1080 2247 1199 2271 tractare
1214 2243 1271 2270 illis
1292 2248 1397 2278 posset,
1418 2248 1447 2270 et
1469 2242 1540 2270 sicut
1563 2251 1665 2278 corpus
1688 2243 1814 2272 exanimo

1028 2291 1094 2318 ferri
1112 2297 1257 2318 necessum
1275 2289 1402 2323 haberet.

1062 2337 1106 2365 77.
1121 2337 1233 2364 Homini
1243 2336 1351 2364 cuidam
1366 2336 1456 2363 Persae
1470 2335 1562 2371 gravis
1581 2335 1731 2366 admodum
1746 2342 1810 2363 cum

1026 2383 1150 2411 daemone
1166 2383 1240 2410 lucta
1254 2387 1323 2414 erat,
1339 2389 1396 2417 quo
1419 2389 1472 2409 nec
1497 2381 1610 2409 liberari
1642 2382 1698 2409 ullo
1726 2380 1809 2408 modo

1024 2432 1144 2464 poterat.
1165 2427 1261 2456 Astitit
1282 2427 1349 2455 huic
1375 2427 1499 2463 angelus,
1518 2427 1642 2462 dixitque
1667 2435 1675 2453 :
1698 2426 1748 2453 Abi
1773 2426 1808 2454 ad

1023 2482 1132 2502 servum
1147 2475 1195 2501 Dei
1210 2474 1388 2510 Symeonem,
1405 2478 1620 2501 commorantem
1640 2473 1668 2499 in
1696 2472 1811 2500 sublimi

1024 2525 1127 2553 monte,
1140 2528 1173 2548 ex
1185 2520 1305 2548 adverso
1327 2519 1493 2552 Antiochiae,
1518 2526 1575 2546 non
1602 2518 1640 2546 ita
1671 2518 1769 2553 procul
1795 2526 1812 2546 ιι

1026 2568 1094 2594 mari
1114 2567 1186 2594 sito:
1200 2567 1247 2594 illo
1260 2565 1450 2593 intercedente
1463 2569 1539 2593 certa
1555 2565 1605 2592 tibi
1622 2569 1715 2592 manet
1729 2556 1813 2592 alieo

1024 2614 1110 2642 salus.
1123 2614 1275 2640 Exsecutus
1286 2612 1332 2639 ille
1344 2612 1498 2644 omniaest;
1512 2618 1630 2646 cumque
1637 2611 1812 2646 pervenisset

1024 2659 1059 2687 ad
1072 2662 1210 2691 sanctum,
1225 2657 1333 2692 singula
1347 2657 1438 2691 palam
1451 2656 1591 2683 enarravit
1604 2665 1611 2683 :
1629 2655 1676 2691 qui
1691 2654 1750 2683 fusa
1776 2656 1810 2683 ad

1025 2707 1112 2733 Deum
1129 2695 1222 2740 prece,
1240 2703 1316 2731 exire
1331 2702 1483 2730 dsemonem
1508 2702 1606 2739 jubet;
1622 2702 1701 2737 cujus
1723 2701 1811 2729 conti-

1024 2775 1106 2802 nidus
1130 2778 1154 2801 et
1180 2771 1362 2808 Lychnidium
1384 2771 1535 2806 appellatur
1554 2771 1614 2798 urbs
1639 2771 1809 2806 arcltiepisco.

1024 2811 1092 2845 palis
1111 2809 1135 2837 Μ
1140 2809 1280 2837 acedoniw.
