1966 3068
98 139 159 172 3055

599 145 683 175 VITA
703 146 726 175 A
745 144 965 175 NICEPHORO
984 144 1221 179 CONSCRIPTA.

1649 142 1721 176 3066

97 195 211 228 (ἐξέλιπε
225 195 278 232 γὰρ
294 197 311 232 ἦ
328 205 357 223 τε
371 197 469 233 καρδία
485 198 524 233 τῷ
537 199 624 235 ἀνδρὶ,
636 200 682 226 καὶ
697 201 712 235 ἠ
731 200 810 235 σὰρξ)
826 201 879 227 ἀντ⁴

933 208 963 228 se
978 201 1111 234 habebat,‘
1123 200 1316 235 cecideratque
1327 199 1382 235 jam
1396 204 1430 227 et‘
1438 199 1537 227 animis
1551 203 1578 227 et
1593 207 1719 234 corpore.

97 240 171 267 ἀλλου
185 242 257 273 τινὸς
268 242 361 274 ὅπλου,
377 243 406 270 τὸ
421 243 466 270 τοῦ
485 243 577 279 ’Λγίου
591 245 772 280 προϐάλλεται
784 246 880 281 ὄνομα,

97 286 139 312 καὶ
151 287 232 314 αὐτὸν
246 287 337 314 ἐκάλει
348 287 385 319 ὡς
398 287 503 323 ἄμυναν
514 297 521 304 ·
538 290 585 315 καὶ
597 290 697 316 αὐτίκα
708 291 882 326 προσήλωντο

96 333 126 367 τῇ
150 333 185 367 γῇ
210 332 333 367 στόματά
350 341 380 359 τε
397 334 445 360 καὶ
459 334 539 365 πόδες
556 335 647 366 αὐτοῖς
665 335 759 370 (ὢντοῦ
775 335 882 370 θαύμα-

96 378 169 413 τοςι)
185 379 312 414 καθάπερ
330 379 402 406 τισὶν
418 379 549 414 ἀφύκτοις
567 380 684 415 ἐχόμενα
705 381 809 414 πέδαις,
828 382 881 413 ἕως

95 423 200 459 ἀπαθὴς
216 424 310 451 κακῶν
328 425 484 458 ἀπέσωστο,
498 426 744 461 ἐξομολογούμενος
762 427 801 461 τῷ
822 428 881 453 Κυ-

96 470 143 505 ρίῳ
164 471 197 497 τὰ
224 471 286 507 ὲλὲη
314 472 407 504 αὐτοῦ,
434 473 529 499 καὶτὰ
546 472 685 508 θαυμάσια
713 473 799 500 αὐτοῦ
824 468 881 506 τοῖς

94 517 160 548 υίοϊς
181 517 237 544 τῶν
262 517 424 553 ἀνθρώπων.
448 518 549 554 Ἑτέρῳ
565 519 646 545 πάλιν
668 521 741 554 τρεῖς
754 520 880 555 δαίμονες

94 563 258 595 ἐνοικοῦντες
280 562 350 599 ἦσαν
368 565 448 600 (ὅπερ
472 565 580 600 ἀπόχρη
604 565 651 591 καὶ
676 566 756 600 μόνον
780 567 880 598 ἱκανῶς

95 609 276 645 παραστῆσαι,
293 607 336 636 οἷα
348 611 413 645 παρ’
424 611 514 637 αὐτῶν
526 611 540 636 ὁ
550 611 666 643 δείλαιος
678 612 787 646 πάσχοι,
799 612 880 638 ὁπότε

93 656 136 682 καὶ
160 655 264 683 τούτων
283 656 342 688 ἑνὸς
357 657 386 683 οὺ
407 657 512 693 φορητὴ
536 658 552 693 ἡ
567 658 705 693 ἑπήρεια),
721 660 835 693 παρεῖτο
851 658 880 684 δὲ

94 702 138 727 καὶ
159 702 209 733 τὰς
226 701 308 736 ψύας,
325 703 392 729 ἀλλὰ
413 703 458 730 καὶ
475 703 506 729 τὸ
525 703 578 730 τῶν
595 704 743 739 ὀφθαλμῶν
755 704 880 740 ἀφῄρητο

93 746 158 781 φῶς.
176 748 304 783 Πρόσεισι
319 748 359 783 τῷ
379 748 425 775 τοῦ
440 748 508 776 Θεοῦ
527 749 614 784 δούλῳ
635 749 735 782 τοίνυν,
759 750 820 782 ὅλος
835 750 880 776 πί-

94 802 159 826 στις,
175 794 235 826 ὅλος
247 794 337 827 ἐλπὶς,
356 795 416 826 ὅλος
427 795 528 830 δέησις,
545 796 610 827 οἵοις
633 797 770 831 συνέχοιτο
785 798 880 829 κακοῖς

93 840 215 871 ἐλεεινῶς
228 840 418 874 ἀπαγγέλλων.
433 841 577 876 Συμπαθὲς
587 842 730 877 τοιγαροῦν
745 842 786 874 εἰς
799 843 880 869 αὑτὸν

92 886 193 917 ἐκεῖνος
205 885 278 918 ἰδὼν,
292 883 352 913 εἶτα
366 887 411 914 καὶ
425 887 466 918 εἰς
479 887 620 923 σπλάγχνα
633 888 734 923 βλέψας
748 888 795 914 τοῦ
811 889 880 923 ἀγα-

92 931 149 965 θοῦ,
164 932 211 959 καὶ
233 932 287 959 τῶν
304 932 410 959 ἐκείνου
437 932 544 968 δεηθεὶς
558 933 720 969 οἰκτιρμῶνθ
737 934 824 969 χαμαί
848 943 878 962 τε

91 977 206 1010 πτύσας,
219 977 268 1004 καὶ
281 977 328 1005 τοῦ
346 977 469 1004 ἐντεῦθεν
483 978 570 1013 πηλοῦ
590 978 652 1010 τοὺς
668 978 825 1014 ὀφθαλμοὺς
840 979 879 1015 τῷ

90 1023 181 1057 τυφλῷ
190 1023 340 1058 διαχρίσας·
357 1024 401 1051 Ἐν
416 1024 455 1059 τῷ
467 1024 591 1059 ὀνόματι,
608 1024 685 1060 φησὶ,
700 1024 748 1051 τοῦ
764 1033 878 1060 μονογε-

90 1069 150 1100 νοῦς
164 1069 228 1096 Υῑοῦ
244 1069 292 1096 τοῦ
302 1070 549 1107 Θεοῦ,τοῡπτυέλῳ
561 1071 608 1097 καὶ
620 1072 654 1106 γῇ
673 1071 719 1097 τὸν
733 1071 763 1098 ὲν
783 1080 879 1106 γεννη-

88 1116 145 1147 τοῖς
159 1115 260 1150 τυφλὸν
271 1115 369 1151 βλέψαι
387 1117 563 1151 ποιήσαντος,
581 1117 743 1152 ἀνάῦλεψον.
760 1118 813 1144 Καὶ
827 1127 879 1145 πα-

89 1163 220 1197 ραχρῆμα
235 1162 331 1197 (πολλὰ
350 1163 482 1197 ἐποίησας
502 1163 545 1196 σὺ,
562 1163 648 1198 Κύριε
662 1164 676 1189 ὁ
691 1164 757 1196 Θεός
769 1173 830 1198 μου,
845 1165 879 1191 τὰ

88 1208 230 1243 θαυμάσια
242 1208 301 1241 σου)
311 1207 342 1234 τό
350 1215 380 1233 τι
392 1209 450 1242 φῶς
469 1209 544 1244 αὑτῷ
557 1209 671 1245 ἔρρωτο,
688 1211 735 1236 καὶ
755 1211 839 1244 ὑγιῶς
854 1212 878 1237 οι

87 1252 222 1287 ὀφθαλμοὶ
233 1249 316 1287 εἶχον.
330 1253 446 1280 Ἔπειτα
464 1253 554 1288 μέντοι
570 1253 674 1288 πλήξας
689 1254 722 1288 τῇ
735 1253 814 1288 βαῒνῃ
831 1253 879 1288 ρά-

87 1298 142 1333 ϐδῳ
158 1299 206 1330 τὰς
221 1298 302 1333 ψύας,
316 1299 482 1334 ἐπιτιμήσας
498 1299 526 1325 δὲ
538 1300 584 1325 καὶ
600 1301 657 1330 τοῖς
671 1299 807 1334 δαίμοσιν,
819 1300 879 1327 ὅλον

86 1344 222 1371 δείκνυσιν
233 1344 315 1377 εὐθὺς
328 1345 402 1380 ὑγιῆ,
420 1346 484 1382 μιᾶς
495 1345 575 1381 ἔργον
586 1345 668 1381 εὐχῆς
680 1346 774 1374 κακῶν
786 1346 879 1373 τοσού-

85 1399 142 1417 των
158 1390 390 1426 ἀπηλλαγμένον)

894 874 916 901 Β

933 246 985 272 Pro
1002 246 1086 273 armis
1101 246 1185 281 igitur
1193 242 1253 273 aliis
1262 245 1348 272 sancti
1357 245 1468 272 nomine
1479 252 1508 272 se
1519 244 1618 277 munit,
1630 245 1718 279 ipsum

933 291 959 318 in
976 292 1129 319 subsidium
1141 291 1266 324 advocat,
1284 291 1415 326 dictoque
1431 291 1514 318 citius
1531 291 1649 318 ferarum
1671 299 1719 318 ora

932 341 1015 371 atque
1033 337 1146 372 vestigia
1164 337 1221 371 (res
1236 336 1304 363 mira
1319 335 1338 370 l)
1359 341 1439 363 terra:
1459 335 1607 366 cohaerent,
1634 336 1719 362 veluti

931 382 1096 417 quibusdam
1112 382 1335 419 inenodabilibus
1345 381 1450 416 pedicis
1460 380 1619 413 constricta;
1632 381 1720 407 donec

932 428 983 455 istc
1008 428 1145 455 indemnis
1159 428 1311 455 discrimini
1335 433 1451 462 ereptus
1473 432 1556 460 esset,
1585 427 1720 455 conﬁtens

931 473 1048 501 Domino
1072 473 1290 500 misericordiam
1318 481 1407 505 suam,
1433 477 1460 500 et
1485 472 1548 500 ﬁliis
1574 472 1720 499 hominum

930 520 1066 547 mirabilia
1087 520 1155 554 ejus.
1178 519 1298 546 Rursum
1317 519 1387 546 alius
1404 528 1418 546 a
1437 519 1526 546 tribus
1541 518 1720 545 obsidebatur

931 565 1112 597 daemonibus,
1127 565 1200 592 unde
1211 564 1356 599 perspicue
1368 563 1449 591 datur
1464 563 1626 598 intelligere.
1637 570 1719 597 quam

931 611 1030 639 acerbe
1039 611 1134 638 infelix
1142 610 1193 638 iste
1205 614 1393 645 torqueretur,
1404 608 1627 644 quandoquidem
1638 607 1720 635 unius

930 658 1015 685 etiam
1040 657 1127 684 solius
1142 657 1252 684 vexatio
1268 655 1452 683 intolerabilis
1469 654 1514 682 sit.
1539 654 1639 681 Laxata
1655 654 1720 680 huic

931 703 1106 738 dependebat
1115 703 1196 734 cutis,
1209 703 1265 730 imo
1282 707 1311 730 et
1321 702 1464 729 oculorum
1483 701 1573 728 lumen
1589 704 1649 727 erat
1660 707 1722 727 ere-

931 753 1018 782 ptum.
1035 746 1165 782 Confugit
1181 747 1265 782 igitur
1281 746 1315 773 ad
1328 754 1439 773 servum
1454 745 1502 773 Dei
1518 766 1525 778 ,
1547 745 1643 772 ﬁrmus
1655 744 1719 777 ﬁde,

930 801 978 827 spe
993 793 1100 828 plenus,
1114 793 1238 820 oratione
1250 792 1386 824 fervidus,
1403 792 1568 826 quantisque
1580 795 1721 825 prematur

931 839 1012 866 malis
1034 839 1249 866 lamentabiliter
1273 839 1394 873 exponit.
1418 837 1613 865 Commovetur
1639 837 1721 864 mise-

931 884 1037 911 ratione
1061 883 1190 919 Symeon,
1215 883 1355 911 hominem
1380 882 1504 917 respicit,
1523 882 1587 909 inde
1607 882 1641 909 ad
1669 881 1721 908 mi-

931 929 1112 957 sericordiam
1142 937 1277 965 suprema:
1306 929 1439 956 bonitatis
1468 927 1585 956 reﬂectit
1613 928 1719 959 oculos,

930 976 1114 1011 precibusque.
1125 976 1249 1003 eamdem
1267 976 1405 1011 implorat.
1419 975 1488 1002 Tum
1508 975 1585 1002 humi
1600 975 1718 1009 exspuit,

930 1027 1137 1058 temperatoque
1154 1023 1218 1050 inde
1234 1024 1292 1051 luto
1309 1023 1372 1051 caeci
1395 1023 1490 1050 oculos
1507 1023 1642 1057 inungens
1662 1030 1669 1048 :
1691 1022 1719 1049 ln

929 1069 1052 1101 nomine,
1077 1069 1186 1104 inquit,
1205 1069 1339 1104 unigeniti
1363 1068 1423 1096 Filii
1447 1068 1505 1100 Dei,
1529 1068 1576 1103 qui
1595 1072 1675 1102 sputo
1692 1071 1721 1093 et

930 1119 1005 1143 terra
1024 1116 1099 1143 illum
1110 1123 1125 1143 a
1135 1116 1280 1144 nativitate
1291 1123 1340 1143 sua
1351 1123 1454 1143 caecum
1464 1115 1567 1142 lumine
1576 1113 1719 1141 oculorum

930 1162 1091 1197 impertivit,
1118 1163 1243 1197 respice:
1261 1163 1408 1197 statimque
1427 1166 1519 1197 (quam
1547 1162 1632 1188 multa
1653 1161 1721 1188 facie

931 1207 1080 1240 mirabilia,
1097 1207 1212 1234 Domine
1229 1208 1302 1234 Deus
1323 1215 1400 1234 meus
1411 1208 1429 1237 ί)
1443 1212 1471 1234 οι
1487 1206 1576 1234 oculis
1590 1206 1720 1233 corruim-

931 1252 998 1278 ratis
1023 1252 1112 1279 lucem
1129 1251 1263 1287 percepit,
1280 1256 1308 1279 et
1327 1251 1480 1287 perfectum
1503 1251 1611 1278 illoruln
1640 1257 1719 1277 usum

930 1296 1061 1324 obtinuit.
1076 1296 1180 1324 Deinde
1195 1297 1302 1331 palmea
1322 1297 1396 1332 virga
1414 1297 1532 1323 laxatam
1548 1300 1638 1323 cutem
1657 1303 1720 1330 per-

930 1342 1049 1375 cutiens,
1071 1342 1214 1377 increpitis
1234 1342 1416 1374 daamonibus,
1429 1341 1573 1369 confestim
1589 1341 1662 1368 onmi
1686 1348 1720 1367 ex

930 1392 1008 1423 parte
1019 1396 1116 1417 sanum
1130 1388 1267 1422 exhibuit,
1280 1388 1363 1416 unius
1372 1388 1506 1416 orationis
1520 1395 1571 1423 ope
1587 1392 1626 1415 tot
1641 1386 1720 1414 malis

897 1445 909 1455 -
932 1436 1091 1463 liberatum.
1116 1445 1120 1453 ι

125 1479 177 1506 τπδ’.
198 1479 293 1511 ’Ἄλλος
305 1479 368 1511 τοὺς
384 1479 468 1511 πόδας
482 1479 631 1514 ἑκατέρους
649 1479 754 1514 μακρὸν
767 1479 880 1515 ήδηιπε-

85 1525 126 1560 πή
132 1533 200 1560 ρωτο
214 1525 321 1561 χρόνον,
336 1526 373 1557 ὡς
388 1525 456 1560 μηδὲ
468 1525 499 1551 τὸ
513 1525 644 1561 παράπαν
656 1526 748 1556 αὐτοῖς
761 1525 878 1560 χρῆσθαι
893 1544 914 1575 C

83 1570 228 1598 δύνασθαι.
246 1571 398 1603 Πιστεύσας
417 1569 464 1598 οὖν
479 1571 595 1607 δυνατὴν
611 1569 680 1598 εἷναι
697 1571 736 1607 τῷ
749 1572 819 1607 ἁγίῳ
830 1571 879 1607 τὴν

85 1616 253 1652 Θεραπείαν,
271 1617 322 1652 ὁρᾷ.
338 1616 433 1643 τοῦτον
456 1617 522 1652 ὄναρ
539 1617 638 1648 αὐτοὺς
656 1618 690 1652 τῇ
714 1618 794 1652 βαΐνῃ
812 1617 881 1653 πλή⁸

85 1663 172 1695 ξαντα
188 1662 290 1698 ῥάϐδῳ,
310 1662 357 1692 καὶ
369 1663 386 1696 ἡ
402 1662 507 1697 πληγὴ,
519 1663 567 1688 τοῦ
578 1671 608 1688 τε
623 1662 707 1689 ὕπνου
727 1663 799 1689 κατὰ
812 1663 880 1689 ταύ-

83 1709 134 1735 τὺν
146 1707 290 1742 ἀπαλλαγὴ
302 1708 348 1734 καὶ
360 1707 408 1733 τοῦ
425 1707 527 1739 πάθους
542 1709 639 1743 ἐκείνῳ
653 1708 767 1742 γίνεται,
781 1708 819 1740 ὡς
834 1709 881 1734 καὶ

86 1752 213 1789 μηνυτὴν
229 1751 311 1779 αὑτὸν
327 1752 360 1778 δι’
377 1751 475 1779 ἑαυτοῦ
488 1752 616 1787 φοιτῆσαι
631 1752 669 1786 τῷ
688 1753 811 1788 Συμεὼν,
830 1753 880 1787 τῆς

84 1798 248 1833 εὐεργεσίας
264 1798 311 1824 καὶ
321 1797 367 1824 τοῦ
381 1797 520 1832 θαύματος
532 1798 741 1833 ἄγγελον.-Γυνή
757 1807 798 1830 τις
817 1799 880 1825 ’1ου-

83 1845 168 1879 λιανὴ
184 1844 233 1880 τὴν
250 1844 348 1879 κλῆσιν
373 1844 403 1870 τὸ
425 1844 505 1879 σῶμα
535 1845 705 1879 πεπονηκυῖσ,
719 1866 726 1878 ,
744 1845 791 1871 καὶ
816 1846 878 1880 μηδ’

84 1892 179 1919 ὁτιοῦν
210 1889 294 1924 ἑαυτῇ
321 1889 476 1926 χρήσασθαι
505 1890 654 1926 δυναμένη,
686 1891 813 1926 πρόσεισι
842 1892 881 1927 τῷ

91 1937 190 1972 Ἀγιῳ,
206 1937 331 1972 δακρύων
344 1935 484 1972 ὠνουμένη
499 1937 548 1972 τὴν
560 1937 720 1971 θεραπείαν,
737 1937 822 1972 ὅσπερ
832 1939 881 1964 αὺ-

83 1986 139 2020 τὴν
153 1983 221 2011 ίδὼν¹
228 1983 314 2010 πολλὰ
326 1984 453 2018 χέουσαν,
469 1984 517 2010 καὶ
532 1984 581 2019 τὴν
591 1984 680 2020 ψυχὴν
694 1984 736 2011 ἐπ’
747 1986 815 2020 αὐτῇ
831 1994 882 2011 πα-

84 2030 155 2061 θὼν,
179 2029 254 2055 παίει
277 2030 310 2064 τῇ
331 2028 411 2064 βατνῃ
432 2028 539 2064 ῥάϐδῳ·
559 2029 607 2056 καὶ
629 2030 646 2065 ἡ
671 2029 721 2064 μὲν
747 2029 881 2064 ῥώννυται

84 2077 262 2111 παραχρῆμα
275 2096 283 2107 ,
308 2075 385 2102 νόσου
400 2075 430 2101 τὸ
447 2076 540 2102 λοιπὸν
558 2076 622 2111 ἄχρι
639 2076 733 2112 γήρως
754 2076 881 2112 οὐδεμιᾶς

85 2122 265 2157 πειραθείσα.
283 2122 322 2157 Τῇ
335 2121 363 2148 δὲ
380 2120 414 2157 ἦν
438 2122 539 2158 ἀδελφὴ
554 2122 674 2156 μασθοὺς
693 2123 752 2157 ἅμα
771 2124 819 2150 καὶ
832 2124 881 2151 πό-

83 2169 138 2200 δας
161 2167 286 2200 νοσοῦσα,
311 2168 357 2194 καὶ
379 2167 439 2194 λίαν
463 2168 563 2203 ἀμφοῖν
586 2169 742 2203 περιαλγῶς
764 2169 880 2205 ἔχουσα·
895 2167 906 2177 ί

966 1482 1010 1509 84.
1031 1482 1116 1510 Alteri
1129 1483 1164 1510 ob
1174 1483 1309 1510 diutinam
1326 1482 1471 1517 utriusque
1480 1481 1558 1516 pedis
1570 1480 1722 1508 inﬂamma—

932 1530 1034 1557 tionem
1054 1525 1148 1558 nullus
1168 1530 1281 1557 omnino
1300 1538 1397 1557 eorum
1419 1537 1485 1557 usus
1507 1534 1568 1556 erat
1583 1537 1590 1555 ι
1604 1528 1723 1556 credidit

931 1583 1016 1610 penes
1033 1580 1157 1603 sanctum
1173 1575 1344 1603 medicamen
1360 1575 1411 1602 sibi
1429 1582 1584 1610 superesse,
1598 1582 1680 1608 quem
1695 1578 1722 1601 et

931 1620 1068 1654 conspicit
1082 1628 1132 1655 per
1148 1628 1275 1648 somnum
1292 1620 1368 1655 virga
1391 1620 1497 1654 palmea
1513 1627 1542 1646 se
1563 1618 1722 1653 percutien-

931 1669 985 1691 tem
1009 1665 1055 1691 tali
1070 1665 1158 1699 plaga,
1175 1673 1235 1699 qua:
1249 1665 1332 1692 simul
1348 1669 1376 1692 et
1392 1672 1489 1691 somno
1504 1669 1532 1691 et
1547 1663 1641 1690 dolore
1657 1671 1722 1690 eum

931 1709 1070 1743 privavit:
1088 1710 1127 1736 uti
1148 1710 1206 1744 ipse
1224 1717 1273 1744 per
1290 1717 1319 1736 se
1343 1709 1506 1745 Symeonem
1526 1709 1632 1739 adiens.
1649 1708 1721 1735 idem

931 1756 1058 1783 beneﬁcii
1075 1760 1103 1783 et
1124 1757 1249 1784 miraculi
1270 1757 1395 1788 nuntius,
1415 1762 1531 1785 testatus
1552 1762 1604 1784 est.
1625 1756 1722 1784 Mulier

931 1801 1055 1835 qumdam
1070 1801 1178 1829 Juliana
1199 1802 1345 1836 appellata,
1362 1802 1397 1829 ob
1409 1803 1494 1830 totius
1510 1802 1634 1837 corporis
1648 1801 1723 1829 inﬁr-

932 1848 1056 1874 mitatem
1071 1848 1208 1882 impotens
1223 1855 1284 1883 quae
1301 1856 1330 1875 se
1344 1848 1425 1875 alicui
1444 1848 1483 1875 rei
1507 1848 1666 1883 applicaret,
1687 1846 1720 1874 ad

932 1898 1057 1920 sanctum
1079 1892 1212 1928 confugit,
1230 1893 1359 1929 lacrymis
1377 1894 1429 1921 sibi
1451 1894 1596 1921 sanitatem
1609 1901 1721 1927 compa-

933 1942 1036 1964 ratura.
1051 1936 1137 1969 Quam
1155 1937 1201 1964 ubi
1220 1937 1265 1964 ille
1282 1937 1361 1970 vidit,
1377 1937 1495 1964 ubertim
1511 1937 1621 1964 ﬂentem
1638 1937 1721 1964 mise-

933 1987 1019 2014 ratus,
1045 1983 1121 2018 virga
1145 1983 1253 2017 palmca
1279 1983 1343 2011 {erit
1364 1991 1370 2009 :
1395 1987 1422 2010 et
1439 1983 1539 2010 mulier
1557 1982 1723 2009 convalescit

932 2029 1018 2061 illico,
1035 2037 1087 2056 nec
1108 2029 1164 2056 ullo
1181 2029 1314 2063 deinceps
1338 2036 1426 2064 usque
1446 2028 1478 2056 ad
1499 2028 1606 2056 senium
1627 2027 1723 2054 morb-r
1751 2056 1754 2062 γ

933 2078 1036 2101 tentata
1052 2073 1112 2100 fuit.
1127 2074 1193 2100 Erat
1206 2073 1272 2101 huic
1290 2081 1380 2105 soror,
1399 2081 1460 2108 qua:
1475 2077 1503 2099 et
1518 2072 1575 2107 ipsa
1591 2071 1723 2098 uberibus

932 2119 1104 2154 pedibusque
1128 2118 1234 2146 allectis
1248 2119 1405 2147 vehementi
1421 2119 1597 2146 cruciabatur
1612 2117 1722 2145 dolore:

932 2165 1047 2193 adducit
1060 2165 1145 2200 igitur
1160 2165 1231 2192 hanc
1248 2173 1359 2200 quoque
1375 2165 1408 2191 ad
1424 2164 1551 2192 eumdem
1567 2164 1721 2195 medicum;

84 2214 226 2250 προσάγει
237 2213 326 2239 τοίνυν
344 2213 384 2248 τῷ
399 2213 483 2248 ’Δγίῳ
495 2214 543 2240 καὶ
553 2214 666 2250 ταύτην,
681 2216 726 2249 καὶ
740 2215 769 2247 ὃς
782 2216 821 2251 τῷ
831 2216 879 2242 τοῦ

932 2211 979 2246 qui
996 2211 1130 2245 impresso
1145 2210 1236 2238 crucis
1252 2211 1330 2246 signo
1344 2210 1479 2238 laboranti
1495 2209 1643 2242 succurrit,
1659 2217 1724 2237 cru-

84 2258 210 2294 σταυροῦ
222 2258 300 2294 τύπῳ
314 2258 525 2293 διασφραγίσας,
540 2259 587 2286 τοῦ
602 2260 706 2292 πάθους
717 2260 819 2292 εὐθέως
834 2261 880 2287 καὶ

83 2307 175 2340 αὐτὴν
189 2305 364 2337 ἀπαλλάττει,
378 2305 427 2337 τὰς
442 2305 538 2337 ὀδύνας
554 2306 664 2339 σϐέσας,
677 2308 723 2333 καὶ
736 2307 769 2339 ἃς
782 2309 881 2342 ἔχουσα

81 2353 165 2388 τύχοι
182 2351 290 2387 πληγὰς
308 2351 463 2386 ἰασάμενος.

100 2402 178 2427 ,πεη
199 2398 238 2433 Τῇ
256 2397 284 2424 δὲ
315 2397 396 2424 πάλιν
424 2398 571 2433 θυγάτριον
586 2396 638 2434 ἦν,
655 2398 804 2434 προσώπου
829 2400 879 2434 μὲν

81 2445 135 2470 καὶ
149 2443 224 2478 ὦρας
244 2443 305 2478 ἔχον
327 2443 377 2469 οὐκ
394 2443 500 2477 ἀφυῶς,
516 2444 602 2479 κλόνῳ
619 2445 647 2471 δὲ
664 2444 791 2480 σώματος
817 2454 879 2472 τοσ-

79 2488 161 2523 οὑτῳ
184 2488 231 2513 καὶ
255 2487 370 2523 παρέσει
394 2488 521 2523 κάτοχον,
536 2489 574 2520 ὡς
592 2490 639 2516 καὶ
654 2490 761 2525 φρενῶν
776 2490 880 2526 ἔρημον

79 2532 169 2566 εἶναι,
189 2529 311 2560 οἴκτιστα
335 2533 382 2559 καὶ
405 2533 509 2560 τούτων
536 2534 693 2570 ὲξεστηκός.
715 2535 744 2562 '0
769 2536 818 2570 μὲν
834 2536 880 2563 οὖν

78 2581 137 2614 τῆς
155 2580 295 2615 παρέσεως
311 2579 421 2614 καὶτῆς
437 2580 618 2616 ἀναισθησίας
635 2582 710 2608 αἰτία
724 2582 829 2618 δαίμων
844 2581 879 2619 ἦν

78 2627 217 2662 χαλεπὸς,
236 2626 408 2661 ἐπιπηδήσας
418 2626 457 2660 τῷ
473 2627 595 2662 κορασίῳ
607 2635 613 2641 ·
632 2628 649 2663 ή
658 2628 680 2654 δ’
693 2629 767 2655 αἰτία
795 2629 877 2655 πάλιν

76 2683 96 2700 τ
108 2674 136 2707 ἧς
152 2676 184 2699 ἐκ
201 2673 247 2699 τοῦ
276 2673 403 2708 δαίμονος
428 2673 571 2709 ἐπηρείας,
586 2674 739 2709 ἁμάρτημα
762 2674 810 2709 τῆς
828 2683 880 2709 μη-

75 2720 164 2753 τρδς,
180 2718 279 2750 κακίας
295 2720 438 2754 εἴσπραξιν
449 2720 556 2747 ὲκτῖνον
569 2719 618 2754 τὴν
631 2720 681 2754 τῆς
702 2720 796 2752 παιδὸς
827 2722 879 2748 πά-

77 2774 174 2801 ρεσιν.
194 2765 342 2800 Ἀράμεναι
357 2766 447 2792 τοίνυν
476 2765 572 2800 αὐτὴν,
588 2766 605 2802 ή
623 2774 653 2792 τε
675 2767 771 2801 μήτηρ
800 2767 847 2793 καὶ
862 2768 878 2803 ἡ

73 2813 136 2845 τῆς
163 2811 264 2846 μητρὸς
293 2811 404 2847 ἀδελφὴ,
432 2812 531 2847 φόρτον
567 2812 704 2845 ἐλεεινὸν,
720 2812 819 2848 φόρτον
840 2814 879 2845 εἰς

77 2857 192 2894 δάκρυα
207 2857 253 2884 καὶ
267 2857 358 2894 ἄψυχα
377 2859 477 2893 κινοῦν,
496 2858 621 2895 ῥίπτουσι
640 2859 692 2895 πρὸ
706 2859 752 2886 τοῦ
773 2859 875 2894 Ἀγίου·

935 2257 1035 2284 ciatum
1052 2257 1130 2290 tollit,
1146 2256 1308 2284 vulneribus
1320 2256 1458 2283 medetur.

968 2400 1013 2430 85.
1046 2399 1110 2428 Haec
1133 2409 1230 2428 rursus
1260 2401 1373 2428 ﬁliolam
1403 2402 1522 2429 habebat
1551 2402 1639 2429 forma
1667 2409 1723 2429 non

934 2445 1091 2479 invenusta,
1112 2445 1194 2480 quam
1209 2450 1283 2473 tanta
1298 2447 1487 2474 membrorum
1502 2445 1675 2481 perturbatio
1690 2453 1723 2472 ac

933 2491 1069 2526 paralysis
1085 2495 1269 2527 occupaverat
1281 2511 1288 2523 .
1306 2496 1335 2519 ut
1351 2497 1379 2519 et
1396 2491 1550 2526 deliquium
1572 2491 1657 2519 ωιληιί
1673 2499 1722 2526 pa-

934 2541 1039 2565 teretur
1051 2534 1136 2572 stepe,
1165 2543 1193 2565 et
1224 2546 1239 2565 a
1262 2541 1335 2566 statu
1362 2538 1463 2565 mentis
1484 2537 1672 2575 miserandum
1694 2537 1722 2564 in

933 2583 1046 2610 modum
1065 2583 1242 2618 dejiceretur.
1257 2582 1345 2610 Causa
1371 2583 1527 2618 paralyticae
1555 2581 1724 2610 inﬁrmitatis

933 2628 1053 2656 difﬁcilis
1065 2628 1171 2656 daemon
1183 2632 1252 2661 erat,
1264 2629 1311 2663 qui
1323 2629 1441 2663 puellam
1458 2628 1608 2656 incesserat
1621 2635 1628 2654 :
1642 2631 1725 2663 atque

934 2674 1035 2702 iterum
1052 2675 1187 2702 datmonis
1205 2675 1343 2702 saevientis
1358 2682 1440 2702 causa
1457 2679 1600 2710 peccatum
1616 2674 1721 2706 matris,

934 2721 961 2748 in
978 2721 1150 2754 punitionem
1168 2721 1299 2756 nequitiae
1323 2721 1471 2756 paralysim
1496 2721 1568 2756 proli
1590 2719 1720 2748 alferens.

934 2767 1075 2794 sublatam
1102 2768 1195 2802 itaque
1229 2767 1349 2802 puellam
1387 2771 1475 2794 mater
1503 2775 1536 2794 ac
1562 2771 1722 2798 matertera,

933 2814 1070 2840 sarcinam
1086 2814 1281 2846 miserabilem,
1309 2813 1446 2841 sarcinam
1476 2813 1610 2849 lacrymas
1635 2812 1718 2840 etiam

934 2861 1092 2888 iuanimalis
1108 2861 1277 2894 elicientem,
1292 2860 1326 2888 ad
1345 2859 1433 2889 sancti
1446 2860 1532 2895 pedes
1540 2857 1690 2895 projiciunt
1708 2863 1716 2886 ;‘
