1966 3068
247 138 317 170 3067

848 138 877 168 S.
899 137 1088 168 SYMEONIS
1106 138 1287 170 JUNlORIS

1807 140 1875 172 3058

248 194 322 229 quod
339 201 401 221 cum
419 193 463 221 ille
479 201 534 221 non
552 194 701 229 ignoraret,
716 193 782 220 illud
797 194 951 228 pnesertim
975 202 1039 229 ope-

1092 195 1159 231 ὅπερ
1180 195 1194 220 ὀ
1206 195 1252 222 τοῦ
1274 195 1342 223 Θεοῦ
1371 195 1498 231 θεράπων
1514 197 1730 233 οὑκιάγνοήσας,
1749 199 1837 231 ἄλλως
1847 209 1874 226 τε

250 248 308 268 ram
325 240 389 267 dare
403 247 512 274 semper
525 239 636 272 solitus,
655 244 683 266 ut
697 239 731 266 ad
747 247 775 266 se
794 239 959 267 accedentes
975 247 1037 266 cum

250 286 438 316 incolumitate
455 285 590 319 corporis,
603 286 686 312 etiam
703 285 834 318 animam,
851 285 873 312 si
900 294 954 320 qua
967 285 1038 313 forte

247 340 309 359 eam
328 332 404 359 labes
419 331 557 364 inﬁceret,
582 339 632 366 per
645 331 848 359 confessionem
872 331 1043 362 lustrarent,

249 382 389 412 quatenus
405 382 462 405 tum
477 385 595 412 corpore
612 381 669 405 tum
686 378 789 409 anima,
803 378 858 405 imo
871 378 921 405 hac
943 378 1038 412 potius

249 431 330 458 quam
355 424 420 456 illo,
449 424 535 451 curati
563 429 782 452 reverterentur.
807 424 876 451 Dum
899 424 981 458 igitur
1010 423 1036 450 in

248 474 323 504 gesta
337 474 420 504 atque
446 469 564 504 cogitata
595 470 704 497 illarum
727 469 852 504 inquirit,
881 473 912 496 ut
936 469 1037 504 duplex

249 516 424 547 beneficium,
451 517 534 544 sicuti
561 517 693 549 diximus,
725 517 852 552 corporis
884 525 915 544 ac
939 517 1038 546 anima:

250 563 350 596 pariter
364 567 523 589 curatorum
543 562 745 597 impertiretur,
770 563 960 597 peritissimus
992 564 1037 591 ille

250 615 305 635 non
324 608 413 635 solum
437 607 623 643 investigandi
654 609 846 644 spiritualium
876 609 1037 636 morborum

248 661 357 686 causas,
375 653 423 681 sed
436 654 572 681 medelam
598 662 710 689 quoque
737 655 870 682 afferendi
898 655 1039 690 paratissi-

250 707 330 732 mus;
347 699 437 734 pudor
448 704 530 734 atque
544 699 626 726 timor
641 700 702 728 illas
714 700 837 731 incessit,
865 705 1038 735 precaueque

250 749 313 772 sunt
326 764 333 776 ,
349 748 421 771 terra
443 744 495 772 sibi
510 745 587 779 prius
611 744 779 778 dehisceret,
794 753 877 780 quam
903 746 966 772 vita:
983 749 1037 771 lam

249 790 380 825 angelicae
401 790 471 822 viro,
490 790 517 817 in
545 798 628 818 carne
658 790 750 818 carnis
774 791 891 825 experti,
918 798 948 818 ac
968 798 1038 825 pene

250 834 386 869 spirituali
398 835 489 862 scelus
504 843 585 861 suum
600 835 769 862 revelarent.

285 879 329 906 86.
348 881 415 907 Dum
429 881 466 907 ita
481 888 575 908 secum
593 880 646 908 illa:
664 881 814 912 luctantur,
839 884 914 908 metu
939 881 1036 916 plenae,

250 926 351 953 accidit
366 931 482 953 matrem
496 926 642 962 Symeonis
653 926 798 960 Martham,
813 927 957 954 mulierem
975 935 1038 954 vere

250 976 384 1004 sanetam,
400 980 476 999 more
491 980 541 999 suo
556 973 621 1000 illuc
633 973 765 1000 accedere
784 982 789 999 :
804 973 932 1007 apparuit
947 977 1038 1000 autem

251 1018 295 1045 illa
306 1018 386 1045 anxie
395 1018 577 1050 haerentibus,
588 1018 628 1045 uti
643 1019 736 1045 lumen
750 1019 775 1045 in
785 1024 864 1046 nocte
878 1019 1038 1053 calig'mnsa,

250 1064 349 1092 mulier
363 1064 536 1097 mulieribus,
551 1072 633 1092 sexus
647 1064 828 1092 similitudine
845 1065 897 1091 sibi
921 1066 1041 1099 conjun-

249 1111 318 1143 ctis;
333 1119 394 1146 quae
412 1111 445 1138 ad
462 1111 545 1146 pedes
563 1111 638 1138 illius
656 1119 685 1139 se
701 1119 783 1146 quam
810 1116 939 1146 poterant
962 1112 1040 1139 citis-

249 1156 317 1182 sime
324 1155 441 1190 abjicien
446 1160 496 1189 tes,
504 1156 671 1190 eosdemque
681 1163 742 1182 eum
750 1156 878 1192 lacrymis
885 1156 1040 1184 calentibus

249 1201 458 1236 amplectentes,
493 1202 626 1229 miserum
659 1202 777 1229 infelicis
810 1203 908 1237 puella:
936 1205 1037 1229 statum

249 1250 401 1280 exponunt,
413 1250 556 1280 peccatum
570 1254 650 1273 suum
669 1246 826 1278 enuntiarit,
852 1254 963 1274 causam
989 1254 1040 1273 cur

249 1295 344 1318 saneto
357 1291 425 1319 illud
443 1292 583 1327 explicare
598 1297 739 1327 nequeant
753 1297 921 1328 proponunt.
934 1293 1037 1320 Martha

250 1345 333 1372 porro
348 1345 404 1365 non
418 1338 507 1366 solum
517 1338 694 1371 feminarum,
711 1339 759 1366 sed
770 1342 799 1366 et
824 1342 944 1366 matrum
974 1345 1038 1365 sau-

249 1384 389 1416 ctissima,
425 1384 617 1412 inﬁrmitatem
659 1385 822 1412 muliebrem
863 1393 1038 1420 nequaquam

250 1434 508 1465 aspernata,neque
539 1438 621 1458 sexus
653 1431 809 1458 communis
837 1431 944 1464 oblita;
971 1431 1038 1470 quin
1061 1450 1066 1461 ρ

250 1475 342 1510 potius
357 1475 513 1503 vehementi
530 1476 639 1504 illarum
653 1476 749 1504 dolore
771 1483 803 1503 ac
828 1476 936 1511 ploratu
959 1483 1036 1503 com-

1089 241 1117 268 δὲ
1134 242 1244 268 κάκεῖνο
1263 241 1308 268 διὰ
1333 243 1435 274 παντὸς
1450 243 1531 277 ἔργον
1557 245 1754 278 πεποιημένος,
1771 245 1802 272 τὸ
1816 248 1876 278 τοὺς

1089 287 1164 322 αὐτῷ
1179 288 1351 324 προσιόντας,
1365 290 1433 324 μετὰ
1460 291 1510 324 τῆς
1535 290 1606 318 κατὰ
1620 292 1700 326 σῶμα
1714 292 1875 326 θεραπείας,

1089 334 1141 361 εἴτι
1153 335 1200 360 καὶ
1213 334 1302 370 ψυχῆς
1318 333 1423 370 αἶσχος,
1443 337 1490 363 καὶ.
1507 337 1586 364 τοῦτο
1602 337 1636 364 δι’
1654 338 1877 372 ὲξομολογῆοεως

1089 372 1266 401 ἀποτίθεσθαι
1274 394 1282 407 ,
1310 373 1348 406 ὡς
1376 375 1522 410 ἀμφότερα
1550 376 1630 411 σῶμα
1661 385 1692 403 τε
1718 378 1766 404 καὶ
1790 377 1877 413 ψυχὴν

1093 419 1305 456 Onchea-mgf}
1321 420 1409 456 ψυχὴν
1424 421 1477 456 πρὸ
1491 422 1539 448 τοῦ
1554 421 1682 457 σώματος
1698 423 1812 458 μᾶλλον,
1834 423 1878 449 οὒ-

1082 471 1144 496 “τως
1159 465 1310 493 ἐπανιέναι.
1320 466 1363 498 Ὠς
1378 466 1424 494 οὖν
1439 467 1553 503 πράξεις
1568 469 1657 495 αὐτῶν
1671 470 1719 496 καὶ
1731 469 1878 505 λογισμοὺς

1090 511 1238 547 ἀνηρεύνα,
1259 512 1302 538 ἵνα
1315 512 1363 539 καὶ
1379 513 1486 548 διπλῆς,
1498 514 1625 549 καθάπερ
1642 516 1758 550 ἔφημεν,
1773 516 1805 542 οὐ
1828 516 1880 542 σώ-

1091 567 1154 593 ματι
1173 559 1264 593 μόνον,
1276 558 1345 586 ἀλλὰ
1362 559 1408 586 καὶ
1424 560 1572 596 πνεύματι,
1585 561 1692 596 μεταδῷ
1707 562 1757 596 τῆς
1773 562 1878 596 ὑγείας,

1089 603 1144 636 οἷος
1159 606 1273 638 ἐκεῖνος,
1300 606 1350 633 οὐκ
1371 607 1532 642 ἀνιχνεῦσαι
1552 608 1632 642 μόνον
1653 608 1744 634 αἰτίαν
1762 608 1878 644 ψυχικοῦ

1089 650 1190 682 πάθους
1206 651 1306 682 παντὸς
1325 652 1525 687 ἐμπειρότατος
1537 672 1546 686 ,
1565 653 1633 680 ἀλλὰ.
1655 655 1702 680 καὶ
1727 654 1878 689 θεραπείαν

1089 696 1169 728 εὐθὺς
1185 698 1336 731 ἐπαγαγεῖν
1352 698 1538 734 ἑτοιμότατος,
1547 699 1628 731 αίδὼς
1643 699 1752 731 ὲκείνας
1764 698 1822 736 εἶχε
1832 701 1877 727 καί

1088 744 1157 776 δέος,
1168 745 1214 771 καὶ
1223 745 1368 779 διαστῆναι
1377 746 1510 781 πρότερον
1524 747 1619 778 αὑταῖς
1631 747 1680 782 τὴν
1687 749 1739 782 γῆν
1750 747 1877 783 ηὔχοντο,

1088 790 1104 825 ἢ
1121 791 1159 826 τῷ
1176 791 1264 823 οὕτως
1280 791 1419 826 ἀγγελικῷ
1439 793 1484 819 τὸν
1502 792 1569 826 βίον,
1585 794 1633 820 καὶ
1647 794 1763 830 ἀσάρκῳ
1778 795 1878 830 μικροῦ

1087 838 1135 864 καὶ
1152 837 1236 872 ἀΰλῳ,
1253 837 1283 864 τὸ
1300 837 1385 872 μῦσος
1399 838 1583 872 mammam.
1676 834 1685 838 ’

1123 886 1183 917 υπς’.
1198 884 1241 916 Ὠς
1255 883 1301 910 οὖν
1313 884 1433 918 ἀγωνίας
1445 882 1516 920 ἦσαν
1531 884 1602 911 οὕτω
1618 886 1666 912 καὶ
1677 885 1754 918 δέους
1769 887 1878 920 μεσταὶ,

1088 931 1186 965 συνέϐη
1199 931 1249 966 τὴν
1260 931 1365 958 οἰκείαν
1385 930 1461 966 αὐτῷ
1478 932 1596 966 μητέρα,
1608 931 1657 967 τήν
1669 932 1744 958 θείαν
1761 933 1800 964 ὡς
1811 933 1879 968 ἀλη-

1088 977 1142 1009 θῶς
1165 978 1290 1012 Μάρθαν,
1304 978 1341 1009 ὼς
1353 977 1424 1011 ἔοος,
1438 978 1623 1014 παραϐαλεῖν
1634 980 1696 1014 ἥτις
1710 979 1769 1014 φῶς
1783 980 1879 1015 ὥσπερ

1088 1024 1182 1054 αὑταῖς
1200 1024 1252 1050 ὑπὸ
1268 1024 1354 1051 νύκτα
1379 1024 1479 1060 πολλὴν
1502 1024 1596 1060 ὤφθη,
1619 1026 1688 1061 γυνὴ
1705 1026 1814 1060 γυναιξι
1826 1047 1834 1059 ,
1850 1027 1879 1053 τὸ

1089 1069 1218 1102 συγγενὲς
1234 1069 1361 1104 ἐχούσαις
1386 1071 1441 1097 ἀπὸ
1457 1072 1507 1106 τῆς
1524 1072 1650 1106 φύσεως,
1673 1073 1722 1099 καὶ
1746 1072 1801 1107 πρὸ
1823 1072 1879 1098 τῶν

1089 1110 1194 1145 ἐκείνης
1209 1110 1298 1136 ποδῶν
1312 1110 1410 1142 ἑαυτὰς
1434 1110 1472 1141 ὡς
1497 1109 1570 1144 εἶχον
1581 1109 1728 1145 βαλοῦσαι,
1744 1110 1793 1136 καὶ
1809 1109 1878 1142 μετὰ

1089 1155 1198 1191 θερμῶν
1221 1155 1312 1182 αὐτῶν
1327 1155 1453 1191 δακρύων
1469 1155 1617 1190 λαὸόμενα,
1642 1155 1679 1183 τά
1701 1164 1733 1182 τε
1750 1155 1816 1189 περὶ
1830 1155 1877 1189 τῆς

1090 1202 1183 1233 παιδὸς
1195 1201 1322 1234 διεξίασι,
1333 1201 1382 1228 καὶ
1394 1201 1425 1228 τὺ
1437 1201 1591 1236 ἁμάρτημα
1601 1201 1682 1232 εὐθὺς
1696 1200 1879 1234 ἐξαγγέλλου-

1091 1256 1143 1279 σιν,
1159 1247 1199 1274 ἔτι
1223 1248 1271 1274 καὶ
1288 1247 1337 1285 ’ῖὴν
1354 1247 1446 1283 αίτίαν
1463 1247 1640 1282 προσθεῖσαι,⁵
1649 1247 1683 1273 δι’
1700 1247 1734 1282 ήν
1755 1248 1791 1274 τὰ
1811 1246 1879 1280 πρὸς

1089 1293 1135 1320 τὸν
1148 1294 1241 1328 ’Ἃγιον
1258 1293 1459 1328 ἀνεξαγόρευτα
1485 1293 1610 1324 ταύταις.
1631 1292 1662 1321 Ἡ
1685 1293 1779 1327 μέντοι
1797 1293 1881 1318 6mm-

1089 1340 1158 1374 τάτη
1205 1339 1343 1373 γυναικῶν
1359 1359 1366 1372 ,
1410 1339 1478 1366 ἀλλὰ
1522 1339 1570 1365 καὶ
1612 1339 1738 1374 μητέρων
1769 1338 1880 1373 ἐκείνη,

1089 1385 1248 1419 γυναικείας
1273 1385 1399 1419 οὐδαμῶς
1440 1385 1589 1416 ἀσθενείαθ
1614 1384 1805 1420 ὑπεριδοῦσα,
1832 1384 1882 1411 οὺ-

1089 1431 1118 1457 δὲ
1150 1431 1181 1457 ἰδ
1213 1430 1341 1464 συγγενὲς
1385 1431 1544 1464 ἀγνοήσασα
1569 1438 1577 1446 ⁸
1634 1430 1791 1456 τούναντίον
1831 1429 1882 1464 μὲν

1088 1474 1138 1504 οὖν
1169 1476 1217 1504 καὶ
1247 1476 1350 1511 σφόδρα
1375 1477 1432 1507 τοῖς
1460 1476 1550 1502 αὐτῶν
1578 1475 1677 1503 πάθεσι
1699 1476 1748 1502 καὶ
1769 1475 1883 1511 θρήνοις

250 1526 337 1554 mota,
351 1527 379 1549 et
395 1530 424 1550 se
439 1521 524 1557 ipsam
539 1527 772 1558 quoquematrem
784 1531 856 1556 esse,
869 1527 1036 1558 uterumque

1092 1521 1295 1553 ἐπικλασθεῖσα,
1310 1522 1340 1548 τό
1366 1530 1395 1548 τε
1411 1522 1458 1548 καὶ
1479 1520 1549 1556 αὐτὴ
1564 1521 1655 1556 μήτηρ
1679 1519 1750 1547 εἶναι
1784 1529 1885 1556 μητρι-

251 1572 373 1603 gestasse
386 1575 420 1595 ex
452 1568 691 1596 commiseratione
708 1577 772 1604 erga
789 1569 850 1596 illas
876 1569 1037 1603 ostendens,

249 1613 370 1641 clevatas
385 1622 400 1641 e
413 1618 485 1642 terra
498 1622 560 1642 cum
580 1615 689 1642 sarcina
721 1615 878 1650 paralyticte
893 1615 989 1649 puella:
1004 1614 1038 1642 ad

251 1660 338 1688 lilium
354 1668 434 1688 suum
445 1660 563 1689 adduxit
577 1670 583 1688 :
605 1662 718 1695 Praesta,
734 1663 874 1697 inquiens,
902 1662 951 1694 fili,
968 1662 1040 1690 hanc

250 1717 306 1736 non
331 1716 442 1744 parvam
455 1709 534 1736 matri
551 1710 678 1744 gratiam,
709 1714 737 1737 et
762 1711 784 1737 si
800 1711 866 1745 quid
894 1715 1039 1745 peceatum

250 1755 296 1787 sit,
312 1755 482 1787 condonans,
498 1756 610 1784 invoces
619 1757 765 1784 Dominum
778 1757 872 1784 Jesum
885 1757 1038 1789 Christum,

250 1805 364 1828 extensa
380 1808 455 1828 more
467 1806 600 1828 consueto
625 1802 739 1829 dextera
768 1803 860 1838 signes
883 1803 910 1830 in
936 1803 1039 1830 virtute

251 1847 358 1874 Domini
375 1847 506 1882 puellam.
526 1848 609 1875 Vides
619 1855 700 1882 quam
718 1849 818 1876 misere
836 1853 919 1883 atque
940 1849 1039 1876 acerbe

253 1897 431 1927 torqueatur;
449 1893 525 1929 signa
535 1894 609 1921 illam
620 1902 713 1925 cruce,
729 1898 756 1920 et
769 1894 871 1921 sanitas
881 1894 1039 1922 omnimoda

251 1945 457 1975 consequetur;
474 1941 545 1974 sine,
565 1942 636 1969 hanc
645 1941 760 1977 gratiam
775 1949 826 1975 ego
852 1941 953 1969 mulier
976 1949 1037 1968 mu.

251 1986 366 2014 lieribus
381 1986 467 2019 hisw,
490 1991 518 2014 et
548 1991 637 2014 mater
657 1986 724 2014 huic
752 1986 845 2019 matri,
875 1986 1039 2021 gravissimo

251 2031 348 2059 dolore
369 2031 461 2059 cordis
487 2032 641 2066 (quantum
674 2031 742 2059 mihi
777 2031 908 2066 colligere
938 2032 1039 2064 datur)

250 2077 389 2107 aestuanti.
408 2085 422 2104 a
435 2081 467 2110 te
481 2085 606 2105 exorem.
619 2078 660 2105 Ad
676 2078 744 2105 istas
754 2078 851 2105 matris
864 2077 912 2104 lilii
924 2078 1040 2114 amantis

251 2130 348 2157 preces
363 2122 436 2150 ﬁlius
455 2124 550 2151 matris
563 2131 670 2154 amans,
687 2123 756 2151 nihil
769 2131 900 2155 renuens,
925 2123 1041 2158 adjutri-

251 2175 310 2194 cem
323 2167 469 2194 confestim
489 2175 600 2195 manum
629 2168 829 2199 accommodat,
851 2167 1040 2202 signatamque

253 2213 379 2242 invocato
401 2213 506 2241 Christi
533 2214 646 2241 nomine
672 2214 802 2248 puellam,
821 2214 923 2240 salvalu
958 2217 1040 2247 atque

253 2259 387 2286 valentem
401 2267 455 2285 non
468 2259 559 2287 minus
580 2265 671 2286 mente
694 2267 776 2294 quam
792 2266 910 2293 corpore
932 2258 1042 2285 feminis

253 2303 358 2336 reddit;
376 2308 548 2338 matremque
565 2312 620 2331 non
649 2305 737 2332 solum
766 2304 831 2332 fecit
855 2311 939 2339 super
963 2304 1041 2339 prole

252 2347 400 2380 laetantem,
415 2348 463 2375 sed
479 2356 556 2376 suam
573 2357 683 2383 quoque
699 2349 813 2376 multam
830 2358 864 2376 ex
891 2357 924 2376 eo
953 2349 1042 2376 hono-

253 2399 350 2426 ratam,
373 2394 447 2428 quod
475 2395 533 2430 ipsa
558 2395 621 2423 ideo
636 2395 709 2430 quod
740 2400 829 2423 mater
845 2399 929 2429 esset,
962 2396 1041 2424 matri

253 2438 419 2467 incolumem
437 2440 520 2468 filiam
531 2441 709 2468 obtinuisset.

288 2525 332 2553 87.
344 2525 427 2561 Virgo
445 2527 568 2561 quaedam
585 2532 689 2559 tenera,
715 2527 822 2562 duplici
835 2527 935 2555 aﬂ‘ecta
958 2528 1041 2562 malo,

236 2571 354 2602 ‘acerbo
363 2572 499 2602 daemone.
514 2578 542 2600 et
553 2573 631 2608 pedis
642 2573 752 2605 dolore,
766 2573 842 2600 videt
858 2581 907 2608 per
920 2574 1041 2609 quietem

253 2623 390 2650 sanctum,
408 2623 514 2645 vestem
530 2618 647 2646 lucidam
664 2623 712 2646 aut
736 2619 826 2647 lucem
837 2619 928 2654 potius
956 2619 1043 2654 ipsam

255 2664 562 2701 indutum,gladiolum
588 2673 671 2692 manu
692 2664 895 2699 prmferenlem,
922 2672 1042 2700 eumque

255 2709 329 2736 velut
346 2709 409 2744 pedi
422 2711 482 2745 eius
496 2710 608 2745 inﬁgere
620 2715 777 2738 conantem.
791 2710 855 2738 Adit
871 2718 937 2745 ergo
958 2710 1041 2743 hunc,

257 2754 284 2781 in
299 2755 415 2782 somniis
425 2755 500 2787 nixa,
512 2757 669 2791 conlisaun
681 2756 755 2791 quod
766 2757 800 2784 ab
817 2757 864 2784 illo
873 2757 980 2784 sanitas
990 2756 1041 2783 sibi

256 2805 329 2827 esset
337 2800 513 2827 conferenda.
524 2800 648 2836 Cumque
658 2802 812 2829 inv0tasset
823 2801 1041 2829 sanetusChristi

258 2852 368 2879 nomen,
401 2846 592 2882 virginemque
626 2848 716 2874 crucis
748 2848 888 2883 signaculo
928 2848 1040 2874 tertium

1091 1568 1146 1596 κῶν
1160 1577 1189 1594 τε
1205 1567 1368 1603 πειραθῆναι
1381 1567 1553 1602 σπλάγχνων,
1574 1566 1628 1593 ἀπὸ
1641 1567 1690 1601 τῆς
1705 1567 1883 1601 συμπαθείας

1090 1615 1139 1649 τῆς
1156 1614 1221 1649 περὶ
1237 1614 1321 1645 αὑτὰς
1347 1613 1470 1645 δείξασα,
1486 1612 1534 1639 τοῦ
1562 1612 1677 1647 ἐδάφους
1703 1613 1788 1644 αὐτὰς
1819 1613 1884 1639 ἁνα-

1092 1660 1224 1695 στήσασα,
1243 1659 1290 1686 καὶ
1307 1659 1383 1694 παρὰ
1397 1658 1445 1686 τὸν
1463 1659 1524 1685 υίὸν
1543 1659 1593 1685 σὺν
1607 1658 1647 1692 τῷ
1661 1658 1754 1694 φόρτῳ
1772 1657 1821 1685 τοῦ
1834 1667 1885 1685 παι

1093 1706 1219 1742 ρειμένου
1234 1705 1383 1741 θυγατρίου
1400 1705 1587 1739 εἰσαγαγοῦσα
1603 1712 1611 1720 ·
1626 1705 1675 1736 Δὺς
1687 1705 1800 1739 ταύτην,
1815 1704 1883 1739 ἔφη,

1092 1752 1176 1788 μητρὶ
1190 1773 1197 1785 ,
1211 1752 1349 1784 τέκνον,οὑ
1372 1752 1472 1787 μικρὰν
1486 1752 1579 1787 χάριν,
1591 1751 1638 1778 καὶ
1652 1752 1707 1778 πᾶν
1718 1751 1746 1777 εί
1766 1759 1792 1778 τι
1803 1751 1885 1785 τυχὸν

1090 1797 1245 1832 ἁμάρτημα
1269 1797 1461 1832 συγχωρήσας,
1479 1797 1525 1824 τὸν
1539 1798 1640 1824 οἰκεῖον
1665 1797 1802 1831 δεσπότην
1817 1797 1885 1832 Χρι-

1092 1843 1154 1868 στὸν
1182 1842 1355 1875 ὲπικάλεσαι,
1376 1843 1423 1868 καὶ
1437 1841 1475 1873 ὼς
1501 1841 1616 1878 σύνηθες
1635 1842 1762 1874 ἐκτείνας
1777 1841 1831 1876 τὴν
1843 1842 1886 1867 δε-

1092 1887 1162 1920 ξιὰν,
1180 1887 1331 1922 σφράγισον
1360 1887 1407 1913 ἐπὶ
1419 1888 1453 1921 τῇ
1479 1886 1562 1913 αὑτοῦ
1584 1886 1696 1921 δυνάμει
1711 1885 1760 1921 τὴν
1775 1886 1862 1912 παῖδα
1877 1893 1884 1900 ·

1091 1934 1157 1968 ὁρᾷς
1168 1933 1241 1964 ὅπως
1257 1932 1356 1963 ἀθλίως
1376 1933 1424 1959 καὶ
1439 1931 1564 1967 χαλεπῶς
1579 1932 1748 1967 πάσχουσαν,
1760 1933 1793 1965 τῇ
1811 1930 1886 1966 παρὰ

1092 1979 1139 2006 σοῦ
1156 1978 1184 2005 δὲ
1209 1978 1338 2013 σφραγῖδι
1363 1978 1459 2012 ἕψεται
1475 1978 1584 2010 πάντως
1610 1978 1658 2005 καὶ
1672 1977 1827 2012 θεραπεία,
1844 1978 1887 2004 ἶνα

1093 2024 1161 2059 γυνὴ
1187 2023 1320 2057 γυναιξὶν,
1334 2022 1404 2050 ἀλλὰ
1430 2023 1477 2050 καὶ
1498 2023 1590 2058 μήτηρ
1606 2023 1691 2059 μητρὶ
1714 2023 1886 2058 χαρίσωμαι,

1090 2070 1182 2102 δεινῶς
1193 2070 1252 2105 (ὃσα
1267 2071 1317 2104 ἐμὲ
1334 2069 1444 2104 ειδέναι)
1464 2069 1514 2104 τὴν
1531 2070 1645 2105 καρδίαν
1661 2069 1887 2105 πυρπολουμένῃ.

1094 2117 1167 2153 ιΙρὺς
1181 2116 1311 2147 τοιαύτας
1336 2116 1426 2143 τοίνυν
1445 2116 1604 2150 φιλόπαιδος
1628 2115 1733 2151 μητρὸς
1758 2114 1889 2147 ἀξιώσεις

1094 2164 1154 2195 υίὸς
1170 2163 1330 2198 φιλομήτωρ
1346 2163 1398 2189 οὐκ
1411 2161 1573 2194 ἀνανεύσας,
1592 2161 1660 2188 ἀλλὰ
1672 2161 1734 2192 δοὺς
1747 2161 1890 2196 ὑπουργὸν

1093 2209 1188 2239 αὑταῖς
1217 2206 1318 2239 εὐθέως
1346 2205 1395 2240 τὴν
1424 2206 1524 2239 δεξιὰν,
1541 2207 1590 2233 καὶ
1606 2208 1654 2241 τὴν
1680 2205 1764 2233 παῖδα
1780 2207 1818 2241 τῇ
1844 2205 1891 2232 τοῦ

1093 2252 1211 2288 Χριστοῦ
1245 2253 1388 2288 ἐπικλήσει
1411 2252 1575 2288 σφραγίσας,
1607 2252 1673 2285 ὑγιᾶ.
1700 2251 1830 2286 ταύτην,
1863 2252 1892 2278 οὐ

1096 2298 1176 2333 σῶμα
1192 2298 1280 2332 μόνον,
1294 2297 1362 2324 ἀλλὰ
1380 2299 1426 2324 καὶ
1454 2297 1567 2332 φρένας,
1586 2297 1684 2328 αὐταῖς
1711 2296 1891 2327 ἀποδίδωσιν,

1093 2332 1123 2370 οὗ
1140 2332 1261 2379 μητέρα
1288 2343 1367 2377 μόνον
1385 2343 1431 2368 ἐπὶ
1449 2342 1537 2377 τέκνῳ
1552 2341 1641 2377 δείξας
1655 2341 1891 2376 εὖφραινομένην,

1093 2389 1161 2416 ἀλλὰ
1179 2388 1267 2424 πολλῷ
1293 2388 1341 2415 καὶ
1364 2387 1413 2423 τὴν
1440 2386 1537 2414 ἑαυτοῦ
1578 2386 1685 2422 μητέρα
1717 2386 1829 2420 μᾶλλον
1850 2387 1892 2412 ἐπὶ

1092 2434 1180 2470 τούτῳ
1206 2433 1420 2469 σεμνυνομένην,
1437 2433 1478 2459 ὅτι
1495 2432 1534 2467 τῷ
1548 2433 1640 2467 μήτηρ
1657 2429 1729 2466 αὑτὴ
1742 2432 1891 2465 γενέσθω.

1096 2481 1182 2518 μητρὶ
1197 2481 1335 2516 σωτηρίαν
1352 2480 1448 2512 παιδὸς
1461 2479 1617 2516 χαρίζεται.

1129 2526 1183 2560 σις’.
1208 2527 1283 2561 Κόρη
1303 2534 1344 2557 τις
1368 2525 1504 2561 παρθένος
1529 2525 1589 2560 διχῇ
1609 2524 1762 2557 πέπληκτο,
1781 2523 1895 2559 χαλεπῷ

1093 2573 1201 2608 δαίμονι
1228 2572 1275 2599 καὶ
1298 2571 1380 2598 πάθει
1394 2571 1488 2603 ποδός·
1510 2571 1561 2606 ὁρᾷ
1575 2570 1721 2605 τοιγαροῦν
1737 2570 1787 2596 τὸν
1799 2571 1894 2604 Ἀγιον

1094 2619 1170 2654 ὄναρ,
1182 2618 1283 2653 ἔνδυμα
1299 2617 1356 2651 φῶς
1369 2616 1533 2652 αὐτόχρημα
1551 2615 1758 2650 περικείμενον,
1779 2614 1893 2649 ξιφίδιόν

1093 2674 1123 2692 τε
1140 2664 1184 2692 διὰ
1202 2664 1293 2700 χειρὸς
1316 2663 1423 2697 ἔχοντα,
1437 2663 1484 2688 καὶ¹
1505 2662 1536 2688 τὺ
1552 2662 1600 2696 μὲν
1613 2661 1651 2696 τῷ
1676 2660 1741 2686 ποδὶ
1763 2661 1894 2694 καθάπερ

1094 2712 1207 2743 ἐπάγειν
1238 2710 1379 2745 μέλλοντα.
1406 2709 1536 2743 Πρόσεισι
1559 2707 1660 2739 τοίνυν,
1673 2703 1714 2737 οἷς
1733 2706 1810 2732 κατὰ
1831 2706 1894 2736 τοὺς

1095 2756 1196 2787 ὕπνους
1211 2755 1260 2782 ίδοι
1276 2754 1452 2787 πιστεύουσα,
1464 2755 1504 2781 ὅτι
1517 2754 1582 2789 παρ’
1591 2752 1674 2780 αὑτοῦ
1690 2753 1739 2779 καὶ
1754 2753 1807 2788 τὴν
1824 2752 1894 2779 ἴασιν

1094 2803 1239 2838 κομιεῖται.
1263 2802 1292 2828 '0
1313 2801 1341 2828 δὲ
1356 2800 1387 2827 τὸ
1402 2801 1449 2828 τοῦ
1467 2799 1585 2836 Χριστοῦ
1607 2799 1728 2831 καλέσας
1742 2799 1842 2834 ὄνομα,
1857 2798 1895 2832 τῷ

1095 2855 1123 2874 τε
1140 2847 1186 2874 τοῦ
1207 2845 1324 2882 σταυροῦ
1339 2846 1417 2882 τύπῳ
1429 2845 1520 2881 τρίτον
1533 2844 1618 2880 αὐτὴν
1632 2844 1850 2880 διασφραγίσας,
1866 2844 1895 2869 οὐ
