1966 3068
274 116 342 150 ςοτι

277 174 380 202 virtute
394 174 452 201 haec
466 178 555 209 patro.
567 175 620 203 Sed
633 184 693 212 quae
706 185 755 205 vos
769 177 796 205 in
806 178 889 206 corde
899 180 932 207 de
945 188 988 208 me
1000 188 1064 215 per-

275 228 369 254 peram
392 220 543 255 cogitastis,
565 223 702 257 propitius
725 223 804 250 vobis
826 223 949 258 ignoscat
975 225 1061 258 Deus;

275 266 410 293 adversus
434 266 524 301 ipsum
542 267 615 294 enim
632 268 778 302 aperuistis
802 277 833 296 os
850 274 981 302 vestrum,
1008 279 1062 298 non

274 311 420 338 adversum
437 319 497 345 me;
518 312 804 349 Altiésimo-injuriam
824 315 999 350 irrogasusin
1012 317 1063 343 ini-

273 357 380 390 quitate
403 363 494 384 vestra
518 359 731 400 cogitationibus
755 364 783 387 et
797 360 900 388 verbis,
924 361 963 388 Ex
988 361 1063 389 hisce

273 409 339 429 vero
351 403 438 429 sancti
450 402 532 430 dictis
544 407 651 431 tantum
662 405 841 432 emolumenti
853 410 986 440 ceperunt
996 407 1063 434 lide-

273 446 323 478 lcs,
338 452 441 481 quanto
466 447 592 476 inﬁdeles
614 450 719 484 pudore
732 450 831 478 suilTusi
846 455 920 479 sunt.

307 491 353 519 90.
369 492 457 527 Pagus
473 497 543 525 erat,
568 493 674 521 Severa.
693 495 794 528 dictus,
810 496 856 523 ubi
874 496 902 523 in
928 497 1060 532 praecipiti

272 541 466 572 pmruptoque
481 538 557 572 juxta
569 539 641 565 viam
658 539 718 567 loco
730 540 812 574 pinus
823 545 981 568 excreverat
996 549 1061 570 :ac-

272 581 343 608 cidit
358 581 509 616 aliquando
520 587 550 609 ut
561 583 622 618 pagi
638 583 734 610 incola:
746 584 870 611 nonnulli
889 586 945 612 sub,
953 585 1060 614 arboris

273 625 370 653 umbra
386 626 572 659 considerent,
592 632 673 662 atque
692 636 764 655 unus
777 637 793 655 e
808 637 934 662 numero,
948 631 1059 659 nomine

270 671 399 704 Jacobus,
409 672 484 699 illam
494 673 623 707 cupidine
634 673 774 701 fructuum
783 675 983 710 carpendorum
995 685 1061 704 con-

243 743 249 750 _
271 716 426 744 scenderet.
443 717 521 749 Quod
534 718 599 744 dum
612 718 678 753 agit,
691 720 827 754 conspicit
840 720 909 748 duos
920 721 1059 750 daemones

270 761 305 788 ad
322 768 350 788 se
368 766 557 796 properantes,
572 768 768 799 arreptumque
790 765 908 800 pedibus
927 766 955 793 in
965 767 1058 802 subje-

269 811 344 833 ctum
360 808 541 842 przecipitium
553 809 698 843 jactantes,
714 811 792 845 cujus
804 811 885 838 simul
898 815 926 839 et
950 812 1057 840 arboris

268 851 385 878 altitudo
395 852 568 886 septuaginta
580 853 635 880 fere.
651 854 750 888 pedum
763 859 835 881 erat.
846 856 916 882 Dum
929 855 1012 891 igitur
1026 857 1054 884 in

267 900 420 923 extremum
430 897 528 931 capitis
538 897 686 925 discrimen
698 907 726 925 se
735 898 799 926 ferri
811 901 906 933 sentit,
914 908 965 928 nec
973 901 1054 929 saluti

268 940 418 975 desperatae
427 942 507 969 aliter
516 944 641 970 succurri
653 949 755 978 posset,
766 953 846 980 quam
858 951 948 980 potest
960 948 1056 976 claris-

266 987 407 1014 simavoce
415 993 568 1022 promptam
580 997 796 1025 semper‘opem,
814 992 1053 1028 inexpugnabilem

265 1033 395 1060 virtutem
406 1054 413 1066 ,
430 1042 484 1060 non
502 1035 678 1062 imminutam
693 1037 808 1071 gratiam
820 1057 828 1069 ,
849 1038 982 1067 famulum
1004 1040 1052 1067 Dei

265 1079 427 1113 Symeonem
444 1080 581 1107 inclamat.
609 1081 679 1109 Ecce
697 1086 789 1110 autem
814 1083 978 1112 inclamatus
1007 1086 1052 1113 ille

263 1126 394 1160 supponit
405 1126 508 1153 labenti
524 1135 632 1160 manus,
653 1129 741 1163 iisque
756 1130 864 1165 supinis
878 1132 955 1159 illum
977 1133 1052 1160 exci-

263 1170 314 1204 pit,
328 1175 356 1197 et
367 1176 490 1198 erectum
503 1172 580 1199 humi
596 1173 719 1208 deponit.
734 1175 838 1204 Deinde
856 1185 965 1205 rursum
976 1179 1051 1206 videt

263 1219 365 1242 terram
387 1215 425 1243 ita
450 1216 543 1245 diduci
561 1222 592 1245 ut
607 1219 665 1253 ipsa
681 1220 877 1257 detegerentur
885 1223 1049 1252 fundamen-

263 1264 305 1293 ta;
323 1260 397 1288 videt
410 1265 575 1290 etsanctum
588 1265 676 1300 cippis
697 1266 836 1296 dtemones
863 1269 1048 1302 includentcm

260 1309 290 1331 et
305 1305 333 1333 in
345 1306 474 1342 abyssum
487 1309 659 1344 ablegantem
672 1321 679 1345 ;
708 1320 741 1340 ac
769 1314 862 1342 denuo
892 1322 1004 1350 terram,
1019 1323 1049 1345 ut

261 1349 342 1378 initio
352 1351 452 1386 fuerat,
473 1360 629 1383 coeuntem.
643 1357 703 1390 Quo
719 1363 852 1393 tempore,
868 1362 951 1390 tantis
966 1364 1048 1391 mira-

262 1397 332 1424 culis
342 1403 425 1433 alque
440 1401 558 1429 ostentis
573 1409 729 1437 praeventus
740 1405 793 1432 fuit
803 1406 924 1436 Jacobus
933 1428 940 1440 ,
949 1408 1047 1438 eodem

263 1441 388 1477 Symeon,
405 1452 466 1479 qua:
487 1446 560 1474 circa
579 1447 668 1482 ipsum
683 1449 776 1477 divina
798 1453 900 1481 virtute
919 1455 1047 1490 contige-

261 1491 332 1520 rant,
349 1488 483 1517 fratribus
499 1492 556 1519 suis
589 1494 695 1522 retulit.
716 1495 843 1524 Nondum
869 1504 961 1527 autem
984 1488 1045 1529 ser-

260 1532 335 1559 moni
353 1533 434 1561 linem
450 1536 629 1572 imposuerat,
642 1547 703 1567 cum
718 1541 802 1568 vicini
816 1543 927 1577 quidam
939 1545 1045 1579 Jacobi,

259 1579 360 1612 gaudio
371 1575 456 1616 atque
470 1583 653 1613 admiratione
664 1586 740 1621 pleni
759 1595 920 1624 accurrunt,
940 1594 1045 1628 accepti

259 1623 385 1653 beneficii
400 1627 515 1661 gratiam
535 1630 710 1666 conﬁtentes,
741 1638 769 1660 et
788 1643 848 1670 qu:e
876 1636 946 1664 facta
967 1623 1046 1667 erant

259 1669 346 1714 palam
362 1673 568 1702 annuntiantes.

291 1804 336 1831 9|.
352 1805 490 1840 Leprosus
502 1807 613 1842 quidam
634 1811 752 1838 accessit
765 1817 871 1845 sancto,
887 1820 925 1847 et,
937 1823 970 1843 ne
981 1817 1045 1851 quis

257 1850 383 1877 amenlize
399 1859 449 1878 nos
464 1857 570 1887 arguat,
583 1853 692 1887 iisdem,
717 1857 818 1890 quibus
833 1859 898 1886 olim
917 1850 1044 1896 leprosus

256 1896 302 1923 ille
317 1896 351 1923 ad
363 1896 515 1930 Christum,
530 1898 564 1926 ad
576 1899 651 1927 Hunc
671 1902 762 1929 verbis
776 1911 842 1931 usus
855 1910 897 1933 est
926 1907 1022 1935 dicens
1035 1917 1042 1935 :

256 1941 284 1968 Si
301 1941 352 1974 vis,
369 1947 447 1976 potes
458 1950 501 1971 me
514 1945 647 1973 mundare
667 1946 697 1974 ".
715 1947 750 1975 Et
771 1954 883 1978 sanctus
904 1953 962 1986 pari
979 1961 1041 1981 cum

254 1987 364 2015 fervore
377 1996 409 2015 ac
420 1988 484 2022 (ide,
496 1997 578 2024 quam
598 1991 627 2018 in
642 1991 690 2018 illo
703 1994 841 2029 pracipue
869 2003 1039 2032 respexerat,

253 2034 340 2061 fretus
351 2034 477 2068 Domino,
491 2036 537 2071 qui
555 2037 648 2065 omnia
662 2039 786 2066 credenti
803 2042 948 2075 possibilia
976 2052 1039 2073 esse

253 2080 429 2108 enuntiavit:
451 2081 529 2114 Volo,
545 2083 644 2118 inquit,
663 2087 688 2111 te
709 2086 836 2114 mundari
853 2097 859 2115 :
883 2097 979 2117 verum
997 2091 1040 2119 fac

253 2125 364 2153 domum
377 2126 470 2157 abeas,
488 2126 666 2164 ct‘benignus
679 2129 762 2163 Deus,
777 2132 824 2166 qui
843 2139 937 2161 nostra
956 2144 1038 2165 causa

251 2179 267 2198 e
279 2179 362 2198 cruce
376 2172 506 2207 suspendi
523 2173 651 2208 dignatus
663 2179 716 2209 est,

251 2217 403 2244 bonitatem
417 2222 490 2245 tuam
512 2223 537 2246 te
555 2219 666 2248 inviset.
684 2222 770 2250 Dictis
795 2222 877 2252 ﬁdem
902 2226 1038 2256 adhibens

249 2263 387 2301 leprosus,
400 2265 512 2292 domum
529 2266 611 2299 redit,
623 2272 705 2302 atque
717 2269 762 2296 illa
776 2264 859 2299 nocte
883 2272 955 2307 (quae
986 2274 1039 2301 lin—

248 2318 301 2346 gua
313 2308 531 2338 misericordiam
549 2315 623 2339 tuam
641 2314 798 2347 annuntiat,
814 2315 929 2345 Domine
953 2318 1036 2353 Deus,

248 2364 296 2383 rex
315 2356 441 2391 noster?)
464 2356 601 2392 conspicit
618 2357 748 2393 juvenem
774 2361 922 2395 quemdam
945 2364 1037 2399 specie

247 2402 372 2437 fulgenti,
391 2401 548 2430 dicentem:
568 2403 604 2431 Ut
624 2405 779 2438 credidisti,
803 2406 851 2435 ﬁat
879 2408 940 2436 tibi.
968 2409 1034 2442 Quae

245 2447 331 2475 verba
347 2456 472 2476 somnum
483 2455 664 2478 excusserunt
679 2451 796 2486 homini,
808 2457 837 2480 et
861 2461 925 2482 cum
938 2463 1035 2484 somno

245 2493 369 2528 lepram;
390 2499 420 2522 et
436 2499 510 2523 totus
538 2497 687 2525 mundatus
708 2497 771 2531 fuit,
793 2507 883 2534 praeco
904 2503 1035 2536 potentia:

245 2537 346 2566 divina:
367 2547 397 2567 re
419 2541 512 2575 potius
550 2550 632 2577 quam
664 2543 758 2570 verbis
784 2544 881 2573 factus.
908 2546 1033 2583 Cumque

246 2583 320 2617 quod
337 2585 505 2614 retribueret
521 2594 575 2614 non
587 2587 713 2621 haberet,
740 2590 939 2625 gratitudinem
950 2593 1034 2621 animi

244 2629 387 2663 exhibuit;
411 2637 580 2667 acceptoque
602 2641 715 2661 nummo
735 2642 831 2667 aureo,
855 2636 975 2664 recurrit
1000 2638 1033 2665 ad

246 2680 386 2710 sanctum;
400 2684 466 2710 non,
485 2682 515 2705 ut
534 2679 622 2713 prius,
651 2680 728 2707 sanie
751 2680 881 2709 difﬂuens
901 2690 933 2710 ac
958 2683 1034 2718 lepra

246 2721 446 2750 contabescens
457 2742 465 2755 ,
483 2739 485 2741 -
500 2723 548 2751 sed
573 2724 747 2753 reviviscenti
790 2725 1034 2765 reﬂorescentique

280 2810 300 2826 ὐ
323 2809 415 2840 Matth.
435 2821 490 2845 vm,
514 2814 540 2839 2.

882 125 912 154 S.
931 124 1080 156 SYMEON
1087 127 1120 156 [S
1138 127 1183 159 JU
1190 127 1319 159 NIORIS

1831 136 1895 167 3072

1078 183 1102 212 Α
1117 182 1181 217 ὑμῖν
1213 185 1252 215 είς
1277 184 1391 220 καρδίαν
1407 186 1471 221 περὶ
1487 187 1566 222 ἐμοῦ,
1583 188 1661 221 nam;
1685 190 1750 224 ὑμῖν
1763 190 1804 225 εἴη
1817 191 1893 222 Θεός·

1114 228 1153 259 είς
1177 229 1280 255 ἐκεῖνον
1307 230 1361 264 γὰρ
1388 230 1481 257 ἔθεσθε
1513 233 1542 258 τὸ
1572 233 1659 268 στόμα
1686 234 1761 269 ὑμῶν
1782 235 1827 261 καὶ
1851 236 1894 262 οὐκ

1113 273 1154 303 εἰς
1181 273 1241 307 ἐμὲ,
1264 273 1372 301 ἀδικίαν
1405 276 1444 307 εἰς
1467 278 1497 303 τὸ
1520 277 1588 312 ὕψος
1607 280 1636 305 ἐν
1653 281 1771 316 πονηρίᾳ
1792 281 1894 316 διανοη-

1114 317 1206 350 θέντες
1225 328 1255 345 τε
1277 321 1325 346 καὶ
1346 320 1522 356 λαλήσαντες.
1545 323 1638 351 Ταῦτα
1659 326 1733 360 παρὰ
1754 326 1799 353 τοῦ
1822 329 1895 362 ἁγίου

1113 363 1257 398 λεγόμενα,
1271 366 1408 401 τοσαύτης
1422 367 1471 399 τὰς
1483 367 1538 395 τῶν
1551 370 1655 397 πιστῶν
1668 367 1758 406 ψυχὰς
1769 373 1894 407 ὠφελείας

1112 409 1245 445 ἐπλήρου,
1260 411 1310 447 ὅση
1323 412 1373 446 τὰς
1384 414 1439 440 τῶν
1457 415 1580 442 ἀπίστων
1598 417 1674 452 ὄψεις
1690 419 1838 447 ἐκάλυπτεν
1856 422 1896 447 ὲν-

1112 455 1213 490 τροπή.

1148 501 1284 538 ιιι¹.Κώμη
1310 511 1352 535 τις
1377 501 1411 539 ἦν
1437 505 1591 542 καλουμένη
1620 508 1738 544 Σευήρα,
1756 508 1890 546 ὴρόὸιλος

1111 545 1140 572 δὲ
1155 546 1215 574 κατ’
1229 548 1314 583 αὐτὴν
1326 549 1372 576 ἐπί
1389 559 1461 583 τινος
1471 553 1596 588 κρημνοῦ
1614 555 1735 589 μεγάλου
1750 545 1797 583 καί
1811 558 1894 594 ἀπορ-

1112 590 1201 626 ῥῶγος
1219 594 1251 628 τῇ
1266 593 1318 629 ὁδῷ
1332 597 1533 631 παρεπεφὺκει.
1552 599 1651 635 Ἔτυχε
1679 601 1729 636 μὲν
1744 602 1791 629 οὖν
1806 590 1895 637 καθη-

1111 636 1174 663 σθαί
1186 646 1252 664 ποτε
1267 639 1322 666 τῶν
1334 641 1372 667 ὲκν
1381 641 1430 676 τῆς
1445 642 1542 679 κώμης
1555 644 1633 676 τινάς
1658 645 1711 672 ὑπὸ
1726 648 1758 683 τῇ
1775 648 1821 674 τοῦ
1837 648 1894 675 δέν-

1109 681 1173 716 δρου
1190 685 1254 719 σκιᾷ
1268 692 1274 700 ·
1295 685 1342 712 ἕνα
1358 686 1389 713 δὲ·
1400 687 1501 715 τούτων
1524 689 1653 717 Ἰάκωϐον
1694 681 1790 727 δνομα,
1802 694 1893 721 ἐπιθυ-

1111 728 1230 764 μίᾳ-τῶν
1248 731 1280 757 ὲκ
1294 732 1341 758 τοῦ
1356 732 1465 768 δένδρου
1482 735 1606 770 καρπῶν,
1617 737 1661 763 ἐπ’
1673 738 1739 764 αὐτὸ
1753 739 1892 775 ἀναϐῆναι.

1115 773 1181 810 Ὁρᾷ
1195 776 1284 803 τοίνυν
1299 778 1346 804 δύο
1356 778 1486 813 δαίμονας
1499 780 1543 807 ἐπ’
1560 781 1641 808 αὑτὸν
1662 783 1789 817 ἐλθόντας
1802 786 1816 812 ό
1832 773 1892 813 λιά-

1108 820 1197 852 κωὸος
1211 818 1298 854 οὗτος,
1315 824 1369 850 τῶν
1384 828 1412 850 τε
1427 825 1516 853 ποδῶν
1530 826 1698 863 λαϐομὲνους
1713 849 1720 861 ,
1736 831 1784 857 καὶ
1802 831 1893 859 τοῦτον

1108 865 1178 892 κατὰ
1192 867 1238 893 τοῦ
1255 869 1378 904 κρημνοῦ
1395 871 1536 905 ῥίψαντας.
1553 873 1590 900 Τὸ
1605 874 1656 908 μὲν
1668 873 1769 902 οὖντοῦ
1783 877 1890 914 δένδρου

1105 912 1152 938 καὶ
1170 913 1216 939 τοῦ
1233 915 1355 949 κρημνοῦ
1370 915 1442 950 ὕψος
1464 918 1528 952 περὶ
1545 920 1609 951 τοὺς
1631 919 1819 956 ἑϐδομήκοντα
1845 912 1893 951 πό-

1103 956 1151 989 δας
1164 956 1209 993 ἦν·
1223 959 1238 985 ὁ
1250 960 1283 986 δὲ
1303 961 1342 992 είς
1358 960 1470 996 ἔσχατον
1499 964 1622 992 κινδύνου
1643 967 1793 1002 φερόμενον
1822 970 1891 1003 ὀρῶν

1103 1003 1285 1036 ἐαυτδνπκαὶ
1313 1007 1376 1041 μηδέ
1390 1008 1479 1035 ὁτιοῦν
1504 1010 1534 1035 ὲν
1553 1010 1640 1043 οὕτως
1656 1012 1790 1049 ἀμηχάνῳ
1814 1015 1890 1051 κακῷ

1102 1049 1200 1084 δρᾶσαι
1214 1050 1374 1086 δυνάμενος,
1389 1055 1465 1089 φωνῇ
1482 1055 1520 1087 ὼς
1544 1053 1602 1091 εἶχε
1620 1058 1738 1094 μεγάλῃ,
1752 1060 1802 1095 τὴν
1820 1049 1890 1087 stoi-

1103 1104 1157 1130 μην
1185 1095 1327 1132 βοήθειαν,
1339 1098 1388 1133 τὴν
1416 1099 1669 1138 ἄμαχον-δύναμιν,
1687 1105 1736 1138 τὴν
1750 1106 1781 1132 οὺ
1794 1106 1889 1142 βραδύ-

1101 1150 1199 1169 νουσαν
1212 1144 1302 1179 χάριν,
1318 1145 1364 1172 τὸν
1376 1146 1424 1173 τοῦ
1437 1147 1504 1174 Θεοῦ
1527 1148 1679 1183 θεράποντα
1693 1152 1807 1187 Συμεὼν
1826 1154 1889 1180 ἑπε-

1101 1189 1218 1216 καλεῖτο.
1235 1190 1290 1217 Καὶ
1304 1191 1369 1224 ἰδοὺ,
1383 1194 1477 1229 χεῖρας
1491 1194 1603 1230 ὑπέχων
1616 1197 1729 1229 ἐκεῖνος,
1750 1199 1797 1225 καὶ
1825 1199 1889 1226 ταύ-

1100 1243 1161 1266 ταις
1184 1235 1396 1273 αὑὼνῆὺπτίαις
1423 1239 1580 1274 δεξάμενος,
1593 1242 1641 1268 καὶ
1659 1243 1750 1278 ὄρθιον
1775 1245 1887 1279 στήσας.

1101 1278 1167 1306 Εἶτα
1178 1279 1258 1307 πάλιν
1272 1281 1322 1317 ὁρᾷ
1336 1282 1386 1318 τὴν
1396 1283 1448 1318 γῆν
1461 1283 1532 1311 οὕτω
1548 1285 1722 1320 διασχοῦσαν,
1736 1287 1774 1319 ὡς
1788 1278 1890 1316 ἀνακα-

1096 1322 1230 1366 λειφθῆναι
1259 1324 1308 1352 καὶ
1364 1327 1398 1354 τὰ
1425 1327 1538 1363 θεμέλια
1557 1330 1677 1366 ταύτης,
1695 1332 1775 1358 κλοιά
1799 1341 1830 1359 τι
1844 1334 1890 1360 τὸν

1100 1363 1197 1404 ’Λγιον
1209 1372 1264 1403 τοῖς
1275 1371 1385 1408 δαίμοσι
1402 1375 1558 1409 περιθέντα,
1573 1363 1649 1403 κατὰν
1657 1378 1706 1412 τῆς
1723 1378 1845 1406 ἀϐύσσου
1859 1389 1888 1408 τι

1099 1417 1199 1452 αὑτρὺς
1217 1415 1328 1451 ἀφέντα,
1344 1419 1392 1446 καὶ
1416 1420 1464 1456 τὴν
1489 1423 1542 1457 γῆν
1565 1422 1644 1454 αὖθις
1658 1423 1698 1455 ὡς
1710 1425 1741 1450 τδ
1758 1425 1889 1461 ἀπαρχῆς

1071 850 1093 878 Β

1099 1462 1287 1491 συνελθοῦσαν.
1312 1464 1340 1491 '0
1356 1465 1406 1500 μὲν
1425 1466 1473 1493 οὖν
1494 1467 1622 1500 Ἰάκωσος
1640 1469 1769 1496 τοιούτων
1789 1471 1888 1505 ἠξίωτο

1061 1519 1082 1548 C
1099 1507 1244 1543 θαυμάτων
1262 1510 1319 1544 ἅμα
1343 1511 1563 1547 καὶ-θεαμάτων
1581 1515 1610 1541 ὲν
1625 1515 1745 1550 τοσούτῳ
1759 1516 1789 1542 δὲ
1811 1518 1858 1544 καὶ
1875 1519 1888 1544 ὀ

1086 1553 1210 1588 Συμεὼν
1227 1554 1260 1581 ei
1283 1556 1323 1586 είς
1342 1557 1444 1584 ἐκεῖνον
1459 1557 1522 1593 θείᾳ
1539 1559 1651 1594 δυνάμει
1668 1562 1806 1596 γενόμενα
1819 1563 1887 1597 πρὸς

1097 1598 1147 1633 τὴν
1163 1599 1330 1635 ἀδελφότητα
1356 1601 1466 1637 διεξῄει.
1490 1603 1573 1630 Οὗπω
1600 1604 1675 1636 τέλος
1694 1606 1769 1641 αὺτῷ
1783 1605 1858 1642 εἶχεν
1873 1608 1888 1634 ό

1097 1645 1184 1679 λόγος,
1205 1645 1251 1672 καὶ
1260 1647 1436 1680 ἀφικνοῦνταί
1448 1657 1520 1681 τινες
1534 1650 1588 1677 τῶν
1601 1650 1798 1687 πλησιοχώρων
1809 1654 1887 1689 αὐτῷ

1076 1722 1083 1726 4
1102 1691 1232 1728 Ἰακώϐῳ,
1245 1693 1385 1729 θαύματος
1407 1696 1502 1729 μεστοὶ
1524 1697 1574 1728 τὰς
1597 1698 1696 1733 ψυχὰς,
1709 1700 1827 1735 χάριτάς
1855 1710 1887 1727 τε

1095 1737 1227 1773 τοσαύτης
1240 1739 1399 1774 εὐεργεσίας
1413 1741 1620 1775 ὁμολογοῦντες,
1641 1745 1688 1771 καὶ
1717 1748 1815 1780 σαφεῖς
1831 1747 1886 1773 τῶν

1095 1784 1286 1819 γεγενημένων
1299 1785 1421 1819 ἄγγελοι.

1131 1830 1184 1862 Ly.
1200 1830 1340 1874 Hpocﬁl/Oé
1355 1840 1397 1863 τις
1423 1832 1461 1868 τῷ
1481 1833 1565 1868 Ἀγίῳ
1587 1835 1698 1868 λεπρδς,
1716 1837 1761 1863 καὶ
1774 1837 1824 1873 (μή
1844 1847 1886 1870 τις

1094 1874 1169 1908 ἡμᾶς
1181 1875 1334 1911 ἐπι-τιμάτω
1350 1877 1399 1912 τῆς
1413 1878 1553 1915 ἀπονοίας)
1568 1880 1606 1912 ὥς
1619 1888 1686 1907 ποτε
1701 1883 1748 1909 καὶ.
1768 1883 1809 1918 τῷ
1828 1885 1885 1919 Ἰη-

1095 1917 1142 1944 σοῦ
1169 1918 1204 1946 τὰ
1228 1921 1298 1948 αὐτὰ
1323 1929 1352 1947 τε
1380 1921 1565 1958 φθεγγόμενος
1583 1925 1693 1960 ἐκείνῳ,
1712 1926 1774 1953 Ἐὰν
1788 1917 1882 1964 θέλῃς,

1092 1962 1204 1991 δύνασαί
1231 1973 1264 1999 με
1289 1966 1447 2001 καθαρίσαι,
1463 1967 1512 1994 καὶ
1538 1969 1607 2003 μετὰ
1622 1970 1672 2004 τῆς
1701 1971 1762 2006 ῑσης
1775 1962 1885 2008 θέρμης

1092 2009 1139 2036 καὶ
1155 2009 1282 2042 πίστεως.
1300 2011 1372 2046 Πρὸς
1391 2011 1419 2038 ὃν
1433 2014 1447 2040 ὁ
1465 2013 1511 2039 τοῦ
1536 2014 1603 2040 Θεοῦ
1618 2015 1722 2048 ,δοῦλος
1751 2017 1827 2048 ίδὼν,
1845 2019 1886 2054 τῷ
1927 2008 1936 2016 ο

1090 2061 1120 2080 τε
1150 2054 1243 2090 οἰκείῳ
1268 2056 1401 2092 Δεσπότῃ,
1417 2056 1519 2084 δυνατὰ
1541 2058 1581 2093 τῷ
1613 2060 1769 2088 πιστεύοντι
1791 2063 1887 2091 πάντα

1089 2099 1361 2137 εἰπόντι,θαρρήσας,
1368 2102 1453 2134 Θέλω,
1468 2104 1547 2139 φησι,
1562 2104 1761 2140 καθαρισθῆναί
1771 2116 1812 2140 σε,
1822 2109 1886 2136 ἀλλ’

1089 2142 1149 2180 ὥρα
1160 2153 1200 2171 σοι
1215 2145 1306 2172 λοιπὸν
1319 2146 1413 2173 οἴκαδε
1428 2148 1572 2181 ἀπελθεῖν,
1593 2151 1644 2176 καὶ
1658 2151 1682 2177 ὸ’
1695 2151 1798 2185 ἀγαθὸς
1816 2153 1889 2186 Θεός

731 2175 789 2210 ipse
802 2185 851 2212 per
874 2179 1036 2211 immensam

1099 2175 1153 2223 too,
1167 2191 1181 2217 ὁ
1195 2191 1241 2217 καὶ
1256 2191 1366 2227 σταυρῷ
1381 2175 1574 2229 κρεμασθῆναι
1590 2175 1624 2221 δέ
1740 2175 1797 2224 ei»):
1810 2175 1890 2225 dm:

1089 2235 1201 2269 ξιώσας,
1217 2237 1298 2269 αὑτός
1326 2246 1356 2264 σε
1382 2240 1415 2274 τῇ
1442 2240 1546 2275 μεγάλῃ
1560 2241 1703 2277 ἐπισκοπῇ
1713 2242 1764 2277 τῆς
1776 2244 1888 2277 οἰκείας

1087 2282 1271 2321 χρηστότητος
1286 2284 1476 2318 ἐπισκέψεται.
1492 2285 1603 2317 Τούτοις
1613 2287 1628 2311 ὁ
1642 2286 1742 2322 λεπρὸς
1764 2291 1889 2316 πιστεύ-

1089 2333 1148 2358 σας,
1163 2317 1304 2354 ἐπάνεισιν
1325 2328 1415 2360 εῑςτδν
1422 2328 1496 2357 οἷκον
1507 2330 1569 2357 ’καὶ
1582 2331 1632 2365 τῆς
1648 2332 1746 2365 νυκτὸς
1771 2334 1889 2369 ἐκείνης

1086 2371 1162 2407 (ποία
1188 2371 1308 2406 γλῶσσα,
1333 2374 1434 2409 Χριστὲ
1453 2375 1576 2410 βασιλεῦ,
1590 2376 1732 2411 ἐξαγγελεῖ
1751 2380 1787 2406 τὰ
1818 2381 1887 2416 ὲλέη

1090 2424 1138 2442 σου
1153 2415 1243 2452 ;)ὁρᾷ
1259 2417 1386 2454 λαμπρόν
1409 2428 1470 2446 τινα
1496 2421 1606 2448 νεανίαν
1622 2423 1652 2449 τὸ
1669 2421 1750 2456 εἶδος,
1766 2426 1887 2453 ett-novat:

1088 2461 1173 2497 αὐτῷ,
1190 2462 1234 2495 Ὠς
1249 2463 1424 2498 ἐπίστευσας,
1442 2465 1584 2502 γενηθήτω
1601 2476 1652 2494 σοι.
1665 2469 1722 2495 Καὶ
1741 2469 1773 2496 τὸ
1800 2472 1886 2506 ῥῆμα

1087 2507 1132 2534 τὸν
1148 2507 1248 2543 λεπρὺν
1264 2509 1407 2542 διῡπνιζει,
1426 2511 1474 2537 καὶ
1499 2511 1538 2547 τῷ
1564 2511 1641 2549 ὕπνῳ
1669 2516 1852 2550 συναπῆλθεν
1868 2518 1885 2552 ή

1087 2552 1176 2589 λέπρα
1188 2561 1196 2570 ο
1208 2554 1256 2580 καὶ
1270 2554 1454 2590 καθαρὸςόλος
1465 2554 1509 2592 ἦν,
1522 2558 1667 2593 πράγμασι
1678 2560 1781 2594 μᾶλλον
1793 2562 1813 2596 ἢ
1833 2563 1887 2598 ῥή-

1090 2605 1156 2631 μασι
1182 2598 1324 2634 κηρύττων
1339 2600 1388 2631 τὰς
1402 2601 1449 2627 τοῦ
1468 2601 1536 2628 Θεοῦ
1564 2603 1733 2637 δυναστείας.
1755 2606 1885 2633 ’Δντίδοο

1089 2650 1130 2667 σιν
1142 2643 1232 2670 τοίνυν
1250 2643 1353 2678 ἀγαθοῦ
1366 2646 1478 2673 τοσοῦδε
1494 2647 1533 2682 μὴ
1544 2647 1625 2683 ἔχων,
1637 2649 1714 2684 ὅμως
1725 2650 1776 2685 τῆς
1787 2651 1887 2686 diu-[Ec

1086 2687 1194 2720 δεικνὺς
1220 2690 1270 2726 τὴν
1284 2690 1506 2728 εὐγνωμοσύνην,
1532 2694 1644 2729 χρυσίον
1665 2695 1768 2729 λαῦὼν⁹
1795 2698 1885 2732 φοιτᾷ

1087 2735 1162 2769 παρὰ
1189 2734 1234 2762 τὸν
1262 2735 1358 2770 ’Λγεον
1386 2735 1485 2771 αὖθις,
1514 2740 1564 2775 οὐχ
1589 2739 1626 2772 ὡς
1654 2740 1751 2777 πρώην
1779 2743 1884 2778 ῐχῶρτι
