  <div class='ocr_page' id='page_1' title='image "/cluster/home/n/w/nwhite01/storage/ocr_20150623/86,pt.2/njp.32101077772810/662.png"; bbox 0 0 1966 3068; ppageno 0'>
   <div class='ocr_carea' id='block_1_1' title="bbox 101 131 171 163">
    <p class='ocr_par' dir='ltr' id='par_1_1' title="bbox 101 131 171 163">
     <span class='ocr_line' id='line_1_1' title="bbox 101 131 171 163; baseline 0 0"><span class='ocrx_word' id='word_1_1' title='bbox 101 131 171 163; x_wconf 82' lang='grc'><strong>3073</strong></span> 
     </span>
    </p>
   </div>
   <div class='ocr_carea' id='block_1_2' title="bbox 601 137 1229 175">
    <p class='ocr_par' dir='ltr' id='par_1_2' title="bbox 601 137 1229 175">
     <span class='ocr_line' id='line_1_2' title="bbox 601 137 1229 175; baseline 0.014 -10"><span class='ocrx_word' id='word_1_2' title='bbox 601 137 688 166; x_wconf 74' lang='lat' dir='ltr'><strong>VITA</strong></span> <span class='ocrx_word' id='word_1_3' title='bbox 709 138 731 166; x_wconf 89' lang='lat' dir='ltr'><strong>A</strong></span> <span class='ocrx_word' id='word_1_4' title='bbox 754 138 970 169; x_wconf 81' lang='lat' dir='ltr'><strong>NICEPHORO</strong></span> <span class='ocrx_word' id='word_1_5' title='bbox 989 141 1229 175; x_wconf 66' lang='lat' dir='ltr'><strong>CONSCRII‘TA.</strong></span> 
     </span>
    </p>
   </div>
   <div class='ocr_carea' id='block_1_3' title="bbox 1651 146 1720 178">
    <p class='ocr_par' dir='ltr' id='par_1_3' title="bbox 1651 146 1720 178">
     <span class='ocr_line' id='line_1_3' title="bbox 1651 146 1720 178; baseline -0.014 0"><span class='ocrx_word' id='word_1_6' title='bbox 1651 146 1720 178; x_wconf 58' lang='lat' dir='ltr'><strong>307i</strong></span> 
     </span>
    </p>
   </div>
   <div class='ocr_carea' id='block_1_4' title="bbox 101 190 874 238">
    <p class='ocr_par' dir='ltr' id='par_1_4' title="bbox 101 190 872 227">
     <span class='ocr_line' id='line_1_4' title="bbox 101 190 872 227; baseline 0.006 -11"><span class='ocrx_word' id='word_1_7' title='bbox 101 190 169 221; x_wconf 80' lang='grc' dir='ltr'><strong>ζέων</strong></span> <span class='ocrx_word' id='word_1_8' title='bbox 185 191 231 217; x_wconf 75' lang='grc' dir='ltr'>καὶ</span> <span class='ocrx_word' id='word_1_9' title='bbox 251 190 340 227; x_wconf 74' lang='grc' dir='ltr'>λέπρᾳ</span> <span class='ocrx_word' id='word_1_10' title='bbox 359 191 554 226; x_wconf 73' lang='grc' dir='ltr'>κατεσκληκὼς</span> <span class='ocrx_word' id='word_1_11' title='bbox 568 213 575 225; x_wconf 94' lang='grc'><strong>,</strong></span> <span class='ocrx_word' id='word_1_12' title='bbox 591 193 649 219; x_wconf 84' lang='grc' dir='ltr'>ἀλλ’</span> <span class='ocrx_word' id='word_1_13' title='bbox 661 191 716 220; x_wconf 74' lang='grc' dir='ltr'>οἷον</span> <span class='ocrx_word' id='word_1_14' title='bbox 736 195 872 222; x_wconf 77' lang='grc' dir='ltr'>ἀναῦεόιω</span> 
     </span>
    </p>
   </div>
   <div class='ocr_carea' id='block_1_5' title="bbox 927 190 1720 238">
    <p class='ocr_par' dir='ltr' id='par_1_5' title="bbox 939 197 1720 238">
     <span class='ocr_line' id='line_1_5' title="bbox 939 197 1720 238; baseline 0.01 -15"><span class='ocrx_word' id='word_1_15' title='bbox 939 197 1057 228; x_wconf 82' lang='lat' dir='ltr'><strong>similis.</strong></span> <span class='ocrx_word' id='word_1_16' title='bbox 1079 200 1217 233; x_wconf 84' lang='lat' dir='ltr'><strong>quomodo</strong></span> <span class='ocrx_word' id='word_1_17' title='bbox 1235 208 1284 228; x_wconf 84' lang='lat' dir='ltr'><strong>nec</strong></span> <span class='ocrx_word' id='word_1_18' title='bbox 1310 206 1444 235; x_wconf 84' lang='lat' dir='ltr'><strong>speratam</strong></span> <span class='ocrx_word' id='word_1_19' title='bbox 1467 202 1578 237; x_wconf 76' lang='lat' dir='ltr'><strong>quidem</strong></span> <span class='ocrx_word' id='word_1_20' title='bbox 1605 203 1720 238; x_wconf 79' lang='lat' dir='ltr'><strong>adeptus</strong></span> 
     </span>
    </p>
   </div>
   <div class='ocr_carea' id='block_1_6' title="bbox 100 236 887 277">
    <p class='ocr_par' dir='ltr' id='par_1_6' title="bbox 100 236 887 277">
     <span class='ocr_line' id='line_1_6' title="bbox 100 236 887 277; baseline 0.008 -15"><span class='ocrx_word' id='word_1_21' title='bbox 100 236 157 268; x_wconf 84' lang='grc' dir='ltr'>κὼς</span> <span class='ocrx_word' id='word_1_22' title='bbox 170 237 232 272; x_wconf 82' lang='grc' dir='ltr'>ἄρτι</span> <span class='ocrx_word' id='word_1_23' title='bbox 246 238 293 264; x_wconf 72' lang='grc' dir='ltr'><strong>καὶ</strong></span> <span class='ocrx_word' id='word_1_24' title='bbox 307 238 454 273; x_wconf 78' lang='grc' dir='ltr'>ἀναοὴλας,</span> <span class='ocrx_word' id='word_1_25' title='bbox 469 239 542 269; x_wconf 76' lang='grc' dir='ltr'>ὅπως</span> <span class='ocrx_word' id='word_1_26' title='bbox 558 240 606 274; x_wconf 84' lang='grc' dir='ltr'>τῆς</span> <span class='ocrx_word' id='word_1_27' title='bbox 619 240 771 275; x_wconf 73' lang='grc' dir='ltr'><strong>παραδόξου</strong></span> <span class='ocrx_word' id='word_1_28' title='bbox 784 241 887 277; x_wconf 81' lang='grc' dir='ltr'><strong>ταύτης</strong></span> 
     </span>
    </p>
   </div>
   <div class='ocr_carea' id='block_1_7' title="bbox 102 282 888 322">
    <p class='ocr_par' dir='ltr' id='par_1_7' title="bbox 102 282 888 322">
     <span class='ocr_line' id='line_1_7' title="bbox 102 282 888 322; baseline 0.008 -14"><span class='ocrx_word' id='word_1_29' title='bbox 102 282 199 313; x_wconf 70' lang='grc' dir='ltr'>ἰάσεως</span> <span class='ocrx_word' id='word_1_30' title='bbox 225 282 318 317; x_wconf 82' lang='grc' dir='ltr'><strong>τύχοι,</strong></span> <span class='ocrx_word' id='word_1_31' title='bbox 336 283 428 317; x_wconf 62' lang='grc' dir='ltr'>σαφῶς</span> <span class='ocrx_word' id='word_1_32' title='bbox 454 283 646 319; x_wconf 79' lang='grc' dir='ltr'>ἐξηγούμενος.</span> <span class='ocrx_word' id='word_1_33' title='bbox 682 286 710 311; x_wconf 89' lang='lat'>&#39;0</span> <span class='ocrx_word' id='word_1_34' title='bbox 734 286 762 312; x_wconf 75' lang='grc' dir='ltr'><strong>δὲ</strong></span> <span class='ocrx_word' id='word_1_35' title='bbox 786 287 815 313; x_wconf 78' lang='grc' dir='ltr'>τὸ</span> <span class='ocrx_word' id='word_1_36' title='bbox 839 288 888 322; x_wconf 85' lang='grc' dir='ltr'><strong>μὲν</strong></span> 
     </span>
    </p>
   </div>
   <div class='ocr_carea' id='block_1_8' title="bbox 100 328 888 365">
    <p class='ocr_par' dir='ltr' id='par_1_8' title="bbox 100 328 888 365">
     <span class='ocr_line' id='line_1_8' title="bbox 100 328 888 365; baseline 0.008 -12"><span class='ocrx_word' id='word_1_37' title='bbox 100 328 212 362; x_wconf 87' lang='grc' dir='ltr'>χρυσίον</span> <span class='ocrx_word' id='word_1_38' title='bbox 231 328 301 354; x_wconf 84' lang='grc' dir='ltr'><strong>κατὰ</strong></span> <span class='ocrx_word' id='word_1_39' title='bbox 318 329 355 354; x_wconf 54' lang='grc' dir='ltr'><strong>πτδ</strong></span> <span class='ocrx_word' id='word_1_40' title='bbox 372 328 486 364; x_wconf 80' lang='grc' dir='ltr'>σύνηθες</span> <span class='ocrx_word' id='word_1_41' title='bbox 498 330 528 356; x_wconf 87' lang='grc' dir='ltr'><strong>οὺ</strong></span> <span class='ocrx_word' id='word_1_42' title='bbox 550 331 723 365; x_wconf 76' lang='grc' dir='ltr'><strong>προσήκατο,</strong></span> <span class='ocrx_word' id='word_1_43' title='bbox 740 331 797 358; x_wconf 81' lang='grc' dir='ltr'>ἀλλ’</span> <span class='ocrx_word' id='word_1_44' title='bbox 814 333 888 359; x_wconf 82' lang='grc' dir='ltr'>ἀντι-</span> 
     </span>
    </p>
   </div>
   <div class='ocr_carea' id='block_1_9' title="bbox 103 373 888 412">
    <p class='ocr_par' dir='ltr' id='par_1_9' title="bbox 103 373 888 412">
     <span class='ocr_line' id='line_1_9' title="bbox 103 373 888 412; baseline 0.006 -13"><span class='ocrx_word' id='word_1_45' title='bbox 103 373 211 408; x_wconf 80' lang='grc' dir='ltr'>μισθίαν</span> <span class='ocrx_word' id='word_1_46' title='bbox 231 373 326 408; x_wconf 84' lang='grc' dir='ltr'>ἱκανὴν</span> <span class='ocrx_word' id='word_1_47' title='bbox 348 374 422 409; x_wconf 84' lang='grc' dir='ltr'>αὐτῷ</span> <span class='ocrx_word' id='word_1_48' title='bbox 442 375 510 410; x_wconf 65' lang='grc' dir='ltr'>πρὸς</span> <span class='ocrx_word' id='word_1_49' title='bbox 524 375 717 411; x_wconf 72' lang='grc' dir='ltr'>Θεὸψδιηνεκῆ</span> <span class='ocrx_word' id='word_1_50' title='bbox 735 378 888 412; x_wconf 82' lang='grc' dir='ltr'>παραγγέλ-</span> 
     </span>
    </p>
   </div>
   <div class='ocr_carea' id='block_1_10' title="bbox 99 416 883 457">
    <p class='ocr_par' dir='ltr' id='par_1_10' title="bbox 99 416 883 457">
     <span class='ocr_line' id='line_1_10' title="bbox 99 416 883 457; baseline 0.009 -15"><span class='ocrx_word' id='word_1_51' title='bbox 99 416 141 443; x_wconf 85' lang='grc' dir='ltr'><strong>λει</strong></span> <span class='ocrx_word' id='word_1_52' title='bbox 155 418 254 452; x_wconf 83' lang='grc' dir='ltr'>μᾶλλον</span> <span class='ocrx_word' id='word_1_53' title='bbox 286 419 470 454; x_wconf 73' lang='grc' dir='ltr'><strong>εὐχαριστίαν.</strong></span> <span class='ocrx_word' id='word_1_54' title='bbox 491 419 634 451; x_wconf 72' lang='grc' dir='ltr'>Ἰουλιανὸς</span> <span class='ocrx_word' id='word_1_55' title='bbox 659 420 687 446; x_wconf 79' lang='grc' dir='ltr'>δὲ</span> <span class='ocrx_word' id='word_1_56' title='bbox 713 421 767 448; x_wconf 75' lang='grc' dir='ltr'><strong>τῶν</strong></span> <span class='ocrx_word' id='word_1_57' title='bbox 795 422 883 457; x_wconf 85' lang='grc' dir='ltr'>μαθη-</span> 
     </span>
    </p>
   </div>
   <div class='ocr_carea' id='block_1_11' title="bbox 99 461 884 503">
    <p class='ocr_par' dir='ltr' id='par_1_11' title="bbox 99 461 884 503">
     <span class='ocr_line' id='line_1_11' title="bbox 99 461 884 503; baseline 0.008 -15"><span class='ocrx_word' id='word_1_58' title='bbox 99 463 153 488; x_wconf 87' lang='grc' dir='ltr'>τῶν</span> <span class='ocrx_word' id='word_1_59' title='bbox 172 461 223 495; x_wconf 75' lang='grc' dir='ltr'>εἷς,</span> <span class='ocrx_word' id='word_1_60' title='bbox 236 463 298 489; x_wconf 79' lang='grc' dir='ltr'>νοῦν</span> <span class='ocrx_word' id='word_1_61' title='bbox 327 464 404 499; x_wconf 74' lang='grc' dir='ltr'>ἔσχεν</span> <span class='ocrx_word' id='word_1_62' title='bbox 419 465 473 491; x_wconf 80' lang='grc' dir='ltr'>ἀπὸ</span> <span class='ocrx_word' id='word_1_63' title='bbox 495 465 668 500; x_wconf 61' lang='grc' dir='ltr'>τοῦκχρυσίου</span> <span class='ocrx_word' id='word_1_64' title='bbox 680 465 771 493; x_wconf 75' lang='grc' dir='ltr'>λαϐεῖν</span> <span class='ocrx_word' id='word_1_65' title='bbox 793 475 799 482; x_wconf 94' lang='grc'><strong>·</strong></span> <span class='ocrx_word' id='word_1_66' title='bbox 814 468 884 503; x_wconf 79' lang='grc' dir='ltr'>ὅπερ</span> 
     </span>
    </p>
   </div>
   <div class='ocr_carea' id='block_1_12' title="bbox 99 509 883 546">
    <p class='ocr_par' dir='ltr' id='par_1_12' title="bbox 99 509 883 546">
     <span class='ocr_line' id='line_1_12' title="bbox 99 509 883 546; baseline 0.006 -12"><span class='ocrx_word' id='word_1_67' title='bbox 99 509 144 535; x_wconf 64' lang='grc' dir='ltr'>τὶν</span> <span class='ocrx_word' id='word_1_68' title='bbox 156 509 227 535; x_wconf 69' lang='grc' dir='ltr'>θεῖον</span> <span class='ocrx_word' id='word_1_69' title='bbox 245 509 356 544; x_wconf 82' lang='grc' dir='ltr'>Συμεὼν</span> <span class='ocrx_word' id='word_1_70' title='bbox 375 511 432 541; x_wconf 84' lang='grc' dir='ltr'>τοῖς</span> <span class='ocrx_word' id='word_1_71' title='bbox 443 510 519 537; x_wconf 81' lang='grc' dir='ltr'>ἔνδον</span> <span class='ocrx_word' id='word_1_72' title='bbox 536 511 685 546; x_wconf 59' lang='grc' dir='ltr'>ὀᾳοαλμοῖς</span> <span class='ocrx_word' id='word_1_73' title='bbox 698 512 728 538; x_wconf 84' lang='grc' dir='ltr'>οὐ</span> <span class='ocrx_word' id='word_1_74' title='bbox 748 512 883 540; x_wconf 79' lang='grc' dir='ltr'>διαλαθόν-</span> 
     </span>
    </p>
   </div>
   <div class='ocr_carea' id='block_1_13' title="bbox 99 555 884 594">
    <p class='ocr_par' dir='ltr' id='par_1_13' title="bbox 99 555 884 594">
     <span class='ocr_line' id='line_1_13' title="bbox 99 555 884 594; baseline 0.005 -13"><span class='ocrx_word' id='word_1_75' title='bbox 99 555 131 581; x_wconf 85' lang='grc' dir='ltr'>Εί</span> <span class='ocrx_word' id='word_1_76' title='bbox 147 555 248 589; x_wconf 80' lang='grc' dir='ltr'><strong>βούλει,</strong></span> <span class='ocrx_word' id='word_1_77' title='bbox 258 556 326 590; x_wconf 82' lang='grc' dir='ltr'>πρὸς</span> <span class='ocrx_word' id='word_1_78' title='bbox 341 556 387 582; x_wconf 84' lang='grc' dir='ltr'>τδν</span> <span class='ocrx_word' id='word_1_79' title='bbox 402 557 526 593; x_wconf 76' lang='grc' dir='ltr'>μαθητὴν</span> <span class='ocrx_word' id='word_1_80' title='bbox 537 557 600 592; x_wconf 79' lang='grc' dir='ltr'>ἔφη,</span> <span class='ocrx_word' id='word_1_81' title='bbox 617 557 685 592; x_wconf 78' lang='grc' dir='ltr'>μετὰ</span> <span class='ocrx_word' id='word_1_82' title='bbox 701 558 746 584; x_wconf 78' lang='grc' dir='ltr'>τοῦ</span> <span class='ocrx_word' id='word_1_83' title='bbox 772 559 884 594; x_wconf 83' lang='grc' dir='ltr'><strong>χρυσίου</strong></span> 
     </span>
    </p>
   </div>
   <div class='ocr_carea' id='block_1_14' title="bbox 99 599 884 638">
    <p class='ocr_par' dir='ltr' id='par_1_14' title="bbox 99 599 884 638">
     <span class='ocr_line' id='line_1_14' title="bbox 99 599 884 638; baseline 0.006 -13"><span class='ocrx_word' id='word_1_84' title='bbox 99 599 147 625; x_wconf 74' lang='grc' dir='ltr'>καὶ</span> <span class='ocrx_word' id='word_1_85' title='bbox 171 599 221 635; x_wconf 81' lang='grc' dir='ltr'><strong>τὴν</strong></span> <span class='ocrx_word' id='word_1_86' title='bbox 238 600 343 636; x_wconf 77' lang='grc' dir='ltr'>λέπραν</span> <span class='ocrx_word' id='word_1_87' title='bbox 367 601 524 634; x_wconf 74' lang='grc' dir='ltr'>ἀναλαϐεῖν,</span> <span class='ocrx_word' id='word_1_88' title='bbox 538 603 575 633; x_wconf 84' lang='grc' dir='ltr'>ὡς</span> <span class='ocrx_word' id='word_1_89' title='bbox 589 602 670 636; x_wconf 80' lang='grc' dir='ltr'>Γιεζὴ</span> <span class='ocrx_word' id='word_1_90' title='bbox 693 602 742 630; x_wconf 80' lang='grc' dir='ltr'><strong>τοῦ</strong></span> <span class='ocrx_word' id='word_1_91' title='bbox 757 603 884 638; x_wconf 80' lang='grc' dir='ltr'>Ναιεμάν</span> 
     </span>
    </p>
   </div>
   <div class='ocr_carea' id='block_1_15' title="bbox 98 645 882 682">
    <p class='ocr_par' dir='ltr' id='par_1_15' title="bbox 98 645 882 682">
     <span class='ocr_line' id='line_1_15' title="bbox 98 645 882 682; baseline 0.006 -12"><span class='ocrx_word' id='word_1_92' title='bbox 98 645 200 677; x_wconf 71' lang='grc' dir='ltr'>ἐκεῖνος</span> <span class='ocrx_word' id='word_1_93' title='bbox 213 666 220 676; x_wconf 86' lang='grc'><strong>,</strong></span> <span class='ocrx_word' id='word_1_94' title='bbox 229 646 284 672; x_wconf 76' lang='grc' dir='ltr'><strong>⁴καὶ</strong></span> <span class='ocrx_word' id='word_1_95' title='bbox 308 647 408 681; x_wconf 72' lang='grc' dir='ltr'>τρόπον</span> <span class='ocrx_word' id='word_1_96' title='bbox 420 647 512 682; x_wconf 74' lang='grc' dir='ltr'>ἕτερον</span> <span class='ocrx_word' id='word_1_97' title='bbox 524 648 608 682; x_wconf 70' lang='grc' dir='ltr'>αὐτὴν</span> <span class='ocrx_word' id='word_1_98' title='bbox 619 647 814 682; x_wconf 76' lang='grc' dir='ltr'>ἐξωνήσασθαι,</span> <span class='ocrx_word' id='word_1_99' title='bbox 833 649 882 675; x_wconf 83' lang='grc' dir='ltr'>λα-</span> 
     </span>
    </p>
   </div>
   <div class='ocr_carea' id='block_1_16' title="bbox 99 690 882 726">
    <p class='ocr_par' dir='ltr' id='par_1_16' title="bbox 99 690 882 726">
     <span class='ocr_line' id='line_1_16' title="bbox 99 690 882 726; baseline 0.005 -10"><span class='ocrx_word' id='word_1_100' title='bbox 99 690 154 716; x_wconf 77' lang='grc' dir='ltr'><strong>ϐὼν</strong></span> <span class='ocrx_word' id='word_1_101' title='bbox 182 691 281 724; x_wconf 76' lang='grc' dir='ltr'>μᾶλλον</span> <span class='ocrx_word' id='word_1_102' title='bbox 308 691 323 726; x_wconf 84' lang='grc' dir='ltr'>ἢ</span> <span class='ocrx_word' id='word_1_103' title='bbox 351 691 495 718; x_wconf 76' lang='grc' dir='ltr'>δεδωκὼςι</span> <span class='ocrx_word' id='word_1_104' title='bbox 525 692 633 718; x_wconf 67' lang='grc' dir='ltr'>Τούτων</span> <span class='ocrx_word' id='word_1_105' title='bbox 652 693 808 720; x_wconf 80' lang='grc' dir='ltr'>ἀκούσαντα</span> <span class='ocrx_word' id='word_1_106' title='bbox 837 694 882 720; x_wconf 66' lang='grc' dir='ltr'>τὸν</span> 
     </span>
    </p>
   </div>
   <div class='ocr_carea' id='block_1_17' title="bbox 939 243 1718 284">
    <p class='ocr_par' dir='ltr' id='par_1_17' title="bbox 939 243 1718 284">
     <span class='ocr_line' id='line_1_17' title="bbox 939 243 1718 284; baseline 0.01 -16"><span class='ocrx_word' id='word_1_107' title='bbox 939 243 1110 270; x_wconf 74' lang='lat' dir='ltr'><strong>sanationem</strong></span> <span class='ocrx_word' id='word_1_108' title='bbox 1127 250 1199 271; x_wconf 87' lang='lat' dir='ltr'><strong>esset</strong></span> <span class='ocrx_word' id='word_1_109' title='bbox 1232 245 1375 273; x_wconf 90' lang='lat' dir='ltr'><strong>manifeste</strong></span> <span class='ocrx_word' id='word_1_110' title='bbox 1395 255 1427 274; x_wconf 85' lang='lat' dir='ltr'><strong>ac</strong></span> <span class='ocrx_word' id='word_1_111' title='bbox 1450 248 1538 282; x_wconf 87' lang='lat' dir='ltr'><strong>palam</strong></span> <span class='ocrx_word' id='word_1_112' title='bbox 1565 248 1718 284; x_wconf 79' lang='lat' dir='ltr'><strong>divulgans.</strong></span> 
     </span>
    </p>
   </div>
   <div class='ocr_carea' id='block_1_18' title="bbox 939 286 1719 326">
    <p class='ocr_par' dir='ltr' id='par_1_18' title="bbox 939 286 1719 326">
     <span class='ocr_line' id='line_1_18' title="bbox 939 286 1719 326; baseline 0.009 -12"><span class='ocrx_word' id='word_1_113' title='bbox 939 286 1141 316; x_wconf 52' lang='lat' dir='ltr'><strong>Sanctus&#39;vero</strong></span> <span class='ocrx_word' id='word_1_114' title='bbox 1159 298 1255 317; x_wconf 87' lang='lat' dir='ltr'><strong>aurum</strong></span> <span class='ocrx_word' id='word_1_115' title='bbox 1276 299 1352 319; x_wconf 94' lang='lat' dir='ltr'><strong>more</strong></span> <span class='ocrx_word' id='word_1_116' title='bbox 1366 300 1415 319; x_wconf 89' lang='lat' dir='ltr'><strong>suo</strong></span> <span class='ocrx_word' id='word_1_117' title='bbox 1444 301 1499 320; x_wconf 88' lang='lat' dir='ltr'><strong>non</strong></span> <span class='ocrx_word' id='word_1_118' title='bbox 1524 293 1645 326; x_wconf 81' lang='lat' dir='ltr'><strong>admisit,</strong></span> <span class='ocrx_word' id='word_1_119' title='bbox 1671 295 1719 321; x_wconf 87' lang='lat' dir='ltr'><strong>sed</strong></span> 
     </span>
    </p>
   </div>
   <div class='ocr_carea' id='block_1_19' title="bbox 937 335 1720 374">
    <p class='ocr_par' dir='ltr' id='par_1_19' title="bbox 937 335 1720 374">
     <span class='ocr_line' id='line_1_19' title="bbox 937 335 1720 374; baseline 0.01 -15"><span class='ocrx_word' id='word_1_120' title='bbox 937 340 987 374; x_wconf 84' lang='lat' dir='ltr'><strong>pro</strong></span> <span class='ocrx_word' id='word_1_121' title='bbox 1006 335 1228 362; x_wconf 82' lang='lat' dir='ltr'><strong>remuneratione</strong></span> <span class='ocrx_word' id='word_1_122' title='bbox 1250 336 1332 371; x_wconf 81' lang='lat' dir='ltr'><strong>digna</strong></span> <span class='ocrx_word' id='word_1_123' title='bbox 1362 343 1511 372; x_wconf 86' lang='lat' dir='ltr'><strong>perpetuas</strong></span> <span class='ocrx_word' id='word_1_124' title='bbox 1534 339 1590 366; x_wconf 90' lang='lat' dir='ltr'><strong>Deo</strong></span> <span class='ocrx_word' id='word_1_125' title='bbox 1617 340 1720 374; x_wconf 74' lang='lat' dir='ltr'><strong>gratias</strong></span> 
     </span>
    </p>
   </div>
   <div class='ocr_carea' id='block_1_20' title="bbox 936 370 1720 418">
    <p class='ocr_par' dir='ltr' id='par_1_20' title="bbox 936 370 1720 418">
     <span class='ocr_line' id='line_1_20' title="bbox 936 370 1720 418; baseline 0.01 -15"><span class='ocrx_word' id='word_1_126' title='bbox 936 370 1234 414; x_wconf 78' lang='lat' dir='ltr'><strong>persolvereinjunxit.</strong></span> <span class='ocrx_word' id='word_1_127' title='bbox 1250 370 1375 408; x_wconf 77' lang='lat' dir='ltr'><strong>Julianus</strong></span> <span class='ocrx_word' id='word_1_128' title='bbox 1392 370 1476 416; x_wconf 82' lang='lat' dir='ltr'><strong>porro</strong></span> <span class='ocrx_word' id='word_1_129' title='bbox 1505 391 1576 410; x_wconf 90' lang='lat' dir='ltr'><strong>unus</strong></span> <span class='ocrx_word' id='word_1_130' title='bbox 1600 383 1720 418; x_wconf 89' lang='lat' dir='ltr'><strong>discipu-</strong></span> 
     </span>
    </p>
   </div>
   <div class='ocr_carea' id='block_1_21' title="bbox 936 421 1719 463">
    <p class='ocr_par' dir='ltr' id='par_1_21' title="bbox 936 421 1719 463">
     <span class='ocr_line' id='line_1_21' title="bbox 936 421 1719 463; baseline 0.01 -15"><span class='ocrx_word' id='word_1_131' title='bbox 936 421 1036 454; x_wconf 87' lang='lat' dir='ltr'><strong>lorum,</strong></span> <span class='ocrx_word' id='word_1_132' title='bbox 1051 423 1159 450; x_wconf 76' lang='lat' dir='ltr'><strong>induxit</strong></span> <span class='ocrx_word' id='word_1_133' title='bbox 1178 424 1205 451; x_wconf 92' lang='lat' dir='ltr'><strong>in</strong></span> <span class='ocrx_word' id='word_1_134' title='bbox 1219 425 1340 452; x_wconf 86' lang='lat' dir='ltr'><strong>animum</strong></span> <span class='ocrx_word' id='word_1_135' title='bbox 1354 427 1478 462; x_wconf 78' lang='lat' dir='ltr'><strong>accipere</strong></span> <span class='ocrx_word' id='word_1_136' title='bbox 1499 436 1596 455; x_wconf 82' lang='lat' dir='ltr'><strong>aurum</strong></span> <span class='ocrx_word' id='word_1_137' title='bbox 1618 437 1625 455; x_wconf 90' lang='lat'><strong>:</strong></span> <span class='ocrx_word' id='word_1_138' title='bbox 1645 430 1719 463; x_wconf 88' lang='lat' dir='ltr'><strong>quod</strong></span> 
     </span>
    </p>
   </div>
   <div class='ocr_carea' id='block_1_22' title="bbox 941 467 1718 504">
    <p class='ocr_par' dir='ltr' id='par_1_22' title="bbox 941 467 1718 504">
     <span class='ocr_line' id='line_1_22' title="bbox 941 467 1718 504; baseline 0.012 -12"><span class='ocrx_word' id='word_1_139' title='bbox 941 471 969 493; x_wconf 90' lang='lat' dir='ltr'><strong>ut</strong></span> <span class='ocrx_word' id='word_1_140' title='bbox 987 467 1110 494; x_wconf 91' lang='lat' dir='ltr'><strong>internos</strong></span> <span class='ocrx_word' id='word_1_141' title='bbox 1128 468 1270 504; x_wconf 83' lang='lat' dir='ltr'><strong>Symeonis</strong></span> <span class='ocrx_word' id='word_1_142' title='bbox 1279 471 1373 497; x_wconf 87' lang='lat' dir='ltr'><strong>oculos</strong></span> <span class='ocrx_word' id='word_1_143' title='bbox 1389 479 1444 498; x_wconf 93' lang='lat' dir='ltr'><strong>non</strong></span> <span class='ocrx_word' id='word_1_144' title='bbox 1458 472 1548 504; x_wconf 85' lang='lat' dir='ltr'><strong>latuit,</strong></span> <span class='ocrx_word' id='word_1_145' title='bbox 1572 473 1610 500; x_wconf 85' lang='lat' dir='ltr'><strong>ait</strong></span> <span class='ocrx_word' id='word_1_146' title='bbox 1636 474 1718 501; x_wconf 82' lang='lat' dir='ltr'><strong>disci-</strong></span> 
     </span>
    </p>
   </div>
   <div class='ocr_carea' id='block_1_23' title="bbox 936 512 1716 553">
    <p class='ocr_par' dir='ltr' id='par_1_23' title="bbox 936 512 1716 553">
     <span class='ocr_line' id='line_1_23' title="bbox 936 512 1716 553; baseline 0.01 -15"><span class='ocrx_word' id='word_1_147' title='bbox 936 512 1015 546; x_wconf 89' lang='lat' dir='ltr'><strong>pulo:</strong></span> <span class='ocrx_word' id='word_1_148' title='bbox 1032 513 1114 540; x_wconf 80' lang='lat' dir='ltr'><strong>Visne</strong></span> <span class='ocrx_word' id='word_1_149' title='bbox 1131 521 1194 541; x_wconf 90' lang='lat' dir='ltr'><strong>cum</strong></span> <span class='ocrx_word' id='word_1_150' title='bbox 1217 523 1285 542; x_wconf 88' lang='lat' dir='ltr'><strong>auro</strong></span> <span class='ocrx_word' id='word_1_151' title='bbox 1304 516 1386 543; x_wconf 87' lang='lat' dir='ltr'><strong>simul</strong></span> <span class='ocrx_word' id='word_1_152' title='bbox 1402 521 1430 543; x_wconf 88' lang='lat' dir='ltr'><strong>et</strong></span> <span class='ocrx_word' id='word_1_153' title='bbox 1459 517 1563 551; x_wconf 85' lang='lat' dir='ltr'><strong>lepram</strong></span> <span class='ocrx_word' id='word_1_154' title='bbox 1580 519 1716 553; x_wconf 82' lang='lat' dir='ltr'><strong>accipere,</strong></span> 
     </span>
    </p>
   </div>
   <div class='ocr_carea' id='block_1_24' title="bbox 937 558 1718 593">
    <p class='ocr_par' dir='ltr' id='par_1_24' title="bbox 937 558 1718 593">
     <span class='ocr_line' id='line_1_24' title="bbox 937 558 1718 593; baseline 0.006 -9"><span class='ocrx_word' id='word_1_155' title='bbox 937 558 1050 585; x_wconf 85' lang='lat' dir='ltr'><strong>utGiezi</strong></span> <span class='ocrx_word' id='word_1_156' title='bbox 1063 558 1108 585; x_wconf 91' lang='lat' dir='ltr'><strong>ille</strong></span> <span class='ocrx_word' id='word_1_157' title='bbox 1123 558 1227 593; x_wconf 85' lang='lat' dir='ltr'><strong>lepram</strong></span> <span class='ocrx_word' id='word_1_158' title='bbox 1238 559 1343 591; x_wconf 73' lang='lat' dir='ltr'><strong>Naami,</strong></span> <span class='ocrx_word' id='word_1_159' title='bbox 1359 565 1387 586; x_wconf 91' lang='lat' dir='ltr'><strong>et</strong></span> <span class='ocrx_word' id='word_1_160' title='bbox 1398 560 1451 587; x_wconf 87' lang='lat' dir='ltr'><strong>alio</strong></span> <span class='ocrx_word' id='word_1_161' title='bbox 1461 562 1541 588; x_wconf 87' lang='lat' dir='ltr'><strong>modo</strong></span> <span class='ocrx_word' id='word_1_162' title='bbox 1557 561 1630 588; x_wconf 91' lang='lat' dir='ltr'><strong>illam</strong></span> <span class='ocrx_word' id='word_1_163' title='bbox 1644 563 1718 589; x_wconf 87' lang='lat' dir='ltr'><strong>redi-</strong></span> 
     </span>
    </p>
   </div>
   <div class='ocr_carea' id='block_1_25' title="bbox 936 602 1717 639">
    <p class='ocr_par' dir='ltr' id='par_1_25' title="bbox 936 602 1717 639">
     <span class='ocr_line' id='line_1_25' title="bbox 936 602 1717 639; baseline 0.006 -10"><span class='ocrx_word' id='word_1_164' title='bbox 936 610 1010 630; x_wconf 85' lang='lat' dir='ltr'><strong>mere</strong></span> <span class='ocrx_word' id='word_1_165' title='bbox 1019 611 1030 635; x_wconf 67' lang='grc'>,’</span> <span class='ocrx_word' id='word_1_166' title='bbox 1039 602 1108 630; x_wconf 80' lang='lat' dir='ltr'><strong>dans</strong></span> <span class='ocrx_word' id='word_1_167' title='bbox 1121 604 1302 638; x_wconf 81' lang='lat' dir='ltr'><strong>potiusqnam</strong></span> <span class='ocrx_word' id='word_1_168' title='bbox 1320 605 1476 639; x_wconf 84' lang='lat' dir='ltr'><strong>accipiens?</strong></span> <span class='ocrx_word' id='word_1_169' title='bbox 1492 606 1539 633; x_wconf 87' lang='lat' dir='ltr'><strong>His</strong></span> <span class='ocrx_word' id='word_1_170' title='bbox 1548 607 1651 634; x_wconf 82' lang='lat' dir='ltr'><strong>auditis</strong></span> <span class='ocrx_word' id='word_1_171' title='bbox 1662 615 1717 634; x_wconf 92' lang='lat' dir='ltr'><strong>non</strong></span> 
     </span>
    </p>
   </div>
   <div class='ocr_carea' id='block_1_26' title="bbox 937 648 1718 686">
    <p class='ocr_par' dir='ltr' id='par_1_26' title="bbox 937 648 1718 686">
     <span class='ocr_line' id='line_1_26' title="bbox 937 648 1718 686; baseline 0.006 -12"><span class='ocrx_word' id='word_1_172' title='bbox 937 648 1019 675; x_wconf 91' lang='lat' dir='ltr'><strong>modo</strong></span> <span class='ocrx_word' id='word_1_173' title='bbox 1041 648 1174 677; x_wconf 83' lang='lat' dir='ltr'><strong>abstinuit</strong></span> <span class='ocrx_word' id='word_1_174' title='bbox 1192 649 1342 683; x_wconf 73' lang='lat' dir='ltr'><strong>discipulus</strong></span> <span class='ocrx_word' id='word_1_175' title='bbox 1366 649 1411 676; x_wconf 72' lang='lat' dir='ltr'><strong>ille</strong></span> <span class='ocrx_word' id='word_1_176' title='bbox 1426 670 1432 682; x_wconf 92' lang='lat'><strong>,</strong></span> <span class='ocrx_word' id='word_1_177' title='bbox 1452 651 1500 678; x_wconf 86' lang='lat' dir='ltr'><strong>sed</strong></span> <span class='ocrx_word' id='word_1_178' title='bbox 1524 651 1632 679; x_wconf 83' lang='lat' dir='ltr'><strong>veniam</strong></span> <span class='ocrx_word' id='word_1_179' title='bbox 1648 659 1718 686; x_wconf 86' lang='lat' dir='ltr'><strong>quo-</strong></span> 
     </span>
    </p>
   </div>
   <div class='ocr_carea' id='block_1_27' title="bbox 936 695 1669 732">
    <p class='ocr_par' dir='ltr' id='par_1_27' title="bbox 936 695 1669 732">
     <span class='ocr_line' id='line_1_27' title="bbox 936 695 1669 732; baseline 0.005 -12"><span class='ocrx_word' id='word_1_180' title='bbox 936 701 989 728; x_wconf 89' lang='lat' dir='ltr'><strong>que</strong></span> <span class='ocrx_word' id='word_1_181' title='bbox 1004 695 1233 729; x_wconf 70' lang='lat' dir='ltr'><strong>concupiscentia:</strong></span> <span class='ocrx_word' id='word_1_182' title='bbox 1250 703 1306 722; x_wconf 57' lang='lat' dir='ltr'><strong>suae</strong></span> <span class='ocrx_word' id='word_1_183' title='bbox 1319 695 1391 722; x_wconf 90' lang='lat' dir='ltr'><strong>illico</strong></span> <span class='ocrx_word' id='word_1_184' title='bbox 1406 697 1495 730; x_wconf 82' lang='lat' dir='ltr'><strong>petiit,</strong></span> <span class='ocrx_word' id='word_1_185' title='bbox 1511 702 1538 724; x_wconf 89' lang='lat' dir='ltr'><strong>et</strong></span> <span class='ocrx_word' id='word_1_186' title='bbox 1552 697 1669 732; x_wconf 81' lang='lat' dir='ltr'><strong>accepit.</strong></span> 
     </span>
    </p>
   </div>
   <div class='ocr_carea' id='block_1_28' title="bbox 87 738 1549 778">
    <p class='ocr_par' dir='ltr' id='par_1_28' title="bbox 87 738 1549 778">
     <span class='ocr_line' id='line_1_28' title="bbox 87 738 1549 778; baseline 0.005 -13"><span class='ocrx_word' id='word_1_187' title='bbox 87 770 90 773; x_wconf 33' lang='lat'>.</span> <span class='ocrx_word' id='word_1_188' title='bbox 99 739 223 774; x_wconf 78' lang='grc' dir='ltr'>μαθητὴν</span> <span class='ocrx_word' id='word_1_189' title='bbox 232 738 462 774; x_wconf 54' lang='grc' dir='ltr'>ςοῦκὰπῡσχέσθαι</span> <span class='ocrx_word' id='word_1_190' title='bbox 475 741 702 777; x_wconf 47' lang='lat' dir='ltr'><strong>rimamini-mi</strong></span> <span class='ocrx_word' id='word_1_191' title='bbox 717 740 882 776; x_wconf 80' lang='grc' dir='ltr'>συγγνώμην</span> <span class='ocrx_word' id='word_1_192' title='bbox 897 740 977 772; x_wconf 67' lang='grc' dir='ltr'>εὐθὺς</span> <span class='ocrx_word' id='word_1_193' title='bbox 988 742 1097 776; x_wconf 74' lang='grc' dir='ltr'>αἰτῆσαι</span> <span class='ocrx_word' id='word_1_194' title='bbox 1109 742 1156 769; x_wconf 81' lang='grc' dir='ltr'>τοῦ</span> <span class='ocrx_word' id='word_1_195' title='bbox 1174 743 1364 778; x_wconf 60' lang='grc' dir='ltr'>ἐνθυμήματος</span> <span class='ocrx_word' id='word_1_196' title='bbox 1380 746 1427 772; x_wconf 71' lang='grc' dir='ltr'>καὶ</span> <span class='ocrx_word' id='word_1_197' title='bbox 1447 745 1549 772; x_wconf 75' lang='grc' dir='ltr'>λαῦεῖν.</span> 
     </span>
    </p>
   </div>
   <div class='ocr_carea' id='block_1_29' title="bbox 815 799 1000 828">
    <p class='ocr_par' dir='ltr' id='par_1_29' title="bbox 815 799 1000 828">
     <span class='ocr_line' id='line_1_29' title="bbox 815 799 1000 828; baseline 0 0"><span class='ocrx_word' id='word_1_198' title='bbox 815 799 927 828; x_wconf 82' lang='lat' dir='ltr'><strong>CAPUT</strong></span> <span class='ocrx_word' id='word_1_199' title='bbox 941 800 1000 828; x_wconf 84' lang='grc' dir='ltr'><strong>ΧΠ.</strong></span> 
     </span>
    </p>
   </div>
   <div class='ocr_carea' id='block_1_30' title="bbox 292 857 1523 894">
    <p class='ocr_par' dir='ltr' id='par_1_30' title="bbox 292 857 1523 894">
     <span class='ocr_line' id='line_1_30' title="bbox 292 857 1523 894; baseline 0.006 -11"><span class='ocrx_word' id='word_1_200' title='bbox 292 857 494 886; x_wconf 70' lang='lat' dir='ltr'><strong>Jlonasterium</strong></span> <span class='ocrx_word' id='word_1_201' title='bbox 522 860 635 886; x_wconf 75' lang='lat' dir='ltr'><strong>monitus</strong></span> <span class='ocrx_word' id='word_1_202' title='bbox 658 869 673 887; x_wconf 81' lang='grc' dir='ltr'><strong>α</strong></span> <span class='ocrx_word' id='word_1_203' title='bbox 701 859 753 886; x_wconf 73' lang='grc' dir='ltr'><strong>υτο</strong></span> <span class='ocrx_word' id='word_1_204' title='bbox 773 860 1003 892; x_wconf 60' lang='grc' dir='ltr'>εαανιιὶιειιηιιιιυι</span> <span class='ocrx_word' id='word_1_205' title='bbox 1017 860 1133 894; x_wconf 76' lang='lat' dir='ltr'><strong>impetrat</strong></span> <span class='ocrx_word' id='word_1_206' title='bbox 1160 869 1190 887; x_wconf 85' lang='lat' dir='ltr'><strong>ac</strong></span> <span class='ocrx_word' id='word_1_207' title='bbox 1212 861 1355 888; x_wconf 77' lang='lat' dir='ltr'><strong>diutissime</strong></span> <span class='ocrx_word' id='word_1_208' title='bbox 1379 866 1523 890; x_wconf 71' lang='lat' dir='ltr'><strong>conservat.</strong></span> 
     </span>
    </p>
   </div>
   <div class='ocr_carea' id='block_1_31' title="bbox 120 915 874 960">
    <p class='ocr_par' dir='ltr' id='par_1_31' title="bbox 120 915 874 954">
     <span class='ocr_line' id='line_1_31' title="bbox 120 915 874 954; baseline 0.003 -13"><span class='ocrx_word' id='word_1_209' title='bbox 120 916 185 950; x_wconf 61' lang='grc' dir='ltr'><strong>ιβ’.</strong></span> <span class='ocrx_word' id='word_1_210' title='bbox 202 916 242 942; x_wconf 80' lang='grc' dir='ltr'>Τὸ</span> <span class='ocrx_word' id='word_1_211' title='bbox 261 916 351 951; x_wconf 81' lang='grc' dir='ltr'>μέντοι</span> <span class='ocrx_word' id='word_1_212' title='bbox 365 917 437 952; x_wconf 76' lang='grc' dir='ltr'>ὅρος,</span> <span class='ocrx_word' id='word_1_213' title='bbox 453 918 482 944; x_wconf 79' lang='grc' dir='ltr'>ἐν</span> <span class='ocrx_word' id='word_1_214' title='bbox 501 915 523 952; x_wconf 82' lang='grc' dir='ltr'><strong>ᾧ</strong></span> <span class='ocrx_word' id='word_1_215' title='bbox 541 918 591 954; x_wconf 85' lang='grc' dir='ltr'>τὴν</span> <span class='ocrx_word' id='word_1_216' title='bbox 609 919 719 954; x_wconf 85' lang='grc' dir='ltr'>ἀγωγὴν</span> <span class='ocrx_word' id='word_1_217' title='bbox 738 920 751 945; x_wconf 81' lang='grc' dir='ltr'><strong>ὁ</strong></span> <span class='ocrx_word' id='word_1_218' title='bbox 767 918 874 953; x_wconf 62' lang='grc' dir='ltr'>Συμεὼν</span> 
     </span>
    </p>
   </div>
   <div class='ocr_carea' id='block_1_32' title="bbox 927 915 1714 960">
    <p class='ocr_par' dir='ltr' id='par_1_32' title="bbox 968 919 1714 960">
     <span class='ocr_line' id='line_1_32' title="bbox 968 919 1714 960; baseline 0.011 -15"><span class='ocrx_word' id='word_1_219' title='bbox 968 919 1011 945; x_wconf 68' lang='grc'><strong>92.</strong></span> <span class='ocrx_word' id='word_1_220' title='bbox 1043 919 1179 946; x_wconf 82' lang='lat' dir='ltr'><strong>C:eterum</strong></span> <span class='ocrx_word' id='word_1_221' title='bbox 1201 929 1288 948; x_wconf 61' lang='lat' dir='ltr'><strong>rmons</strong></span> <span class='ocrx_word' id='word_1_222' title='bbox 1317 921 1343 948; x_wconf 87' lang='lat' dir='ltr'><strong>in</strong></span> <span class='ocrx_word' id='word_1_223' title='bbox 1359 929 1413 956; x_wconf 90' lang='lat' dir='ltr'><strong>quo</strong></span> <span class='ocrx_word' id='word_1_224' title='bbox 1444 923 1561 958; x_wconf 82' lang='lat' dir='ltr'><strong>Symeon</strong></span> <span class='ocrx_word' id='word_1_225' title='bbox 1589 925 1714 960; x_wconf 78' lang='lat' dir='ltr'><strong>degebat,</strong></span> 
     </span>
    </p>
   </div>
   <div class='ocr_carea' id='block_1_33' title="bbox 87 961 880 1000">
    <p class='ocr_par' dir='ltr' id='par_1_33' title="bbox 87 961 880 1000">
     <span class='ocr_line' id='line_1_33' title="bbox 87 961 880 1000; baseline 0.005 -13"><span class='ocrx_word' id='word_1_226' title='bbox 87 963 224 994; x_wconf 72' lang='grc' dir='ltr'>ιὲποιεῖτο,</span> <span class='ocrx_word' id='word_1_227' title='bbox 237 962 339 998; x_wconf 80' lang='grc' dir='ltr'>ἔρημος</span> <span class='ocrx_word' id='word_1_228' title='bbox 353 961 386 999; x_wconf 85' lang='grc' dir='ltr'>ἦν</span> <span class='ocrx_word' id='word_1_229' title='bbox 399 964 529 1000; x_wconf 82' lang='grc' dir='ltr'>ἁτεχνῷς,</span> <span class='ocrx_word' id='word_1_230' title='bbox 544 966 593 1000; x_wconf 85' lang='grc' dir='ltr'>οὐχ</span> <span class='ocrx_word' id='word_1_231' title='bbox 608 964 718 996; x_wconf 74' lang='grc' dir='ltr'>ὓδατος,</span> <span class='ocrx_word' id='word_1_232' title='bbox 739 966 787 991; x_wconf 70' lang='grc' dir='ltr'><strong>οὐκ</strong></span> <span class='ocrx_word' id='word_1_233' title='bbox 802 965 880 992; x_wconf 80' lang='grc' dir='ltr'>ἄλλου</span> 
     </span>
    </p>
   </div>
   <div class='ocr_carea' id='block_1_34' title="bbox 86 1009 880 1048">
    <p class='ocr_par' dir='ltr' id='par_1_34' title="bbox 86 1009 880 1048">
     <span class='ocr_line' id='line_1_34' title="bbox 86 1009 880 1048; baseline 0.008 -15"><span class='ocrx_word' id='word_1_234' title='bbox 86 1009 166 1048; x_wconf 46' lang='grc' dir='ltr'>Ἱερὰς</span> <span class='ocrx_word' id='word_1_235' title='bbox 181 1009 214 1035; x_wconf 81' lang='grc' dir='ltr'>τὰ</span> <span class='ocrx_word' id='word_1_236' title='bbox 231 1009 366 1044; x_wconf 80' lang='grc' dir='ltr'>ἀναγκαῖά</span> <span class='ocrx_word' id='word_1_237' title='bbox 387 1018 458 1042; x_wconf 88' lang='grc' dir='ltr'>τινος</span> <span class='ocrx_word' id='word_1_238' title='bbox 474 1011 617 1046; x_wconf 79' lang='grc' dir='ltr'>εὐποροῦν,</span> <span class='ocrx_word' id='word_1_239' title='bbox 632 1012 672 1038; x_wconf 79' lang='grc' dir='ltr'>ὅτι</span> <span class='ocrx_word' id='word_1_240' title='bbox 688 1012 726 1047; x_wconf 85' lang='grc' dir='ltr'>μὴ</span> <span class='ocrx_word' id='word_1_241' title='bbox 749 1012 880 1047; x_wconf 75' lang='grc' dir='ltr'>καλύϐης,</span> 
     </span>
    </p>
   </div>
   <div class='ocr_carea' id='block_1_35' title="bbox 97 1054 881 1092">
    <p class='ocr_par' dir='ltr' id='par_1_35' title="bbox 97 1054 881 1092">
     <span class='ocr_line' id='line_1_35' title="bbox 97 1054 881 1092; baseline 0.005 -12"><span class='ocrx_word' id='word_1_242' title='bbox 97 1055 144 1080; x_wconf 78' lang='grc' dir='ltr'>καὶ</span> <span class='ocrx_word' id='word_1_243' title='bbox 168 1054 268 1089; x_wconf 78' lang='grc' dir='ltr'><strong>ταύτης</strong></span> <span class='ocrx_word' id='word_1_244' title='bbox 290 1055 364 1089; x_wconf 79' lang='grc' dir='ltr'>μιᾶς,</span> <span class='ocrx_word' id='word_1_245' title='bbox 383 1055 418 1090; x_wconf 80' lang='grc' dir='ltr'>ἢν</span> <span class='ocrx_word' id='word_1_246' title='bbox 444 1057 469 1082; x_wconf 75' lang='grc' dir='ltr'>οἰ</span> <span class='ocrx_word' id='word_1_247' title='bbox 492 1057 613 1091; x_wconf 75' lang='grc' dir='ltr'>μαθηταὶ</span> <span class='ocrx_word' id='word_1_248' title='bbox 638 1057 750 1092; x_wconf 78' lang='grc' dir='ltr'>μετρίαν</span> <span class='ocrx_word' id='word_1_249' title='bbox 774 1058 881 1089; x_wconf 76' lang='grc' dir='ltr'>ἑαυτοῖς</span> 
     </span>
    </p>
   </div>
   <div class='ocr_carea' id='block_1_36' title="bbox 87 1099 881 1138">
    <p class='ocr_par' dir='ltr' id='par_1_36' title="bbox 87 1099 881 1138">
     <span class='ocr_line' id='line_1_36' title="bbox 87 1099 881 1138; baseline 0.005 -13"><span class='ocrx_word' id='word_1_250' title='bbox 87 1099 230 1134; x_wconf 70' lang='grc' dir='ltr'>,ἐπήξαντο</span> <span class='ocrx_word' id='word_1_251' title='bbox 261 1100 382 1135; x_wconf 76' lang='grc' dir='ltr'>σκέπην·</span> <span class='ocrx_word' id='word_1_252' title='bbox 409 1101 488 1133; x_wconf 79' lang='grc' dir='ltr'>αὐτὸς</span> <span class='ocrx_word' id='word_1_253' title='bbox 509 1102 563 1137; x_wconf 83' lang='grc' dir='ltr'>γὰρ</span> <span class='ocrx_word' id='word_1_254' title='bbox 584 1102 630 1128; x_wconf 76' lang='grc' dir='ltr'><strong>ἐπὶ</strong></span> <span class='ocrx_word' id='word_1_255' title='bbox 645 1103 695 1137; x_wconf 81' lang='grc' dir='ltr'>τῆς</span> <span class='ocrx_word' id='word_1_256' title='bbox 715 1103 827 1138; x_wconf 81' lang='grc' dir='ltr'>πέτρας,</span> <span class='ocrx_word' id='word_1_257' title='bbox 843 1104 881 1135; x_wconf 88' lang='grc' dir='ltr'><strong>ὼς</strong></span> 
     </span>
    </p>
   </div>
   <div class='ocr_carea' id='block_1_37' title="bbox 96 1143 882 1184">
    <p class='ocr_par' dir='ltr' id='par_1_37' title="bbox 96 1143 882 1184">
     <span class='ocr_line' id='line_1_37' title="bbox 96 1143 882 1184; baseline 0.009 -16"><span class='ocrx_word' id='word_1_258' title='bbox 96 1143 218 1178; x_wconf 73' lang='grc' dir='ltr'>ἐμνήσθη</span> <span class='ocrx_word' id='word_1_259' title='bbox 224 1152 284 1178; x_wconf 82' lang='grc' dir='ltr'>μεν,</span> <span class='ocrx_word' id='word_1_260' title='bbox 294 1145 322 1170; x_wconf 86' lang='grc' dir='ltr'><strong>ὲν</strong></span> <span class='ocrx_word' id='word_1_261' title='bbox 331 1144 458 1180; x_wconf 75' lang='grc' dir='ltr'>ὑπαίθρῳ</span> <span class='ocrx_word' id='word_1_262' title='bbox 466 1146 600 1180; x_wconf 73' lang='grc' dir='ltr'>εἱστήκει,</span> <span class='ocrx_word' id='word_1_263' title='bbox 611 1146 779 1182; x_wconf 78' lang='grc' dir='ltr'>δερματίνην</span> <span class='ocrx_word' id='word_1_264' title='bbox 788 1149 882 1184; x_wconf 78' lang='grc' dir='ltr'>μηλω-</span> 
     </span>
    </p>
   </div>
   <div class='ocr_carea' id='block_1_38' title="bbox 86 1189 882 1230">
    <p class='ocr_par' dir='ltr' id='par_1_38' title="bbox 86 1189 882 1230">
     <span class='ocr_line' id='line_1_38' title="bbox 86 1189 882 1230; baseline 0.01 -16"><span class='ocrx_word' id='word_1_265' title='bbox 86 1189 145 1224; x_wconf 79' lang='grc' dir='ltr'>.τὴν</span> <span class='ocrx_word' id='word_1_266' title='bbox 153 1191 263 1224; x_wconf 81' lang='grc' dir='ltr'>περικεί</span> <span class='ocrx_word' id='word_1_267' title='bbox 265 1200 298 1225; x_wconf 88' lang='grc' dir='ltr'><strong>με</strong></span> <span class='ocrx_word' id='word_1_268' title='bbox 304 1200 356 1222; x_wconf 71' lang='grc' dir='ltr'>νος.</span> <span class='ocrx_word' id='word_1_269' title='bbox 365 1191 442 1218; x_wconf 76' lang='grc' dir='ltr'>Ἐπεὶ</span> <span class='ocrx_word' id='word_1_270' title='bbox 447 1192 476 1219; x_wconf 81' lang='grc' dir='ltr'><strong>δὲ</strong></span> <span class='ocrx_word' id='word_1_271' title='bbox 486 1193 572 1219; x_wconf 79' lang='grc' dir='ltr'>πολλὰ</span> <span class='ocrx_word' id='word_1_272' title='bbox 578 1193 882 1230; x_wconf 70' lang='grc' dir='ltr'>πανταχόθενσυνέρρει</span> 
     </span>
    </p>
   </div>
   <div class='ocr_carea' id='block_1_39' title="bbox 95 1231 880 1274">
    <p class='ocr_par' dir='ltr' id='par_1_39' title="bbox 95 1231 880 1274">
     <span class='ocr_line' id='line_1_39' title="bbox 95 1231 880 1274; baseline 0.01 -18"><span class='ocrx_word' id='word_1_273' title='bbox 95 1231 164 1265; x_wconf 82' lang='grc' dir='ltr'>πρὸς</span> <span class='ocrx_word' id='word_1_274' title='bbox 187 1232 268 1258; x_wconf 73' lang='grc' dir='ltr'>αὐτὸν</span> <span class='ocrx_word' id='word_1_275' title='bbox 291 1233 420 1260; x_wconf 74' lang='grc' dir='ltr'>ἑκάστοτε</span> <span class='ocrx_word' id='word_1_276' title='bbox 437 1235 537 1269; x_wconf 78' lang='grc' dir='ltr'>πλήθη,</span> <span class='ocrx_word' id='word_1_277' title='bbox 555 1236 586 1262; x_wconf 83' lang='grc' dir='ltr'><strong>οὺ</strong></span> <span class='ocrx_word' id='word_1_278' title='bbox 603 1237 738 1272; x_wconf 81' lang='grc' dir='ltr'>πνεύμασι</span> <span class='ocrx_word' id='word_1_279' title='bbox 753 1240 880 1274; x_wconf 78' lang='grc' dir='ltr'>πονηροῖς</span> 
     </span>
    </p>
   </div>
   <div class='ocr_carea' id='block_1_40' title="bbox 96 1277 880 1314">
    <p class='ocr_par' dir='ltr' id='par_1_40' title="bbox 96 1277 880 1314">
     <span class='ocr_line' id='line_1_40' title="bbox 96 1277 880 1314; baseline 0.01 -13"><span class='ocrx_word' id='word_1_280' title='bbox 96 1277 186 1310; x_wconf 83' lang='grc' dir='ltr'>μόνον,</span> <span class='ocrx_word' id='word_1_281' title='bbox 214 1277 281 1304; x_wconf 79' lang='grc' dir='ltr'>ἀλλὰ</span> <span class='ocrx_word' id='word_1_282' title='bbox 304 1279 351 1304; x_wconf 78' lang='grc' dir='ltr'><strong>καὶ</strong></span> <span class='ocrx_word' id='word_1_283' title='bbox 369 1279 550 1312; x_wconf 72' lang='grc' dir='ltr'>παντοδαποῖς</span> <span class='ocrx_word' id='word_1_284' title='bbox 569 1280 694 1314; x_wconf 84' lang='grc' dir='ltr'>σώματος</span> <span class='ocrx_word' id='word_1_285' title='bbox 719 1282 817 1309; x_wconf 83' lang='grc' dir='ltr'>πάθεσι</span> <span class='ocrx_word' id='word_1_286' title='bbox 832 1283 880 1309; x_wconf 83' lang='grc' dir='ltr'>καὶ</span> 
     </span>
    </p>
   </div>
   <div class='ocr_carea' id='block_1_41' title="bbox 93 1321 878 1363">
    <p class='ocr_par' dir='ltr' id='par_1_41' title="bbox 93 1321 878 1363">
     <span class='ocr_line' id='line_1_41' title="bbox 93 1321 878 1363; baseline 0.01 -16"><span class='ocrx_word' id='word_1_287' title='bbox 93 1321 181 1353; x_wconf 84' lang='grc' dir='ltr'>νόσοις</span> <span class='ocrx_word' id='word_1_288' title='bbox 194 1323 418 1358; x_wconf 71' lang='grc' dir='ltr'><strong>κατειλημμένων</strong></span> <span class='ocrx_word' id='word_1_289' title='bbox 435 1325 536 1360; x_wconf 80' lang='grc' dir='ltr'>(ἐπίεζε</span> <span class='ocrx_word' id='word_1_290' title='bbox 551 1326 578 1352; x_wconf 82' lang='grc' dir='ltr'><strong>δὲ</strong></span> <span class='ocrx_word' id='word_1_291' title='bbox 596 1327 693 1360; x_wconf 79' lang='grc' dir='ltr'>αὐτοὺς</span> <span class='ocrx_word' id='word_1_292' title='bbox 709 1329 726 1363; x_wconf 78' lang='grc' dir='ltr'>ἥ</span> <span class='ocrx_word' id='word_1_293' title='bbox 740 1337 769 1354; x_wconf 89' lang='grc' dir='ltr'><strong>τε</strong></span> <span class='ocrx_word' id='word_1_294' title='bbox 783 1328 878 1362; x_wconf 67' lang='grc' dir='ltr'>ἄφιλος</span> 
     </span>
    </p>
   </div>
   <div class='ocr_carea' id='block_1_42' title="bbox 93 1366 878 1410">
    <p class='ocr_par' dir='ltr' id='par_1_42' title="bbox 93 1366 878 1410">
     <span class='ocr_line' id='line_1_42' title="bbox 93 1366 878 1410; baseline 0.014 -19"><span class='ocrx_word' id='word_1_295' title='bbox 93 1366 206 1399; x_wconf 79' lang='grc' dir='ltr'>ἐρημία,</span> <span class='ocrx_word' id='word_1_296' title='bbox 223 1368 296 1403; x_wconf 80' lang='grc' dir='ltr'>καὶὴ</span> <span class='ocrx_word' id='word_1_297' title='bbox 315 1368 367 1394; x_wconf 83' lang='grc' dir='ltr'>τῶν</span> <span class='ocrx_word' id='word_1_298' title='bbox 377 1370 528 1404; x_wconf 81' lang='grc' dir='ltr'>ἀναγκαίων</span> <span class='ocrx_word' id='word_1_299' title='bbox 540 1371 637 1404; x_wconf 79' lang='grc' dir='ltr'>ἔνδεια,</span> <span class='ocrx_word' id='word_1_300' title='bbox 653 1374 700 1399; x_wconf 72' lang='grc' dir='ltr'><strong>καὶ</strong></span> <span class='ocrx_word' id='word_1_301' title='bbox 714 1374 744 1400; x_wconf 87' lang='grc' dir='ltr'>τὺ</span> <span class='ocrx_word' id='word_1_302' title='bbox 758 1375 878 1410; x_wconf 72' lang='grc' dir='ltr'>ἐσχάτως</span> 
     </span>
    </p>
   </div>
   <div class='ocr_carea' id='block_1_43' title="bbox 85 1411 878 1456">
    <p class='ocr_par' dir='ltr' id='par_1_43' title="bbox 85 1411 878 1456">
     <span class='ocr_line' id='line_1_43' title="bbox 85 1411 878 1456; baseline 0.014 -19"><span class='ocrx_word' id='word_1_303' title='bbox 85 1411 206 1447; x_wconf 57' lang='grc' dir='ltr'>ἄνυδρόν</span> <span class='ocrx_word' id='word_1_304' title='bbox 229 1422 258 1440; x_wconf 85' lang='grc' dir='ltr'><strong>τε</strong></span> <span class='ocrx_word' id='word_1_305' title='bbox 280 1415 326 1440; x_wconf 64' lang='grc' dir='ltr'><strong>καὶ¹</strong></span> <span class='ocrx_word' id='word_1_306' title='bbox 337 1415 473 1450; x_wconf 78' lang='grc' dir='ltr'>ἄστεγον),</span> <span class='ocrx_word' id='word_1_307' title='bbox 490 1418 503 1443; x_wconf 82' lang='grc' dir='ltr'><em>ὸ</em></span> <span class='ocrx_word' id='word_1_308' title='bbox 518 1419 606 1450; x_wconf 67' lang='grc' dir='ltr'>κοινὸς</span> <span class='ocrx_word' id='word_1_309' title='bbox 626 1419 673 1445; x_wconf 75' lang='grc' dir='ltr'><strong>καὶ</strong></span> <span class='ocrx_word' id='word_1_310' title='bbox 688 1420 878 1456; x_wconf 81' lang='grc' dir='ltr'>φιλάνθρωπος</span> 
     </span>
    </p>
   </div>
   <div class='ocr_carea' id='block_1_44' title="bbox 86 1458 875 1504">
    <p class='ocr_par' dir='ltr' id='par_1_44' title="bbox 86 1458 875 1504">
     <span class='ocr_line' id='line_1_44' title="bbox 86 1458 875 1504; baseline 0.014 -20"><span class='ocrx_word' id='word_1_311' title='bbox 86 1458 219 1486; x_wconf 69' lang='grc' dir='ltr'>ἁπάντων</span> <span class='ocrx_word' id='word_1_312' title='bbox 246 1461 363 1496; x_wconf 85' lang='grc' dir='ltr'>Ποιητὴς</span> <span class='ocrx_word' id='word_1_313' title='bbox 389 1463 435 1489; x_wconf 73' lang='grc' dir='ltr'>καὶ</span> <span class='ocrx_word' id='word_1_314' title='bbox 464 1464 557 1500; x_wconf 83' lang='grc' dir='ltr'>Πατὴρ</span> <span class='ocrx_word' id='word_1_315' title='bbox 579 1467 626 1492; x_wconf 73' lang='grc' dir='ltr'><strong>καὶ</strong></span> <span class='ocrx_word' id='word_1_316' title='bbox 647 1467 795 1502; x_wconf 82' lang='grc' dir='ltr'><strong>Δεσπότης,</strong></span> <span class='ocrx_word' id='word_1_317' title='bbox 813 1469 827 1494; x_wconf 85' lang='grc' dir='ltr'>ὁ</span> <span class='ocrx_word' id='word_1_318' title='bbox 842 1470 875 1504; x_wconf 84' lang='grc' dir='ltr'>τῇ</span> 
     </span>
    </p>
   </div>
   <div class='ocr_carea' id='block_1_45' title="bbox 93 1502 876 1548">
    <p class='ocr_par' dir='ltr' id='par_1_45' title="bbox 93 1502 876 1548">
     <span class='ocr_line' id='line_1_45' title="bbox 93 1502 876 1548; baseline 0.015 -20"><span class='ocrx_word' id='word_1_319' title='bbox 93 1502 165 1537; x_wconf 75' lang='grc' dir='ltr'>ἰσχύϊ</span> <span class='ocrx_word' id='word_1_320' title='bbox 182 1504 262 1531; x_wconf 80' lang='grc' dir='ltr'>αὐτοῦ</span> <span class='ocrx_word' id='word_1_321' title='bbox 284 1507 318 1541; x_wconf 82' lang='grc' dir='ltr'>τῇ</span> <span class='ocrx_word' id='word_1_322' title='bbox 341 1507 456 1543; x_wconf 82' lang='grc' dir='ltr'>μεγάλῃ,</span> <span class='ocrx_word' id='word_1_323' title='bbox 473 1509 519 1535; x_wconf 78' lang='grc' dir='ltr'>καὶ</span> <span class='ocrx_word' id='word_1_324' title='bbox 535 1509 574 1544; x_wconf 87' lang='grc' dir='ltr'>τῷ</span> <span class='ocrx_word' id='word_1_325' title='bbox 591 1510 718 1545; x_wconf 81' lang='grc' dir='ltr'>βραχίονι</span> <span class='ocrx_word' id='word_1_326' title='bbox 741 1513 823 1539; x_wconf 78' lang='grc' dir='ltr'>αὑτοῦ</span> 
     </span>
    </p>
   </div>
   <div class='ocr_carea' id='block_1_46' title="bbox 90 1548 876 1592">
    <p class='ocr_par' dir='ltr' id='par_1_46' title="bbox 90 1548 876 1592">
     <span class='ocr_line' id='line_1_46' title="bbox 90 1548 876 1592; baseline 0.015 -18"><span class='ocrx_word' id='word_1_327' title='bbox 90 1548 185 1584; x_wconf 76' lang='grc' dir='ltr'>ὑψηλῷ</span> <span class='ocrx_word' id='word_1_328' title='bbox 205 1551 293 1578; x_wconf 84' lang='grc' dir='ltr'>πάντα</span> <span class='ocrx_word' id='word_1_329' title='bbox 308 1553 404 1584; x_wconf 84' lang='grc' dir='ltr'>ποιῶν,</span> <span class='ocrx_word' id='word_1_330' title='bbox 416 1554 429 1580; x_wconf 79' lang='grc' dir='ltr'>ὁ</span> <span class='ocrx_word' id='word_1_331' title='bbox 448 1554 533 1588; x_wconf 84' lang='grc' dir='ltr'>μέγας</span> <span class='ocrx_word' id='word_1_332' title='bbox 547 1556 579 1591; x_wconf 83' lang='grc' dir='ltr'>τῇ</span> <span class='ocrx_word' id='word_1_333' title='bbox 597 1556 677 1592; x_wconf 82' lang='grc' dir='ltr'>βουλῇ</span> <span class='ocrx_word' id='word_1_334' title='bbox 701 1558 747 1584; x_wconf 76' lang='grc' dir='ltr'>καὶ</span> <span class='ocrx_word' id='word_1_335' title='bbox 762 1557 876 1591; x_wconf 79' lang='grc' dir='ltr'>δυνατὸς</span> 
     </span>
    </p>
   </div>
   <div class='ocr_carea' id='block_1_47' title="bbox 90 1595 876 1639">
    <p class='ocr_par' dir='ltr' id='par_1_47' title="bbox 90 1595 876 1639">
     <span class='ocr_line' id='line_1_47' title="bbox 90 1595 876 1639; baseline 0.015 -20"><span class='ocrx_word' id='word_1_336' title='bbox 90 1595 145 1625; x_wconf 73' lang='grc' dir='ltr'>τοῖς</span> <span class='ocrx_word' id='word_1_337' title='bbox 169 1595 269 1629; x_wconf 78' lang='grc' dir='ltr'>ἔργοις,</span> <span class='ocrx_word' id='word_1_338' title='bbox 285 1597 299 1623; x_wconf 82' lang='grc' dir='ltr'><strong>ὸ</strong></span> <span class='ocrx_word' id='word_1_339' title='bbox 318 1597 395 1629; x_wconf 81' lang='grc' dir='ltr'><strong>είόὼς</strong></span> <span class='ocrx_word' id='word_1_340' title='bbox 417 1596 454 1625; x_wconf 78' lang='grc' dir='ltr'>ὧν</span> <span class='ocrx_word' id='word_1_341' title='bbox 475 1600 570 1635; x_wconf 78' lang='grc' dir='ltr'>χρείαν</span> <span class='ocrx_word' id='word_1_342' title='bbox 585 1600 693 1636; x_wconf 80' lang='grc' dir='ltr'>ἔχομεν,</span> <span class='ocrx_word' id='word_1_343' title='bbox 716 1603 764 1630; x_wconf 78' lang='grc' dir='ltr'>καὶ</span> <span class='ocrx_word' id='word_1_344' title='bbox 783 1604 828 1639; x_wconf 77' lang='grc' dir='ltr'><strong>ἀφ’</strong></span> <span class='ocrx_word' id='word_1_345' title='bbox 845 1601 876 1631; x_wconf 74' lang='grc' dir='ltr'>οὗ</span> 
     </span>
    </p>
   </div>
   <div class='ocr_carea' id='block_1_48' title="bbox 90 1640 877 1683">
    <p class='ocr_par' dir='ltr' id='par_1_48' title="bbox 90 1640 877 1683">
     <span class='ocr_line' id='line_1_48' title="bbox 90 1640 877 1683; baseline 0.013 -18"><span class='ocrx_word' id='word_1_346' title='bbox 90 1640 311 1675; x_wconf 78' lang='grc' dir='ltr'>ἁποκρυϐἡσεται</span> <span class='ocrx_word' id='word_1_347' title='bbox 336 1642 422 1674; x_wconf 71' lang='grc' dir='ltr'>οὐδὲν,</span> <span class='ocrx_word' id='word_1_348' title='bbox 446 1640 522 1675; x_wconf 74' lang='grc' dir='ltr'>οὗτος</span> <span class='ocrx_word' id='word_1_349' title='bbox 553 1646 600 1671; x_wconf 76' lang='grc' dir='ltr'>καὶ</span> <span class='ocrx_word' id='word_1_350' title='bbox 624 1646 671 1671; x_wconf 78' lang='grc' dir='ltr'>νῦν</span> <span class='ocrx_word' id='word_1_351' title='bbox 700 1647 739 1682; x_wconf 83' lang='grc' dir='ltr'>τῷ</span> <span class='ocrx_word' id='word_1_352' title='bbox 765 1648 877 1683; x_wconf 84' lang='grc' dir='ltr'>Συμεὼν</span> 
     </span>
    </p>
   </div>
   <div class='ocr_carea' id='block_1_49' title="bbox 91 1685 877 1728">
    <p class='ocr_par' dir='ltr' id='par_1_49' title="bbox 91 1685 877 1728">
     <span class='ocr_line' id='line_1_49' title="bbox 91 1685 877 1728; baseline 0.013 -18"><span class='ocrx_word' id='word_1_353' title='bbox 91 1685 250 1718; x_wconf 78' lang='grc' dir='ltr'><strong>παραδόξως</strong></span> <span class='ocrx_word' id='word_1_354' title='bbox 265 1686 367 1720; x_wconf 71' lang='grc' dir='ltr'>ὀφθείςε</span> <span class='ocrx_word' id='word_1_355' title='bbox 386 1687 441 1722; x_wconf 77' lang='grc' dir='ltr'>Οὐχ</span> <span class='ocrx_word' id='word_1_356' title='bbox 460 1687 525 1724; x_wconf 78' lang='grc' dir='ltr'>ὁρᾷς</span> <span class='ocrx_word' id='word_1_357' title='bbox 540 1689 587 1724; x_wconf 83' lang='grc' dir='ltr'><strong>τὴν</strong></span> <span class='ocrx_word' id='word_1_358' title='bbox 603 1690 763 1726; x_wconf 77' lang='grc' dir='ltr'>ὀλιγόψυχον</span> <span class='ocrx_word' id='word_1_359' title='bbox 776 1693 877 1728; x_wconf 81' lang='grc' dir='ltr'>ταύτην</span> 
     </span>
    </p>
   </div>
   <div class='ocr_carea' id='block_1_50' title="bbox 91 1730 876 1774">
    <p class='ocr_par' dir='ltr' id='par_1_50' title="bbox 91 1730 876 1774">
     <span class='ocr_line' id='line_1_50' title="bbox 91 1730 876 1774; baseline 0.014 -19"><span class='ocrx_word' id='word_1_360' title='bbox 91 1730 195 1763; x_wconf 75' lang='grc' dir='ltr'>γενεὰν,</span> <span class='ocrx_word' id='word_1_361' title='bbox 209 1731 272 1766; x_wconf 73' lang='grc' dir='ltr'>ἔφη,</span> <span class='ocrx_word' id='word_1_362' title='bbox 287 1732 360 1763; x_wconf 77' lang='grc' dir='ltr'>ὅπως</span> <span class='ocrx_word' id='word_1_363' title='bbox 371 1732 498 1765; x_wconf 81' lang='grc' dir='ltr'>ἀδύνατος</span> <span class='ocrx_word' id='word_1_364' title='bbox 511 1735 602 1767; x_wconf 80' lang='grc' dir='ltr'>αὐτοῖς</span> <span class='ocrx_word' id='word_1_365' title='bbox 615 1737 631 1769; x_wconf 82' lang='grc' dir='ltr'>ὴ</span> <span class='ocrx_word' id='word_1_366' title='bbox 647 1737 764 1764; x_wconf 72' lang='grc' dir='ltr'>ἐνταῦθα</span> <span class='ocrx_word' id='word_1_367' title='bbox 776 1738 876 1774; x_wconf 81' lang='grc' dir='ltr'>διατρι-</span> 
     </span>
    </p>
   </div>
   <div class='ocr_carea' id='block_1_51' title="bbox 81 1775 873 1820">
    <p class='ocr_par' dir='ltr' id='par_1_51' title="bbox 81 1775 873 1820">
     <span class='ocr_line' id='line_1_51' title="bbox 81 1775 873 1820; baseline 0.014 -19"><span class='ocrx_word' id='word_1_368' title='bbox 81 1775 134 1810; x_wconf 71' lang='grc' dir='ltr'><strong>ιδὴ,</strong></span> <span class='ocrx_word' id='word_1_369' title='bbox 147 1777 184 1811; x_wconf 80' lang='grc' dir='ltr'><strong>μὴ</strong></span> <span class='ocrx_word' id='word_1_370' title='bbox 192 1778 347 1813; x_wconf 67' lang='grc' dir='ltr'>προσόντων</span> <span class='ocrx_word' id='word_1_371' title='bbox 361 1779 415 1805; x_wconf 82' lang='grc' dir='ltr'><strong>τῶν</strong></span> <span class='ocrx_word' id='word_1_372' title='bbox 430 1781 499 1807; x_wconf 79' lang='grc' dir='ltr'>κατὰ</span> <span class='ocrx_word' id='word_1_373' title='bbox 512 1782 606 1817; x_wconf 80' lang='grc' dir='ltr'>χρείαν</span> <span class='ocrx_word' id='word_1_374' title='bbox 617 1792 624 1816; x_wconf 86' lang='lat'><strong>;</strong></span> <span class='ocrx_word' id='word_1_375' title='bbox 643 1783 722 1810; x_wconf 76' lang='grc' dir='ltr'>Ἀλλὰ</span> <span class='ocrx_word' id='word_1_376' title='bbox 733 1785 798 1820; x_wconf 82' lang='grc' dir='ltr'>παρ’</span> <span class='ocrx_word' id='word_1_377' title='bbox 807 1786 873 1820; x_wconf 79' lang='grc' dir='ltr'>ἐμοῦ</span> 
     </span>
    </p>
   </div>
   <div class='ocr_carea' id='block_1_52' title="bbox 87 1821 874 1865">
    <p class='ocr_par' dir='ltr' id='par_1_52' title="bbox 87 1821 874 1865">
     <span class='ocr_line' id='line_1_52' title="bbox 87 1821 874 1865; baseline 0.017 -19"><span class='ocrx_word' id='word_1_378' title='bbox 87 1821 173 1848; x_wconf 79' lang='grc' dir='ltr'>ταῦτα</span> <span class='ocrx_word' id='word_1_379' title='bbox 190 1823 237 1848; x_wconf 80' lang='grc' dir='ltr'>καὶ</span> <span class='ocrx_word' id='word_1_380' title='bbox 258 1824 333 1850; x_wconf 80' lang='grc' dir='ltr'>αὐτοὶ</span> <span class='ocrx_word' id='word_1_381' title='bbox 346 1825 574 1862; x_wconf 54' lang='grc' dir='ltr'>κομιοῦνται,-καὶ</span> <span class='ocrx_word' id='word_1_382' title='bbox 589 1829 621 1855; x_wconf 83' lang='grc' dir='ltr'><strong>σὺ</strong></span> <span class='ocrx_word' id='word_1_383' title='bbox 634 1831 802 1865; x_wconf 75' lang='grc' dir='ltr'>πραγμάτων</span> <span class='ocrx_word' id='word_1_384' title='bbox 817 1833 874 1858; x_wconf 84' lang='grc' dir='ltr'>δια-</span> 
     </span>
    </p>
   </div>
   <div class='ocr_carea' id='block_1_53' title="bbox 81 1866 339 1904">
    <p class='ocr_par' dir='ltr' id='par_1_53' title="bbox 81 1866 339 1904">
     <span class='ocr_line' id='line_1_53' title="bbox 81 1866 339 1904; baseline 0.019 -13"><span class='ocrx_word' id='word_1_385' title='bbox 81 1866 180 1900; x_wconf 66' lang='grc' dir='ltr'>μενεῖς</span> <span class='ocrx_word' id='word_1_386' title='bbox 192 1867 339 1904; x_wconf 72' lang='grc' dir='ltr'>ἐλεύθερος.</span> 
     </span>
    </p>
   </div>
   <div class='ocr_carea' id='block_1_54' title="bbox 117 1998 871 2043">
    <p class='ocr_par' dir='ltr' id='par_1_54' title="bbox 117 1998 871 2043">
     <span class='ocr_line' id='line_1_54' title="bbox 117 1998 871 2043; baseline 0.017 -20"><span class='ocrx_word' id='word_1_387' title='bbox 117 1998 173 2031; x_wconf 60' lang='grc' dir='ltr'><strong>ια’.</strong></span> <span class='ocrx_word' id='word_1_388' title='bbox 193 1999 301 2026; x_wconf 87' lang='grc' dir='ltr'>Τούτων</span> <span class='ocrx_word' id='word_1_389' title='bbox 321 2001 441 2032; x_wconf 80' lang='grc' dir='ltr'>ἀκούσας</span> <span class='ocrx_word' id='word_1_390' title='bbox 463 2003 602 2038; x_wconf 81' lang='grc' dir='ltr'>μακαρίας</span> <span class='ocrx_word' id='word_1_391' title='bbox 624 2005 709 2040; x_wconf 84' lang='grc' dir='ltr'>ἀκοῆς</span> <span class='ocrx_word' id='word_1_392' title='bbox 728 2008 835 2043; x_wconf 80' lang='grc' dir='ltr'>ἐκείνης</span> <span class='ocrx_word' id='word_1_393' title='bbox 857 2011 871 2036; x_wconf 82' lang='grc' dir='ltr'><strong><em>ὁ</em></strong></span> 
     </span>
    </p>
   </div>
   <div class='ocr_carea' id='block_1_55' title="bbox 84 2042 871 2088">
    <p class='ocr_par' dir='ltr' id='par_1_55' title="bbox 84 2042 871 2088">
     <span class='ocr_line' id='line_1_55' title="bbox 84 2042 871 2088; baseline 0.017 -21"><span class='ocrx_word' id='word_1_394' title='bbox 84 2042 205 2076; x_wconf 81' lang='grc' dir='ltr'>Συμεὼν,</span> <span class='ocrx_word' id='word_1_395' title='bbox 221 2045 270 2079; x_wconf 80' lang='grc' dir='ltr'>ὁρᾷ</span> <span class='ocrx_word' id='word_1_396' title='bbox 283 2046 362 2071; x_wconf 81' lang='grc' dir='ltr'>οἱονεί</span> <span class='ocrx_word' id='word_1_397' title='bbox 379 2055 403 2072; x_wconf 86' lang='grc' dir='ltr'><strong>τι</strong></span> <span class='ocrx_word' id='word_1_398' title='bbox 422 2047 520 2083; x_wconf 80' lang='grc' dir='ltr'>μέτρον</span> <span class='ocrx_word' id='word_1_399' title='bbox 534 2049 681 2083; x_wconf 84' lang='grc' dir='ltr'>κατέχοντα</span> <span class='ocrx_word' id='word_1_400' title='bbox 697 2053 787 2086; x_wconf 61' lang='grc' dir='ltr'>χερσὶν</span> <span class='ocrx_word' id='word_1_401' title='bbox 803 2042 871 2088; x_wconf 68' lang='grc' dir='ltr'><strong>’Ᾱγ-</strong></span> 
     </span>
    </p>
   </div>
   <div class='ocr_carea' id='block_1_56' title="bbox 82 2087 871 2132">
    <p class='ocr_par' dir='ltr' id='par_1_56' title="bbox 82 2087 871 2132">
     <span class='ocr_line' id='line_1_56' title="bbox 82 2087 871 2132; baseline 0.015 -20"><span class='ocrx_word' id='word_1_402' title='bbox 82 2087 171 2120; x_wconf 90' lang='grc' dir='ltr'>γελον,</span> <span class='ocrx_word' id='word_1_403' title='bbox 188 2089 233 2115; x_wconf 75' lang='grc' dir='ltr'><strong>καὶ</strong></span> <span class='ocrx_word' id='word_1_404' title='bbox 250 2089 283 2115; x_wconf 87' lang='grc' dir='ltr'>τὰ</span> <span class='ocrx_word' id='word_1_405' title='bbox 301 2089 348 2116; x_wconf 79' lang='grc' dir='ltr'><strong>τοῦ</strong></span> <span class='ocrx_word' id='word_1_406' title='bbox 362 2093 543 2127; x_wconf 84' lang='grc' dir='ltr'>μοναστηρίου</span> <span class='ocrx_word' id='word_1_407' title='bbox 560 2094 607 2120; x_wconf 80' lang='grc' dir='ltr'><strong>καὶ</strong></span> <span class='ocrx_word' id='word_1_408' title='bbox 623 2094 676 2120; x_wconf 84' lang='grc' dir='ltr'><strong>τῶν</strong></span> <span class='ocrx_word' id='word_1_409' title='bbox 691 2096 719 2121; x_wconf 79' lang='grc' dir='ltr'>ἐν</span> <span class='ocrx_word' id='word_1_410' title='bbox 736 2097 810 2132; x_wconf 78' lang='grc' dir='ltr'>αὐτῷ</span> <span class='ocrx_word' id='word_1_411' title='bbox 824 2106 871 2124; x_wconf 85' lang='grc' dir='ltr'>σε-</span> 
     </span>
    </p>
   </div>
   <div class='ocr_carea' id='block_1_57' title="bbox 82 2132 868 2176">
    <p class='ocr_par' dir='ltr' id='par_1_57' title="bbox 82 2132 868 2176">
     <span class='ocr_line' id='line_1_57' title="bbox 82 2132 868 2176; baseline 0.017 -19"><span class='ocrx_word' id='word_1_412' title='bbox 82 2132 206 2166; x_wconf 75' lang='grc' dir='ltr'>ϐασμίων</span> <span class='ocrx_word' id='word_1_413' title='bbox 218 2134 289 2160; x_wconf 76' lang='grc' dir='ltr'>ναῶν</span> <span class='ocrx_word' id='word_1_414' title='bbox 303 2134 513 2172; x_wconf 84' lang='grc' dir='ltr'>διαχαράττοντα</span> <span class='ocrx_word' id='word_1_415' title='bbox 527 2138 597 2175; x_wconf 79' lang='grc' dir='ltr'>ἴχνη,</span> <span class='ocrx_word' id='word_1_416' title='bbox 612 2141 725 2176; x_wconf 69' lang='grc' dir='ltr'>νειρέλην</span> <span class='ocrx_word' id='word_1_417' title='bbox 738 2151 767 2167; x_wconf 86' lang='grc' dir='ltr'><strong>τε</strong></span> <span class='ocrx_word' id='word_1_418' title='bbox 781 2143 868 2176; x_wconf 80' lang='grc' dir='ltr'>φωτὸς</span> 
     </span>
    </p>
   </div>
   <div class='ocr_carea' id='block_1_58' title="bbox 81 2177 865 2217">
    <p class='ocr_par' dir='ltr' id='par_1_58' title="bbox 81 2177 865 2217">
     <span class='ocr_line' id='line_1_58' title="bbox 81 2177 865 2217; baseline 0.018 -16"><span class='ocrx_word' id='word_1_419' title='bbox 81 2177 142 2203; x_wconf 78' lang='grc' dir='ltr'>ὅλον</span> <span class='ocrx_word' id='word_1_420' title='bbox 159 2177 188 2203; x_wconf 70' lang='grc' dir='ltr'><strong>τὸ</strong></span> <span class='ocrx_word' id='word_1_421' title='bbox 205 2178 360 2214; x_wconf 75' lang='grc' dir='ltr'>θαυμαστὸν</span> <span class='ocrx_word' id='word_1_422' title='bbox 374 2181 534 2216; x_wconf 78' lang='grc' dir='ltr'>καλύψασαν</span> <span class='ocrx_word' id='word_1_423' title='bbox 547 2183 619 2217; x_wconf 77' lang='grc' dir='ltr'>ὅρος,</span> <span class='ocrx_word' id='word_1_424' title='bbox 636 2186 682 2212; x_wconf 82' lang='grc' dir='ltr'><strong>καὶ</strong></span> <span class='ocrx_word' id='word_1_425' title='bbox 697 2187 727 2213; x_wconf 75' lang='grc' dir='ltr'>τὸ</span> <span class='ocrx_word' id='word_1_426' title='bbox 739 2187 785 2213; x_wconf 84' lang='grc' dir='ltr'>τοῦ</span> <span class='ocrx_word' id='word_1_427' title='bbox 798 2188 865 2215; x_wconf 80' lang='grc' dir='ltr'>Θεοῦ</span> 
     </span>
    </p>
   </div>
   <div class='ocr_carea' id='block_1_59' title="bbox 933 965 1713 1006">
    <p class='ocr_par' dir='ltr' id='par_1_59' title="bbox 933 965 1713 1006">
     <span class='ocr_line' id='line_1_59' title="bbox 933 965 1713 1006; baseline 0.01 -15"><span class='ocrx_word' id='word_1_428' title='bbox 933 965 1010 992; x_wconf 91' lang='lat' dir='ltr'><strong>locus</strong></span> <span class='ocrx_word' id='word_1_429' title='bbox 1036 970 1096 992; x_wconf 79' lang='lat' dir='ltr'><strong>erat</strong></span> <span class='ocrx_word' id='word_1_430' title='bbox 1123 965 1250 994; x_wconf 78' lang='lat' dir='ltr'><strong>desertus</strong></span> <span class='ocrx_word' id='word_1_431' title='bbox 1283 967 1468 1002; x_wconf 66' lang='lat' dir='ltr'><strong>inanitusque,</strong></span> <span class='ocrx_word' id='word_1_432' title='bbox 1501 978 1556 996; x_wconf 91' lang='lat' dir='ltr'><strong>non</strong></span> <span class='ocrx_word' id='word_1_433' title='bbox 1574 971 1608 998; x_wconf 85' lang='lat' dir='ltr'><strong>ab</strong></span> <span class='ocrx_word' id='word_1_434' title='bbox 1632 980 1713 1006; x_wconf 78' lang='lat' dir='ltr'><strong>aqua,</strong></span> 
     </span>
    </p>
   </div>
   <div class='ocr_carea' id='block_1_60' title="bbox 928 1012 1712 1050">
    <p class='ocr_par' dir='ltr' id='par_1_60' title="bbox 928 1012 1712 1050">
     <span class='ocr_line' id='line_1_60' title="bbox 928 1012 1712 1050; baseline 0.01 -13"><span class='ocrx_word' id='word_1_435' title='bbox 928 1015 1016 1043; x_wconf 78' lang='lat' dir='ltr'><strong>tecto,</strong></span> <span class='ocrx_word' id='word_1_436' title='bbox 1034 1012 1121 1039; x_wconf 81' lang='lat' dir='ltr'><strong>aliave</strong></span> <span class='ocrx_word' id='word_1_437' title='bbox 1133 1020 1162 1039; x_wconf 86' lang='lat' dir='ltr'><strong>re</strong></span> <span class='ocrx_word' id='word_1_438' title='bbox 1187 1013 1220 1039; x_wconf 89' lang='lat' dir='ltr'><strong>ad</strong></span> <span class='ocrx_word' id='word_1_439' title='bbox 1246 1013 1329 1039; x_wconf 71' lang='lat' dir='ltr'><strong>vimm</strong></span> <span class='ocrx_word' id='word_1_440' title='bbox 1355 1016 1512 1042; x_wconf 79' lang='lat' dir='ltr'><strong>necessaria</strong></span> <span class='ocrx_word' id='word_1_441' title='bbox 1542 1016 1712 1050; x_wconf 85' lang='lat' dir='ltr'><strong>instructus;</strong></span> 
     </span>
    </p>
   </div>
   <div class='ocr_carea' id='block_1_61' title="bbox 931 1052 1713 1097">
    <p class='ocr_par' dir='ltr' id='par_1_61' title="bbox 931 1052 1713 1097">
     <span class='ocr_line' id='line_1_61' title="bbox 931 1052 1713 1097; baseline 0.01 -15"><span class='ocrx_word' id='word_1_442' title='bbox 931 1057 1109 1090; x_wconf 83' lang='lat' dir='ltr'><strong>tuguriolum,</strong></span> <span class='ocrx_word' id='word_1_443' title='bbox 1122 1057 1203 1092; x_wconf 85' lang='lat' dir='ltr'><strong>idque</strong></span> <span class='ocrx_word' id='word_1_444' title='bbox 1217 1052 1340 1090; x_wconf 73' lang='lat' dir='ltr'><strong>unicum,</strong></span> <span class='ocrx_word' id='word_1_445' title='bbox 1355 1059 1482 1091; x_wconf 77' lang='lat' dir='ltr'><strong>habebnt,</strong></span> <span class='ocrx_word' id='word_1_446' title='bbox 1496 1061 1568 1094; x_wconf 83' lang='lat' dir='ltr'><strong>quod</strong></span> <span class='ocrx_word' id='word_1_447' title='bbox 1584 1062 1713 1097; x_wconf 86' lang='lat' dir='ltr'><strong>discipuli</strong></span> 
     </span>
    </p>
   </div>
   <div class='ocr_carea' id='block_1_62' title="bbox 931 1100 1711 1139">
    <p class='ocr_par' dir='ltr' id='par_1_62' title="bbox 931 1100 1711 1139">
     <span class='ocr_line' id='line_1_62' title="bbox 931 1100 1711 1139; baseline 0.01 -13"><span class='ocrx_word' id='word_1_448' title='bbox 931 1100 984 1127; x_wconf 88' lang='lat' dir='ltr'><strong>sibi</strong></span> <span class='ocrx_word' id='word_1_449' title='bbox 1013 1101 1148 1136; x_wconf 76' lang='lat' dir='ltr'><strong>refugium</strong></span> <span class='ocrx_word' id='word_1_450' title='bbox 1185 1110 1239 1129; x_wconf 91' lang='lat' dir='ltr'><strong>non</strong></span> <span class='ocrx_word' id='word_1_451' title='bbox 1275 1104 1396 1138; x_wconf 83' lang='lat' dir='ltr'><strong>amplum</strong></span> <span class='ocrx_word' id='word_1_452' title='bbox 1425 1111 1711 1139; x_wconf 79' lang='lat' dir='ltr'><strong>coagmentaverant:</strong></span> 
     </span>
    </p>
   </div>
   <div class='ocr_carea' id='block_1_63' title="bbox 930 1145 1712 1185">
    <p class='ocr_par' dir='ltr' id='par_1_63' title="bbox 930 1145 1712 1185">
     <span class='ocr_line' id='line_1_63' title="bbox 930 1145 1712 1185; baseline 0.009 -13"><span class='ocrx_word' id='word_1_453' title='bbox 930 1145 1048 1181; x_wconf 82' lang='lat' dir='ltr'><strong>Symeon</strong></span> <span class='ocrx_word' id='word_1_454' title='bbox 1065 1147 1177 1181; x_wconf 80' lang='lat' dir='ltr'><strong>quippe,</strong></span> <span class='ocrx_word' id='word_1_455' title='bbox 1188 1152 1218 1174; x_wconf 92' lang='lat' dir='ltr'><strong>ut</strong></span> <span class='ocrx_word' id='word_1_456' title='bbox 1231 1155 1313 1182; x_wconf 81' lang='lat' dir='ltr'><strong>supra</strong></span> <span class='ocrx_word' id='word_1_457' title='bbox 1328 1150 1514 1181; x_wconf 86' lang='lat' dir='ltr'><strong>meminimus.</strong></span> <span class='ocrx_word' id='word_1_458' title='bbox 1531 1151 1557 1177; x_wconf 95' lang='lat' dir='ltr'><strong>in</strong></span> <span class='ocrx_word' id='word_1_459' title='bbox 1573 1156 1652 1185; x_wconf 81' lang='lat' dir='ltr'><strong>petra</strong></span> <span class='ocrx_word' id='word_1_460' title='bbox 1663 1160 1712 1180; x_wconf 86' lang='lat' dir='ltr'><strong>sua</strong></span> 
     </span>
    </p>
   </div>
   <div class='ocr_carea' id='block_1_64' title="bbox 928 1191 1714 1229">
    <p class='ocr_par' dir='ltr' id='par_1_64' title="bbox 928 1191 1714 1229">
     <span class='ocr_line' id='line_1_64' title="bbox 928 1191 1714 1229; baseline 0.008 -11"><span class='ocrx_word' id='word_1_461' title='bbox 928 1191 983 1218; x_wconf 81' lang='lat' dir='ltr'><strong>sub</strong></span> <span class='ocrx_word' id='word_1_462' title='bbox 999 1192 1046 1219; x_wconf 88' lang='lat' dir='ltr'><strong>dio</strong></span> <span class='ocrx_word' id='word_1_463' title='bbox 1062 1197 1137 1219; x_wconf 82' lang='lat' dir='ltr'><strong>stans</strong></span> <span class='ocrx_word' id='word_1_464' title='bbox 1155 1194 1334 1228; x_wconf 81' lang='lat' dir='ltr'><strong>perennabat,</strong></span> <span class='ocrx_word' id='word_1_465' title='bbox 1362 1195 1483 1229; x_wconf 68' lang='lat' dir='ltr'><strong>pellicem</strong></span> <span class='ocrx_word' id='word_1_466' title='bbox 1507 1197 1613 1223; x_wconf 70' lang='lat' dir='ltr'><strong>melota:</strong></span> <span class='ocrx_word' id='word_1_467' title='bbox 1635 1197 1714 1224; x_wconf 86' lang='lat' dir='ltr'><strong>invo-</strong></span> 
     </span>
    </p>
   </div>
   <div class='ocr_carea' id='block_1_65' title="bbox 927 1237 1712 1277">
    <p class='ocr_par' dir='ltr' id='par_1_65' title="bbox 927 1237 1712 1277">
     <span class='ocr_line' id='line_1_65' title="bbox 927 1237 1712 1277; baseline 0.009 -14"><span class='ocrx_word' id='word_1_468' title='bbox 927 1237 1013 1264; x_wconf 86' lang='lat' dir='ltr'><strong>lutus.</strong></span> <span class='ocrx_word' id='word_1_469' title='bbox 1028 1237 1125 1264; x_wconf 84' lang='lat' dir='ltr'><strong>Postea</strong></span> <span class='ocrx_word' id='word_1_470' title='bbox 1142 1246 1208 1265; x_wconf 90' lang='lat' dir='ltr'><strong>vero</strong></span> <span class='ocrx_word' id='word_1_471' title='bbox 1234 1246 1296 1265; x_wconf 93' lang='lat' dir='ltr'><strong>cum</strong></span> <span class='ocrx_word' id='word_1_472' title='bbox 1324 1240 1398 1266; x_wconf 90' lang='lat' dir='ltr'><strong>otnni</strong></span> <span class='ocrx_word' id='word_1_473' title='bbox 1424 1248 1457 1267; x_wconf 88' lang='lat' dir='ltr'><strong>ex</strong></span> <span class='ocrx_word' id='word_1_474' title='bbox 1482 1246 1559 1274; x_wconf 87' lang='lat' dir='ltr'><strong>parte</strong></span> <span class='ocrx_word' id='word_1_475' title='bbox 1582 1242 1712 1277; x_wconf 71' lang='lat' dir='ltr'><strong>frequente</strong></span> 
     </span>
    </p>
   </div>
   <div class='ocr_carea' id='block_1_66' title="bbox 931 1282 1710 1320">
    <p class='ocr_par' dir='ltr' id='par_1_66' title="bbox 931 1282 1710 1320">
     <span class='ocr_line' id='line_1_66' title="bbox 931 1282 1710 1320; baseline 0.012 -12"><span class='ocrx_word' id='word_1_476' title='bbox 931 1282 1009 1309; x_wconf 90' lang='lat' dir='ltr'><strong>turba</strong></span> <span class='ocrx_word' id='word_1_477' title='bbox 1024 1283 1146 1317; x_wconf 89' lang='lat' dir='ltr'><strong>quotidie</strong></span> <span class='ocrx_word' id='word_1_478' title='bbox 1161 1284 1195 1310; x_wconf 91' lang='lat' dir='ltr'><strong>ad</strong></span> <span class='ocrx_word' id='word_1_479' title='bbox 1215 1284 1304 1319; x_wconf 91' lang='lat' dir='ltr'><strong>ipsum</strong></span> <span class='ocrx_word' id='word_1_480' title='bbox 1320 1286 1472 1313; x_wconf 85' lang='lat' dir='ltr'><strong>conflueret</strong></span> <span class='ocrx_word' id='word_1_481' title='bbox 1485 1287 1638 1320; x_wconf 84' lang='lat' dir='ltr'><strong>hominum,</strong></span> <span class='ocrx_word' id='word_1_482' title='bbox 1653 1293 1710 1317; x_wconf 90' lang='lat' dir='ltr'><strong>tum</strong></span> 
     </span>
    </p>
   </div>
   <div class='ocr_carea' id='block_1_67' title="bbox 923 1328 1710 1367">
    <p class='ocr_par' dir='ltr' id='par_1_67' title="bbox 923 1328 1710 1367">
     <span class='ocr_line' id='line_1_67' title="bbox 923 1328 1710 1367; baseline 0.011 -14"><span class='ocrx_word' id='word_1_483' title='bbox 923 1328 1297 1362; x_wconf 78' lang='lat' dir='ltr'><strong>amalignisspirilibus,tum</strong></span> <span class='ocrx_word' id='word_1_484' title='bbox 1309 1330 1343 1356; x_wconf 87' lang='lat' dir='ltr'><strong>ab</strong></span> <span class='ocrx_word' id='word_1_485' title='bbox 1357 1331 1447 1358; x_wconf 89' lang='lat' dir='ltr'><strong>onmis</strong></span> <span class='ocrx_word' id='word_1_486' title='bbox 1468 1333 1579 1367; x_wconf 76' lang='lat' dir='ltr'><strong>generis</strong></span> <span class='ocrx_word' id='word_1_487' title='bbox 1605 1335 1710 1362; x_wconf 82' lang='lat' dir='ltr'><strong>morbis</strong></span> 
     </span>
    </p>
   </div>
   <div class='ocr_carea' id='block_1_68' title="bbox 929 1372 1712 1415">
    <p class='ocr_par' dir='ltr' id='par_1_68' title="bbox 929 1372 1712 1415">
     <span class='ocr_line' id='line_1_68' title="bbox 929 1372 1712 1415; baseline 0.013 -17"><span class='ocrx_word' id='word_1_488' title='bbox 929 1379 961 1398; x_wconf 84' lang='lat' dir='ltr'><strong>ac</strong></span> <span class='ocrx_word' id='word_1_489' title='bbox 972 1372 1123 1405; x_wconf 88' lang='lat' dir='ltr'><strong>doloribus,</strong></span> <span class='ocrx_word' id='word_1_490' title='bbox 1136 1379 1338 1409; x_wconf 81' lang='lat' dir='ltr'><strong>correptorum,</strong></span> <span class='ocrx_word' id='word_1_491' title='bbox 1352 1378 1520 1412; x_wconf 83' lang='lat' dir='ltr'><strong>miserosque</strong></span> <span class='ocrx_word' id='word_1_492' title='bbox 1530 1379 1589 1406; x_wconf 86' lang='lat' dir='ltr'><strong>illos</strong></span> <span class='ocrx_word' id='word_1_493' title='bbox 1600 1381 1712 1415; x_wconf 86' lang='lat' dir='ltr'><strong>excipe-</strong></span> 
     </span>
    </p>
   </div>
   <div class='ocr_carea' id='block_1_69' title="bbox 929 1418 1712 1453">
    <p class='ocr_par' dir='ltr' id='par_1_69' title="bbox 929 1418 1712 1453">
     <span class='ocr_line' id='line_1_69' title="bbox 929 1418 1712 1453; baseline 0.013 -11"><span class='ocrx_word' id='word_1_494' title='bbox 929 1421 971 1443; x_wconf 82' lang='lat' dir='ltr'><strong>ret</strong></span> <span class='ocrx_word' id='word_1_495' title='bbox 987 1422 1040 1444; x_wconf 86' lang='lat' dir='ltr'><strong>tam</strong></span> <span class='ocrx_word' id='word_1_496' title='bbox 1083 1418 1240 1447; x_wconf 81' lang='lat' dir='ltr'><strong>inamabilis</strong></span> <span class='ocrx_word' id='word_1_497' title='bbox 1251 1428 1370 1453; x_wconf 80' lang='lat' dir='ltr'><strong>eremus,</strong></span> <span class='ocrx_word' id='word_1_498' title='bbox 1385 1430 1477 1448; x_wconf 89' lang='lat' dir='ltr'><strong>rerum</strong></span> <span class='ocrx_word' id='word_1_499' title='bbox 1497 1426 1712 1452; x_wconf 60' lang='lat' dir='ltr'><strong>nccassariarum</strong></span> 
     </span>
    </p>
   </div>
   <div class='ocr_carea' id='block_1_70' title="bbox 929 1463 1712 1500">
    <p class='ocr_par' dir='ltr' id='par_1_70' title="bbox 929 1463 1712 1500">
     <span class='ocr_line' id='line_1_70' title="bbox 929 1463 1712 1500; baseline 0.01 -11"><span class='ocrx_word' id='word_1_500' title='bbox 929 1463 1054 1497; x_wconf 83' lang='lat' dir='ltr'><strong>penuria,</strong></span> <span class='ocrx_word' id='word_1_501' title='bbox 1071 1464 1195 1492; x_wconf 89' lang='lat' dir='ltr'><strong>defectus</strong></span> <span class='ocrx_word' id='word_1_502' title='bbox 1207 1474 1284 1500; x_wconf 71' lang='lat' dir='ltr'><strong>aquze</strong></span> <span class='ocrx_word' id='word_1_503' title='bbox 1301 1474 1333 1493; x_wconf 81' lang='lat' dir='ltr'><strong>ae</strong></span> <span class='ocrx_word' id='word_1_504' title='bbox 1348 1467 1502 1499; x_wconf 85' lang='lat' dir='ltr'><strong>domicilii;</strong></span> <span class='ocrx_word' id='word_1_505' title='bbox 1516 1471 1670 1497; x_wconf 85' lang='lat' dir='ltr'><strong>communis</strong></span> <span class='ocrx_word' id='word_1_506' title='bbox 1681 1478 1712 1498; x_wconf 86' lang='lat' dir='ltr'><strong>ac</strong></span> 
     </span>
    </p>
   </div>
   <div class='ocr_carea' id='block_1_71' title="bbox 928 1509 1726 1549">
    <p class='ocr_par' dir='ltr' id='par_1_71' title="bbox 928 1509 1726 1549">
     <span class='ocr_line' id='line_1_71' title="bbox 928 1509 1726 1549; baseline 0.01 -14"><span class='ocrx_word' id='word_1_507' title='bbox 928 1509 1079 1538; x_wconf 82' lang='lat' dir='ltr'><strong>benevolus</strong></span> <span class='ocrx_word' id='word_1_508' title='bbox 1090 1511 1213 1538; x_wconf 89' lang='lat' dir='ltr'><strong>omnium</strong></span> <span class='ocrx_word' id='word_1_509' title='bbox 1230 1511 1355 1545; x_wconf 83' lang='lat' dir='ltr'><strong>Creator,</strong></span> <span class='ocrx_word' id='word_1_510' title='bbox 1368 1513 1448 1540; x_wconf 85' lang='lat' dir='ltr'><strong>Pater</strong></span> <span class='ocrx_word' id='word_1_511' title='bbox 1471 1519 1553 1549; x_wconf 86' lang='lat' dir='ltr'><strong>atque</strong></span> <span class='ocrx_word' id='word_1_512' title='bbox 1569 1515 1726 1548; x_wconf 63' lang='lat' dir='ltr'><strong>Dominus:</strong></span> 
     </span>
    </p>
   </div>
   <div class='ocr_carea' id='block_1_72' title="bbox 928 1555 1713 1589">
    <p class='ocr_par' dir='ltr' id='par_1_72' title="bbox 928 1555 1713 1589">
     <span class='ocr_line' id='line_1_72' title="bbox 928 1555 1713 1589; baseline 0.009 -7"><span class='ocrx_word' id='word_1_513' title='bbox 928 1555 976 1589; x_wconf 89' lang='lat' dir='ltr'><strong>qui</strong></span> <span class='ocrx_word' id='word_1_514' title='bbox 990 1555 1113 1589; x_wconf 87' lang='lat' dir='ltr'><strong>potentia</strong></span> <span class='ocrx_word' id='word_1_515' title='bbox 1129 1564 1177 1583; x_wconf 87' lang='lat' dir='ltr'><strong>sua</strong></span> <span class='ocrx_word' id='word_1_516' title='bbox 1193 1557 1326 1584; x_wconf 88' lang='lat' dir='ltr'><strong>immensa</strong></span> <span class='ocrx_word' id='word_1_517' title='bbox 1337 1563 1364 1585; x_wconf 86' lang='lat' dir='ltr'><strong>et</strong></span> <span class='ocrx_word' id='word_1_518' title='bbox 1380 1558 1494 1586; x_wconf 79' lang='lat' dir='ltr'><strong>brachio</strong></span> <span class='ocrx_word' id='word_1_519' title='bbox 1517 1561 1626 1587; x_wconf 90' lang='lat' dir='ltr'><strong>sublimi</strong></span> <span class='ocrx_word' id='word_1_520' title='bbox 1655 1570 1713 1589; x_wconf 82' lang='lat' dir='ltr'><strong>ino-</strong></span> 
     </span>
    </p>
   </div>
   <div class='ocr_carea' id='block_1_73' title="bbox 929 1600 1712 1641">
    <p class='ocr_par' dir='ltr' id='par_1_73' title="bbox 929 1600 1712 1641">
     <span class='ocr_line' id='line_1_73' title="bbox 929 1600 1712 1641; baseline 0.011 -16"><span class='ocrx_word' id='word_1_521' title='bbox 929 1600 1192 1631; x_wconf 83' lang='lat' dir='ltr'><strong>deraturuuiversa.</strong></span> <span class='ocrx_word' id='word_1_522' title='bbox 1215 1610 1329 1637; x_wconf 86' lang='lat' dir='ltr'><strong>magnus</strong></span> <span class='ocrx_word' id='word_1_523' title='bbox 1361 1603 1406 1630; x_wconf 76' lang='lat' dir='ltr'><strong>ille</strong></span> <span class='ocrx_word' id='word_1_524' title='bbox 1430 1605 1547 1632; x_wconf 85' lang='lat' dir='ltr'><strong>consilio</strong></span> <span class='ocrx_word' id='word_1_525' title='bbox 1568 1611 1596 1633; x_wconf 89' lang='lat' dir='ltr'><strong>et</strong></span> <span class='ocrx_word' id='word_1_526' title='bbox 1611 1612 1712 1641; x_wconf 84' lang='lat' dir='ltr'><strong>potens</strong></span> 
     </span>
    </p>
   </div>
   <div class='ocr_carea' id='block_1_74' title="bbox 929 1646 1711 1682">
    <p class='ocr_par' dir='ltr' id='par_1_74' title="bbox 929 1646 1711 1682">
     <span class='ocr_line' id='line_1_74' title="bbox 929 1646 1711 1682; baseline 0.012 -12"><span class='ocrx_word' id='word_1_527' title='bbox 929 1652 1023 1679; x_wconf 84' lang='lat' dir='ltr'><strong>opere,</strong></span> <span class='ocrx_word' id='word_1_528' title='bbox 1035 1646 1081 1679; x_wconf 93' lang='lat' dir='ltr'><strong>qui</strong></span> <span class='ocrx_word' id='word_1_529' title='bbox 1098 1654 1152 1672; x_wconf 92' lang='lat' dir='ltr'><strong>non</strong></span> <span class='ocrx_word' id='word_1_530' title='bbox 1170 1646 1286 1680; x_wconf 76' lang='lat' dir='ltr'><strong>ignorat,</strong></span> <span class='ocrx_word' id='word_1_531' title='bbox 1305 1648 1406 1682; x_wconf 76' lang='lat' dir='ltr'><strong>quibus</strong></span> <span class='ocrx_word' id='word_1_532' title='bbox 1417 1657 1467 1676; x_wconf 86' lang='lat' dir='ltr'><strong>nos</strong></span> <span class='ocrx_word' id='word_1_533' title='bbox 1492 1650 1651 1678; x_wconf 84' lang='lat' dir='ltr'><strong>homunculi</strong></span> <span class='ocrx_word' id='word_1_534' title='bbox 1667 1653 1711 1679; x_wconf 87' lang='lat' dir='ltr'><strong>iu-</strong></span> 
     </span>
    </p>
   </div>
   <div class='ocr_carea' id='block_1_75' title="bbox 927 1689 1711 1732">
    <p class='ocr_par' dir='ltr' id='par_1_75' title="bbox 927 1689 1711 1732">
     <span class='ocr_line' id='line_1_75' title="bbox 927 1689 1711 1732; baseline 0.013 -18"><span class='ocrx_word' id='word_1_535' title='bbox 927 1689 1080 1723; x_wconf 85' lang='lat' dir='ltr'><strong>digeamus.</strong></span> <span class='ocrx_word' id='word_1_536' title='bbox 1096 1691 1198 1724; x_wconf 85' lang='lat' dir='ltr'><strong>quique</strong></span> <span class='ocrx_word' id='word_1_537' title='bbox 1212 1691 1280 1718; x_wconf 74' lang='lat' dir='ltr'><strong>nilnil</strong></span> <span class='ocrx_word' id='word_1_538' title='bbox 1298 1692 1423 1726; x_wconf 72' lang='lat' dir='ltr'><strong>ignorare</strong></span> <span class='ocrx_word' id='word_1_539' title='bbox 1443 1699 1551 1728; x_wconf 85' lang='lat' dir='ltr'><strong>potest;</strong></span> <span class='ocrx_word' id='word_1_540' title='bbox 1582 1697 1628 1723; x_wconf 89' lang='lat' dir='ltr'><strong>ille</strong></span> <span class='ocrx_word' id='word_1_541' title='bbox 1653 1697 1711 1732; x_wconf 80' lang='lat' dir='ltr'><strong>ipse</strong></span> 
     </span>
    </p>
   </div>
   <div class='ocr_carea' id='block_1_76' title="bbox 927 1733 1711 1774">
    <p class='ocr_par' dir='ltr' id='par_1_76' title="bbox 927 1733 1711 1774">
     <span class='ocr_line' id='line_1_76' title="bbox 927 1733 1711 1774; baseline 0.014 -15"><span class='ocrx_word' id='word_1_542' title='bbox 927 1733 972 1760; x_wconf 73' lang='lat' dir='ltr'><strong>llic</strong></span> <span class='ocrx_word' id='word_1_543' title='bbox 992 1741 1102 1768; x_wconf 90' lang='lat' dir='ltr'><strong>quoque</strong></span> <span class='ocrx_word' id='word_1_544' title='bbox 1121 1734 1247 1770; x_wconf 77' lang='lat' dir='ltr'><strong>Symeoni</strong></span> <span class='ocrx_word' id='word_1_545' title='bbox 1264 1744 1419 1771; x_wconf 80' lang='lat' dir='ltr'><strong>apparens:</strong></span> <span class='ocrx_word' id='word_1_546' title='bbox 1438 1739 1534 1767; x_wconf 86' lang='lat' dir='ltr'><strong>Nonne</strong></span> <span class='ocrx_word' id='word_1_547' title='bbox 1556 1741 1643 1774; x_wconf 77' lang='lat' dir='ltr'><strong>vides,</strong></span> <span class='ocrx_word' id='word_1_548' title='bbox 1667 1743 1711 1769; x_wconf 88' lang='lat' dir='ltr'><strong>in-</strong></span> 
     </span>
    </p>
   </div>
   <div class='ocr_carea' id='block_1_77' title="bbox 926 1779 1710 1823">
    <p class='ocr_par' dir='ltr' id='par_1_77' title="bbox 926 1779 1710 1823">
     <span class='ocr_line' id='line_1_77' title="bbox 926 1779 1710 1823; baseline 0.014 -19"><span class='ocrx_word' id='word_1_549' title='bbox 926 1779 995 1813; x_wconf 85' lang='lat' dir='ltr'><strong>quit,</strong></span> <span class='ocrx_word' id='word_1_550' title='bbox 1013 1787 1095 1813; x_wconf 88' lang='lat' dir='ltr'><strong>quam</strong></span> <span class='ocrx_word' id='word_1_551' title='bbox 1109 1781 1228 1814; x_wconf 83' lang='lat' dir='ltr'><strong>pendeat</strong></span> <span class='ocrx_word' id='word_1_552' title='bbox 1246 1782 1346 1809; x_wconf 87' lang='lat' dir='ltr'><strong>animis</strong></span> <span class='ocrx_word' id='word_1_553' title='bbox 1365 1783 1422 1811; x_wconf 63' lang='lat' dir='ltr'><strong>haec</strong></span> <span class='ocrx_word' id='word_1_554' title='bbox 1434 1785 1513 1812; x_wconf 87' lang='lat' dir='ltr'><strong>turba</strong></span> <span class='ocrx_word' id='word_1_555' title='bbox 1524 1786 1624 1821; x_wconf 82' lang='lat' dir='ltr'><strong>?quam</strong></span> <span class='ocrx_word' id='word_1_556' title='bbox 1639 1796 1710 1823; x_wconf 71' lang='lat' dir='ltr'><strong>:egre</strong></span> 
     </span>
    </p>
   </div>
   <div class='ocr_carea' id='block_1_78' title="bbox 926 1825 1706 1869">
    <p class='ocr_par' dir='ltr' id='par_1_78' title="bbox 926 1825 1706 1869">
     <span class='ocr_line' id='line_1_78' title="bbox 926 1825 1706 1869; baseline 0.014 -18"><span class='ocrx_word' id='word_1_557' title='bbox 926 1825 970 1852; x_wconf 92' lang='lat' dir='ltr'><strong>hic</strong></span> <span class='ocrx_word' id='word_1_558' title='bbox 984 1826 1083 1852; x_wconf 86' lang='lat' dir='ltr'><strong>morari</strong></span> <span class='ocrx_word' id='word_1_559' title='bbox 1096 1827 1218 1861; x_wconf 86' lang='lat' dir='ltr'><strong>possint,</strong></span> <span class='ocrx_word' id='word_1_560' title='bbox 1233 1828 1425 1858; x_wconf 85' lang='lat' dir='ltr'><strong>deficientibus</strong></span> <span class='ocrx_word' id='word_1_561' title='bbox 1438 1833 1576 1865; x_wconf 87' lang='lat' dir='ltr'><strong>omnibus,</strong></span> <span class='ocrx_word' id='word_1_562' title='bbox 1593 1842 1653 1869; x_wconf 62' lang='lat' dir='ltr'><strong>qua;</strong></span> <span class='ocrx_word' id='word_1_563' title='bbox 1672 1837 1706 1863; x_wconf 83' lang='lat' dir='ltr'><strong>ad</strong></span> 
     </span>
    </p>
   </div>
   <div class='ocr_carea' id='block_1_79' title="bbox 925 1870 1710 1915">
    <p class='ocr_par' dir='ltr' id='par_1_79' title="bbox 925 1870 1710 1915">
     <span class='ocr_line' id='line_1_79' title="bbox 925 1870 1710 1915; baseline 0.017 -19"><span class='ocrx_word' id='word_1_564' title='bbox 925 1870 987 1897; x_wconf 70' lang='lat' dir='ltr'><strong>vita:</strong></span> <span class='ocrx_word' id='word_1_565' title='bbox 999 1878 1076 1898; x_wconf 90' lang='lat' dir='ltr'><strong>usum</strong></span> <span class='ocrx_word' id='word_1_566' title='bbox 1093 1872 1215 1899; x_wconf 81' lang='lat' dir='ltr'><strong>faciunt?</strong></span> <span class='ocrx_word' id='word_1_567' title='bbox 1231 1873 1330 1901; x_wconf 86' lang='lat' dir='ltr'><strong>Verum</strong></span> <span class='ocrx_word' id='word_1_568' title='bbox 1356 1875 1450 1903; x_wconf 68' lang='lat' dir='ltr'><strong>isthmc</strong></span> <span class='ocrx_word' id='word_1_569' title='bbox 1467 1877 1523 1912; x_wconf 82' lang='lat' dir='ltr'><strong>jam</strong></span> <span class='ocrx_word' id='word_1_570' title='bbox 1542 1886 1557 1905; x_wconf 90' lang='lat' dir='ltr'><strong>a</strong></span> <span class='ocrx_word' id='word_1_571' title='bbox 1579 1887 1622 1907; x_wconf 90' lang='lat' dir='ltr'><strong>me</strong></span> <span class='ocrx_word' id='word_1_572' title='bbox 1643 1881 1710 1915; x_wconf 85' lang='lat' dir='ltr'><strong>ipsis</strong></span> 
     </span>
    </p>
   </div>
   <div class='ocr_carea' id='block_1_80' title="bbox 923 1916 1707 1957">
    <p class='ocr_par' dir='ltr' id='par_1_80' title="bbox 923 1916 1707 1957">
     <span class='ocr_line' id='line_1_80' title="bbox 923 1916 1707 1957; baseline 0.018 -15"><span class='ocrx_word' id='word_1_573' title='bbox 923 1916 1189 1951; x_wconf 80' lang='lat' dir='ltr'><strong>suppeditabantur;</strong></span> <span class='ocrx_word' id='word_1_574' title='bbox 1207 1923 1235 1945; x_wconf 89' lang='lat' dir='ltr'><strong>et</strong></span> <span class='ocrx_word' id='word_1_575' title='bbox 1255 1924 1284 1946; x_wconf 88' lang='lat' dir='ltr'><strong>tu</strong></span> <span class='ocrx_word' id='word_1_576' title='bbox 1308 1920 1389 1949; x_wconf 87' lang='lat' dir='ltr'><strong>deses</strong></span> <span class='ocrx_word' id='word_1_577' title='bbox 1410 1930 1576 1957; x_wconf 80' lang='lat' dir='ltr'><strong>permanens</strong></span> <span class='ocrx_word' id='word_1_578' title='bbox 1597 1935 1707 1956; x_wconf 59' lang='lat' dir='ltr'><strong>manum</strong></span> 
     </span>
    </p>
   </div>
   <div class='ocr_carea' id='block_1_81' title="bbox 922 1963 1257 1997">
    <p class='ocr_par' dir='ltr' id='par_1_81' title="bbox 922 1963 1257 1997">
     <span class='ocr_line' id='line_1_81' title="bbox 922 1963 1257 1997; baseline 0.009 -8"><span class='ocrx_word' id='word_1_579' title='bbox 922 1963 999 1997; x_wconf 89' lang='lat' dir='ltr'><strong>operi</strong></span> <span class='ocrx_word' id='word_1_580' title='bbox 1012 1971 1067 1990; x_wconf 91' lang='lat' dir='ltr'><strong>non</strong></span> <span class='ocrx_word' id='word_1_581' title='bbox 1086 1963 1257 1992; x_wconf 84' lang='lat' dir='ltr'><strong>admovebis.</strong></span> 
     </span>
    </p>
   </div>
   <div class='ocr_carea' id='block_1_82' title="bbox 957 2008 1707 2051">
    <p class='ocr_par' dir='ltr' id='par_1_82' title="bbox 957 2008 1707 2051">
     <span class='ocr_line' id='line_1_82' title="bbox 957 2008 1707 2051; baseline 0.013 -16"><span class='ocrx_word' id='word_1_582' title='bbox 957 2008 1000 2036; x_wconf 81' lang='lat'><strong>93.</strong></span> <span class='ocrx_word' id='word_1_583' title='bbox 1020 2009 1102 2036; x_wconf 86' lang='lat' dir='ltr'><strong>Beata</strong></span> <span class='ocrx_word' id='word_1_584' title='bbox 1117 2010 1161 2036; x_wconf 85' lang='lat' dir='ltr'><strong>illa</strong></span> <span class='ocrx_word' id='word_1_585' title='bbox 1174 2017 1239 2037; x_wconf 85' lang='lat' dir='ltr'><strong>voce</strong></span> <span class='ocrx_word' id='word_1_586' title='bbox 1251 2010 1378 2045; x_wconf 82' lang='lat' dir='ltr'><strong>dignatus</strong></span> <span class='ocrx_word' id='word_1_587' title='bbox 1389 2013 1516 2049; x_wconf 82' lang='lat' dir='ltr'><strong>Symeou.</strong></span> <span class='ocrx_word' id='word_1_588' title='bbox 1532 2018 1707 2051; x_wconf 80' lang='lat' dir='ltr'><strong>conspicatur</strong></span> 
     </span>
    </p>
   </div>
   <div class='ocr_carea' id='block_1_83' title="bbox 921 2054 1705 2098">
    <p class='ocr_par' dir='ltr' id='par_1_83' title="bbox 921 2054 1705 2098">
     <span class='ocr_line' id='line_1_83' title="bbox 921 2054 1705 2098; baseline 0.015 -19"><span class='ocrx_word' id='word_1_589' title='bbox 921 2054 999 2088; x_wconf 87' lang='lat' dir='ltr'><strong>quasi</strong></span> <span class='ocrx_word' id='word_1_590' title='bbox 1014 2055 1139 2090; x_wconf 80' lang='lat' dir='ltr'><strong>angelum</strong></span> <span class='ocrx_word' id='word_1_591' title='bbox 1157 2063 1293 2083; x_wconf 67' lang='lat' dir='ltr'><strong>mensura:</strong></span> <span class='ocrx_word' id='word_1_592' title='bbox 1308 2057 1437 2091; x_wconf 81' lang='lat' dir='ltr'><strong>quiddam</strong></span> <span class='ocrx_word' id='word_1_593' title='bbox 1461 2061 1588 2089; x_wconf 86' lang='lat' dir='ltr'><strong>manibus</strong></span> <span class='ocrx_word' id='word_1_594' title='bbox 1602 2067 1705 2098; x_wconf 76' lang='lat' dir='ltr'><strong>tenere,</strong></span> 
     </span>
    </p>
   </div>
   <div class='ocr_carea' id='block_1_84' title="bbox 920 2100 1706 2140">
    <p class='ocr_par' dir='ltr' id='par_1_84' title="bbox 920 2100 1706 2140">
     <span class='ocr_line' id='line_1_84' title="bbox 920 2100 1706 2140; baseline 0.015 -16"><span class='ocrx_word' id='word_1_595' title='bbox 920 2103 948 2126; x_wconf 86' lang='lat' dir='ltr'><strong>et</strong></span> <span class='ocrx_word' id='word_1_596' title='bbox 978 2100 1137 2126; x_wconf 87' lang='lat' dir='ltr'><strong>monasterii</strong></span> <span class='ocrx_word' id='word_1_597' title='bbox 1162 2105 1398 2136; x_wconf 79' lang='lat' dir='ltr'><strong>augustorumque</strong></span> <span class='ocrx_word' id='word_1_598' title='bbox 1426 2106 1588 2140; x_wconf 90' lang='lat' dir='ltr'><strong>templorum</strong></span> <span class='ocrx_word' id='word_1_599' title='bbox 1620 2109 1627 2134; x_wconf 95' lang='lat' dir='ltr'><strong>i</strong></span> <span class='ocrx_word' id='word_1_600' title='bbox 1672 2118 1706 2136; x_wconf 76' lang='grc' dir='ltr'>ιο</span> 
     </span>
    </p>
   </div>
   <div class='ocr_carea' id='block_1_85' title="bbox 920 2145 1700 2189">
    <p class='ocr_par' dir='ltr' id='par_1_85' title="bbox 920 2145 1700 2189">
     <span class='ocr_line' id='line_1_85' title="bbox 920 2145 1700 2189; baseline 0.014 -18"><span class='ocrx_word' id='word_1_601' title='bbox 920 2145 1115 2172; x_wconf 88' lang='lat' dir='ltr'><strong>struendorum</strong></span> <span class='ocrx_word' id='word_1_602' title='bbox 1133 2146 1271 2174; x_wconf 83' lang='lat' dir='ltr'><strong>delineare</strong></span> <span class='ocrx_word' id='word_1_603' title='bbox 1289 2148 1420 2184; x_wconf 81' lang='lat' dir='ltr'><strong>vestigia;</strong></span> <span class='ocrx_word' id='word_1_604' title='bbox 1444 2152 1619 2186; x_wconf 86' lang='lat' dir='ltr'><strong>conspicatur</strong></span> <span class='ocrx_word' id='word_1_605' title='bbox 1639 2163 1700 2189; x_wconf 83' lang='lat' dir='ltr'><strong>quo-</strong></span> 
     </span>
    </p>
   </div>
   <div class='ocr_carea' id='block_1_86' title="bbox 918 2192 1704 2228">
    <p class='ocr_par' dir='ltr' id='par_1_86' title="bbox 918 2192 1704 2228">
     <span class='ocr_line' id='line_1_86' title="bbox 918 2192 1704 2228; baseline 0.014 -11"><span class='ocrx_word' id='word_1_606' title='bbox 918 2199 972 2226; x_wconf 87' lang='lat' dir='ltr'><strong>que</strong></span> <span class='ocrx_word' id='word_1_607' title='bbox 994 2192 1095 2219; x_wconf 86' lang='lat' dir='ltr'><strong>nubem</strong></span> <span class='ocrx_word' id='word_1_608' title='bbox 1111 2192 1241 2226; x_wconf 85' lang='lat' dir='ltr'><strong>lucidam,</strong></span> <span class='ocrx_word' id='word_1_609' title='bbox 1260 2201 1320 2228; x_wconf 73' lang='lat' dir='ltr'><strong>qua:</strong></span> <span class='ocrx_word' id='word_1_610' title='bbox 1345 2200 1465 2223; x_wconf 86' lang='lat' dir='ltr'><strong>montem</strong></span> <span class='ocrx_word' id='word_1_611' title='bbox 1484 2201 1569 2225; x_wconf 89' lang='lat' dir='ltr'><strong>totum</strong></span> <span class='ocrx_word' id='word_1_612' title='bbox 1591 2200 1704 2228; x_wconf 87' lang='lat' dir='ltr'><strong>mirabi-</strong></span> 
     </span>
    </p>
   </div>
   <div class='ocr_carea' id='block_1_87' title="bbox 81 2223 874 2280">
    <p class='ocr_par' dir='ltr' id='par_1_87' title="bbox 81 2223 864 2269">
     <span class='ocr_line' id='line_1_87' title="bbox 81 2223 864 2269; baseline 0.017 -22"><span class='ocrx_word' id='word_1_613' title='bbox 81 2223 193 2257; x_wconf 79' lang='grc' dir='ltr'>Πνεῦμα</span> <span class='ocrx_word' id='word_1_614' title='bbox 205 2224 233 2250; x_wconf 81' lang='grc' dir='ltr'>ὲν</span> <span class='ocrx_word' id='word_1_615' title='bbox 248 2225 400 2260; x_wconf 85' lang='grc' dir='ltr'>ὁμοιώματι</span> <span class='ocrx_word' id='word_1_616' title='bbox 418 2229 508 2263; x_wconf 80' lang='grc' dir='ltr'>χειρὸς</span> <span class='ocrx_word' id='word_1_617' title='bbox 519 2230 553 2256; x_wconf 80' lang='grc' dir='ltr'>τὰ</span> <span class='ocrx_word' id='word_1_618' title='bbox 575 2231 627 2257; x_wconf 83' lang='grc' dir='ltr'><strong>ὑπὸ</strong></span> <span class='ocrx_word' id='word_1_619' title='bbox 644 2233 676 2267; x_wconf 81' lang='grc' dir='ltr'><strong>τῇ</strong></span> <span class='ocrx_word' id='word_1_620' title='bbox 694 2233 793 2269; x_wconf 80' lang='grc' dir='ltr'>νεφέλῃ</span> <span class='ocrx_word' id='word_1_621' title='bbox 808 2234 864 2260; x_wconf 84' lang='grc' dir='ltr'>δει-</span> 
     </span>
    </p>
   </div>
   <div class='ocr_carea' id='block_1_88' title="bbox 927 2223 1702 2280">
    <p class='ocr_par' dir='ltr' id='par_1_88' title="bbox 929 2237 1702 2280">
     <span class='ocr_line' id='line_1_88' title="bbox 929 2237 1702 2280; baseline 0.013 -17"><span class='ocrx_word' id='word_1_622' title='bbox 929 2244 971 2263; x_wconf 91' lang='lat' dir='ltr'><strong>em</strong></span> <span class='ocrx_word' id='word_1_623' title='bbox 984 2237 1102 2272; x_wconf 78' lang='lat' dir='ltr'><strong>tegebat.</strong></span> <span class='ocrx_word' id='word_1_624' title='bbox 1117 2246 1224 2265; x_wconf 84' lang='lat' dir='ltr'><strong>necnon</strong></span> <span class='ocrx_word' id='word_1_625' title='bbox 1237 2239 1370 2274; x_wconf 85' lang='lat' dir='ltr'><strong>Spiritum</strong></span> <span class='ocrx_word' id='word_1_626' title='bbox 1382 2241 1429 2268; x_wconf 89' lang='lat' dir='ltr'><strong>Dei</strong></span> <span class='ocrx_word' id='word_1_627' title='bbox 1453 2242 1480 2269; x_wconf 92' lang='lat' dir='ltr'><strong>in</strong></span> <span class='ocrx_word' id='word_1_628' title='bbox 1496 2242 1580 2270; x_wconf 88' lang='lat' dir='ltr'><strong>forma</strong></span> <span class='ocrx_word' id='word_1_629' title='bbox 1597 2254 1702 2280; x_wconf 75' lang='lat' dir='ltr'><strong>manus,</strong></span> 
     </span>
    </p>
   </div>
   <div class='ocr_carea' id='block_1_89' title="bbox 80 2267 862 2315">
    <p class='ocr_par' dir='ltr' id='par_1_89' title="bbox 80 2267 862 2315">
     <span class='ocr_line' id='line_1_89' title="bbox 80 2267 862 2315; baseline 0.018 -22"><span class='ocrx_word' id='word_1_630' title='bbox 80 2267 161 2295; x_wconf 85' lang='grc' dir='ltr'>κνύον</span> <span class='ocrx_word' id='word_1_631' title='bbox 171 2277 178 2283; x_wconf 91' lang='grc'><strong>·</strong></span> <span class='ocrx_word' id='word_1_632' title='bbox 192 2270 238 2295; x_wconf 71' lang='grc' dir='ltr'>καὶ</span> <span class='ocrx_word' id='word_1_633' title='bbox 251 2270 292 2296; x_wconf 78' lang='grc' dir='ltr'><strong>ὅτι</strong></span> <span class='ocrx_word' id='word_1_634' title='bbox 306 2271 397 2298; x_wconf 74' lang='grc' dir='ltr'>Ταῦτα</span> <span class='ocrx_word' id='word_1_635' title='bbox 410 2274 486 2300; x_wconf 80' lang='grc' dir='ltr'>ἔσται</span> <span class='ocrx_word' id='word_1_636' title='bbox 504 2283 544 2301; x_wconf 86' lang='grc' dir='ltr'>σοι</span> <span class='ocrx_word' id='word_1_637' title='bbox 561 2277 659 2308; x_wconf 80' lang='grc' dir='ltr'>πάντα,</span> <span class='ocrx_word' id='word_1_638' title='bbox 676 2278 752 2312; x_wconf 79' lang='grc' dir='ltr'>λέγον</span> <span class='ocrx_word' id='word_1_639' title='bbox 768 2279 842 2315; x_wconf 81' lang='grc' dir='ltr'>αὐτῷ</span> <span class='ocrx_word' id='word_1_640' title='bbox 855 2302 862 2313; x_wconf 89' lang='grc'><strong>,</strong></span> 
     </span>
    </p>
   </div>
   <div class='ocr_carea' id='block_1_90' title="bbox 79 2315 863 2357">
    <p class='ocr_par' dir='ltr' id='par_1_90' title="bbox 79 2315 863 2357">
     <span class='ocr_line' id='line_1_90' title="bbox 79 2315 863 2357; baseline 0.018 -18"><span class='ocrx_word' id='word_1_641' title='bbox 79 2315 126 2346; x_wconf 84' lang='grc' dir='ltr'><strong>εἰς’</strong></span> <span class='ocrx_word' id='word_1_642' title='bbox 140 2315 289 2350; x_wconf 83' lang='grc' dir='ltr'>ὑπουργίαν</span> <span class='ocrx_word' id='word_1_643' title='bbox 303 2317 356 2343; x_wconf 81' lang='grc' dir='ltr'>τῶν</span> <span class='ocrx_word' id='word_1_644' title='bbox 371 2318 433 2353; x_wconf 79' lang='grc' dir='ltr'>τῇδε</span> <span class='ocrx_word' id='word_1_645' title='bbox 448 2321 533 2346; x_wconf 81' lang='grc' dir='ltr'>οἰκεῖν</span> <span class='ocrx_word' id='word_1_646' title='bbox 555 2330 584 2347; x_wconf 84' lang='grc' dir='ltr'><strong>τε</strong></span> <span class='ocrx_word' id='word_1_647' title='bbox 606 2324 654 2350; x_wconf 72' lang='grc' dir='ltr'>καὶ</span> <span class='ocrx_word' id='word_1_648' title='bbox 674 2325 863 2357; x_wconf 65' lang='grc' dir='ltr'>ἐπιξενοῦσθαί</span> 
     </span>
    </p>
   </div>
   <div class='ocr_carea' id='block_1_91' title="bbox 80 2359 862 2404">
    <p class='ocr_par' dir='ltr' id='par_1_91' title="bbox 80 2359 862 2404">
     <span class='ocr_line' id='line_1_91' title="bbox 80 2359 862 2404; baseline 0.017 -19"><span class='ocrx_word' id='word_1_649' title='bbox 80 2359 240 2394; x_wconf 80' lang='grc' dir='ltr'>μελλόντων,</span> <span class='ocrx_word' id='word_1_650' title='bbox 255 2362 406 2396; x_wconf 84' lang='grc' dir='ltr'>Μεγαλυνῶ</span> <span class='ocrx_word' id='word_1_651' title='bbox 418 2364 472 2400; x_wconf 72' lang='grc' dir='ltr'><strong>γὰρ</strong></span> <span class='ocrx_word' id='word_1_652' title='bbox 484 2361 530 2393; x_wconf 66' lang='grc' dir='ltr'><strong>ἐᾶιὶ</strong></span> <span class='ocrx_word' id='word_1_653' title='bbox 543 2367 605 2402; x_wconf 78' lang='grc' dir='ltr'><strong>ἔθνη</strong></span> <span class='ocrx_word' id='word_1_654' title='bbox 623 2369 668 2395; x_wconf 77' lang='grc' dir='ltr'><strong>καὶ</strong></span> <span class='ocrx_word' id='word_1_655' title='bbox 685 2369 803 2404; x_wconf 76' lang='grc' dir='ltr'>βασιλεῖς</span> <span class='ocrx_word' id='word_1_656' title='bbox 816 2372 862 2399; x_wconf 70' lang='grc' dir='ltr'><strong>καὶ</strong></span> 
     </span>
    </p>
   </div>
   <div class='ocr_carea' id='block_1_92' title="bbox 80 2407 862 2445">
    <p class='ocr_par' dir='ltr' id='par_1_92' title="bbox 80 2407 862 2445">
     <span class='ocr_line' id='line_1_92' title="bbox 80 2407 862 2445; baseline 0.018 -14"><span class='ocrx_word' id='word_1_657' title='bbox 80 2407 245 2440; x_wconf 79' lang='grc' dir='ltr'>μεγιστᾶνας</span> <span class='ocrx_word' id='word_1_658' title='bbox 274 2408 304 2434; x_wconf 81' lang='grc' dir='ltr'>τὺ</span> <span class='ocrx_word' id='word_1_659' title='bbox 328 2408 414 2443; x_wconf 73' lang='grc' dir='ltr'><strong>ὄνομά</strong></span> <span class='ocrx_word' id='word_1_660' title='bbox 440 2419 498 2444; x_wconf 85' lang='grc' dir='ltr'>σου,</span> <span class='ocrx_word' id='word_1_661' title='bbox 520 2413 566 2439; x_wconf 86' lang='grc' dir='ltr'><strong>καί</strong></span> <span class='ocrx_word' id='word_1_662' title='bbox 580 2423 626 2440; x_wconf 85' lang='grc' dir='ltr'>σου</span> <span class='ocrx_word' id='word_1_663' title='bbox 649 2416 750 2443; x_wconf 81' lang='grc' dir='ltr'>τούτων</span> <span class='ocrx_word' id='word_1_664' title='bbox 770 2418 862 2445; x_wconf 80' lang='grc' dir='ltr'>πολλοὶ</span> 
     </span>
    </p>
   </div>
   <div class='ocr_carea' id='block_1_93' title="bbox 77 2451 860 2496">
    <p class='ocr_par' dir='ltr' id='par_1_93' title="bbox 77 2451 860 2496">
     <span class='ocr_line' id='line_1_93' title="bbox 77 2451 860 2496; baseline 0.018 -20"><span class='ocrx_word' id='word_1_665' title='bbox 77 2451 253 2486; x_wconf 76' lang='grc' dir='ltr'>δεηθήσονται</span> <span class='ocrx_word' id='word_1_666' title='bbox 266 2461 273 2468; x_wconf 90' lang='grc'><strong>·</strong></span> <span class='ocrx_word' id='word_1_667' title='bbox 289 2452 348 2480; x_wconf 76' lang='grc' dir='ltr'>εἷτα</span> <span class='ocrx_word' id='word_1_668' title='bbox 363 2456 409 2481; x_wconf 77' lang='grc' dir='ltr'>καὶ</span> <span class='ocrx_word' id='word_1_669' title='bbox 425 2456 508 2484; x_wconf 82' lang='grc' dir='ltr'>πολλὰ</span> <span class='ocrx_word' id='word_1_670' title='bbox 526 2459 613 2494; x_wconf 80' lang='grc' dir='ltr'>πλήθη</span> <span class='ocrx_word' id='word_1_671' title='bbox 626 2460 761 2496; x_wconf 82' lang='grc' dir='ltr'>διαφόρων</span> <span class='ocrx_word' id='word_1_672' title='bbox 776 2463 860 2490; x_wconf 80' lang='grc' dir='ltr'>ἐθνῶν</span> 
     </span>
    </p>
   </div>
   <div class='ocr_carea' id='block_1_94' title="bbox 76 2497 857 2536">
    <p class='ocr_par' dir='ltr' id='par_1_94' title="bbox 76 2497 857 2536">
     <span class='ocr_line' id='line_1_94' title="bbox 76 2497 857 2536; baseline 0.015 -13"><span class='ocrx_word' id='word_1_673' title='bbox 76 2497 152 2533; x_wconf 83' lang='grc' dir='ltr'>αὐτῷ</span> <span class='ocrx_word' id='word_1_674' title='bbox 184 2499 337 2532; x_wconf 81' lang='grc' dir='ltr'>ὑπεδείκνυ,</span> <span class='ocrx_word' id='word_1_675' title='bbox 358 2502 525 2536; x_wconf 74' lang='grc' dir='ltr'>πανταχόθεν</span> <span class='ocrx_word' id='word_1_676' title='bbox 549 2505 588 2535; x_wconf 79' lang='grc' dir='ltr'><strong>είς</strong></span> <span class='ocrx_word' id='word_1_677' title='bbox 618 2506 698 2533; x_wconf 79' lang='grc' dir='ltr'>αὐτὸν</span> <span class='ocrx_word' id='word_1_678' title='bbox 725 2509 857 2536; x_wconf 82' lang='grc' dir='ltr'>συνιόντα.</span> 
     </span>
    </p>
   </div>
   <div class='ocr_carea' id='block_1_95' title="bbox 76 2543 860 2587">
    <p class='ocr_par' dir='ltr' id='par_1_95' title="bbox 76 2543 860 2587">
     <span class='ocr_line' id='line_1_95' title="bbox 76 2543 860 2587; baseline 0.018 -19"><span class='ocrx_word' id='word_1_679' title='bbox 76 2543 186 2575; x_wconf 81' lang='grc' dir='ltr'>Τούτοις</span> <span class='ocrx_word' id='word_1_680' title='bbox 200 2544 417 2580; x_wconf 79' lang='grc' dir='ltr'>πληροφορηθεὶς</span> <span class='ocrx_word' id='word_1_681' title='bbox 433 2547 482 2583; x_wconf 82' lang='grc' dir='ltr'>τὴν</span> <span class='ocrx_word' id='word_1_682' title='bbox 495 2549 609 2584; x_wconf 85' lang='grc' dir='ltr'>καρδίαν</span> <span class='ocrx_word' id='word_1_683' title='bbox 621 2551 634 2577; x_wconf 85' lang='lat'><strong><em>6</em></strong></span> <span class='ocrx_word' id='word_1_684' title='bbox 652 2552 772 2587; x_wconf 80' lang='grc' dir='ltr'>Συμεὼν,</span> <span class='ocrx_word' id='word_1_685' title='bbox 786 2555 860 2582; x_wconf 73' lang='grc' dir='ltr'>εὐδο-</span> 
     </span>
    </p>
   </div>
   <div class='ocr_carea' id='block_1_96' title="bbox 77 2588 857 2635">
    <p class='ocr_par' dir='ltr' id='par_1_96' title="bbox 77 2588 857 2635">
     <span class='ocr_line' id='line_1_96' title="bbox 77 2588 857 2635; baseline 0.018 -21"><span class='ocrx_word' id='word_1_686' title='bbox 77 2589 138 2616; x_wconf 83' lang='grc' dir='ltr'>κίαν</span> <span class='ocrx_word' id='word_1_687' title='bbox 159 2588 227 2617; x_wconf 77' lang='grc' dir='ltr'>εῖναι</span> <span class='ocrx_word' id='word_1_688' title='bbox 253 2591 321 2617; x_wconf 76' lang='grc' dir='ltr'><strong>Θεοῦ</strong></span> <span class='ocrx_word' id='word_1_689' title='bbox 337 2592 467 2627; x_wconf 86' lang='grc' dir='ltr'>συστῆναι</span> <span class='ocrx_word' id='word_1_690' title='bbox 488 2595 552 2630; x_wconf 78' lang='grc' dir='ltr'>περὶ</span> <span class='ocrx_word' id='word_1_691' title='bbox 569 2597 650 2623; x_wconf 75' lang='grc' dir='ltr'>αὐτὸν</span> <span class='ocrx_word' id='word_1_692' title='bbox 669 2601 857 2635; x_wconf 81' lang='grc' dir='ltr'>μοναστήριον,</span> 
     </span>
    </p>
   </div>
   <div class='ocr_carea' id='block_1_97' title="bbox 76 2635 859 2679">
    <p class='ocr_par' dir='ltr' id='par_1_97' title="bbox 76 2635 859 2679">
     <span class='ocr_line' id='line_1_97' title="bbox 76 2635 859 2679; baseline 0.015 -19"><span class='ocrx_word' id='word_1_693' title='bbox 76 2635 123 2661; x_wconf 82' lang='grc' dir='ltr'><strong>καὶ</strong></span> <span class='ocrx_word' id='word_1_694' title='bbox 141 2635 239 2667; x_wconf 83' lang='grc' dir='ltr'>ἱκανῶς</span> <span class='ocrx_word' id='word_1_695' title='bbox 265 2637 312 2663; x_wconf 70' lang='grc' dir='ltr'><strong>ἐπὶ</strong></span> <span class='ocrx_word' id='word_1_696' title='bbox 328 2637 411 2664; x_wconf 77' lang='grc' dir='ltr'>πᾶσιν</span> <span class='ocrx_word' id='word_1_697' title='bbox 430 2639 639 2675; x_wconf 81' lang='grc' dir='ltr'>εὐχαριστήσας,</span> <span class='ocrx_word' id='word_1_698' title='bbox 655 2643 788 2679; x_wconf 66' lang='grc' dir='ltr'>ἐπέτρεψε</span> <span class='ocrx_word' id='word_1_699' title='bbox 805 2648 859 2678; x_wconf 81' lang='grc' dir='ltr'>τοῖς</span> 
     </span>
    </p>
   </div>
   <div class='ocr_carea' id='block_1_98' title="bbox 77 2680 862 2725">
    <p class='ocr_par' dir='ltr' id='par_1_98' title="bbox 77 2680 862 2725">
     <span class='ocr_line' id='line_1_98' title="bbox 77 2680 862 2725; baseline 0.018 -20"><span class='ocrx_word' id='word_1_700' title='bbox 77 2680 209 2715; x_wconf 82' lang='grc' dir='ltr'>μαθηταῖς</span> <span class='ocrx_word' id='word_1_701' title='bbox 224 2682 304 2709; x_wconf 83' lang='grc' dir='ltr'>πάλιν</span> <span class='ocrx_word' id='word_1_702' title='bbox 323 2680 400 2715; x_wconf 76' lang='grc' dir='ltr'>οὗτος</span> <span class='ocrx_word' id='word_1_703' title='bbox 415 2685 485 2712; x_wconf 85' lang='grc' dir='ltr'>κατὰ</span> <span class='ocrx_word' id='word_1_704' title='bbox 504 2688 549 2713; x_wconf 86' lang='grc' dir='ltr'>τὸν</span> <span class='ocrx_word' id='word_1_705' title='bbox 573 2687 763 2725; x_wconf 75' lang='grc' dir='ltr'>ὑποδειχοέντα</span> <span class='ocrx_word' id='word_1_706' title='bbox 781 2693 862 2719; x_wconf 84' lang='grc' dir='ltr'>τόπον</span> 
     </span>
    </p>
   </div>
   <div class='ocr_carea' id='block_1_99' title="bbox 74 2725 341 2762">
    <p class='ocr_par' dir='ltr' id='par_1_99' title="bbox 74 2725 341 2762">
     <span class='ocr_line' id='line_1_99' title="bbox 74 2725 341 2762; baseline 0.015 -11"><span class='ocrx_word' id='word_1_707' title='bbox 74 2725 154 2752; x_wconf 77' lang='grc' dir='ltr'>τοῦτο</span> <span class='ocrx_word' id='word_1_708' title='bbox 171 2726 341 2762; x_wconf 75' lang='grc' dir='ltr'>διαχαράξαι.</span> 
     </span>
    </p>
   </div>
   <div class='ocr_carea' id='block_1_100' title="bbox 110 2812 858 2861">
    <p class='ocr_par' dir='ltr' id='par_1_100' title="bbox 110 2812 858 2861">
     <span class='ocr_line' id='line_1_100' title="bbox 110 2812 858 2861; baseline 0.02 -23"><span class='ocrx_word' id='word_1_709' title='bbox 110 2812 160 2846; x_wconf 54' lang='grc' dir='ltr'><strong>με’.</strong></span> <span class='ocrx_word' id='word_1_710' title='bbox 179 2813 232 2840; x_wconf 79' lang='grc' dir='ltr'><strong>Καὶ</strong></span> <span class='ocrx_word' id='word_1_711' title='bbox 248 2814 277 2841; x_wconf 75' lang='grc' dir='ltr'>τὸ</span> <span class='ocrx_word' id='word_1_712' title='bbox 297 2815 346 2850; x_wconf 80' lang='grc' dir='ltr'>μὲν</span> <span class='ocrx_word' id='word_1_713' title='bbox 368 2817 438 2844; x_wconf 78' lang='grc' dir='ltr'>κατὰ</span> <span class='ocrx_word' id='word_1_714' title='bbox 455 2819 504 2853; x_wconf 85' lang='grc' dir='ltr'>τὴν</span> <span class='ocrx_word' id='word_1_715' title='bbox 525 2821 621 2857; x_wconf 71' lang='grc' dir='ltr'>ἐκείνῳ</span> <span class='ocrx_word' id='word_1_716' title='bbox 645 2825 774 2857; x_wconf 80' lang='grc' dir='ltr'>φανεῖσαν</span> <span class='ocrx_word' id='word_1_717' title='bbox 798 2825 858 2861; x_wconf 72' lang='grc' dir='ltr'>ὄψιν</span> 
     </span>
    </p>
   </div>
   <div class='ocr_carea' id='block_1_101' title="bbox 918 2283 1702 2326">
    <p class='ocr_par' dir='ltr' id='par_1_101' title="bbox 918 2283 1702 2326">
     <span class='ocr_line' id='line_1_101' title="bbox 918 2283 1702 2326; baseline 0.015 -18"><span class='ocrx_word' id='word_1_718' title='bbox 918 2289 949 2309; x_wconf 89' lang='lat' dir='ltr'><strong>ea</strong></span> <span class='ocrx_word' id='word_1_719' title='bbox 965 2290 1025 2317; x_wconf 71' lang='lat' dir='ltr'><strong>quae</strong></span> <span class='ocrx_word' id='word_1_720' title='bbox 1039 2283 1090 2309; x_wconf 89' lang='lat' dir='ltr'><strong>sub</strong></span> <span class='ocrx_word' id='word_1_721' title='bbox 1102 2283 1175 2310; x_wconf 88' lang='lat' dir='ltr'><strong>nube</strong></span> <span class='ocrx_word' id='word_1_722' title='bbox 1186 2288 1266 2311; x_wconf 87' lang='lat' dir='ltr'><strong>erant</strong></span> <span class='ocrx_word' id='word_1_723' title='bbox 1280 2285 1481 2320; x_wconf 87' lang='lat' dir='ltr'><strong>ostendentem,</strong></span> <span class='ocrx_word' id='word_1_724' title='bbox 1497 2288 1702 2326; x_wconf 86' lang='lat' dir='ltr'><strong>dicentemque:</strong></span> 
     </span>
    </p>
   </div>
   <div class='ocr_carea' id='block_1_102' title="bbox 918 2327 1701 2372">
    <p class='ocr_par' dir='ltr' id='par_1_102' title="bbox 918 2327 1701 2372">
     <span class='ocr_line' id='line_1_102' title="bbox 918 2327 1701 2372; baseline 0.014 -19"><span class='ocrx_word' id='word_1_725' title='bbox 918 2327 980 2355; x_wconf 67' lang='lat' dir='ltr'><strong>llzec</strong></span> <span class='ocrx_word' id='word_1_726' title='bbox 994 2328 1085 2355; x_wconf 90' lang='lat' dir='ltr'><strong>omnia</strong></span> <span class='ocrx_word' id='word_1_727' title='bbox 1108 2328 1156 2355; x_wconf 91' lang='lat' dir='ltr'><strong>tibi</strong></span> <span class='ocrx_word' id='word_1_728' title='bbox 1180 2330 1306 2356; x_wconf 87' lang='lat' dir='ltr'><strong>eruntin</strong></span> <span class='ocrx_word' id='word_1_729' title='bbox 1334 2332 1489 2359; x_wconf 88' lang='lat' dir='ltr'><strong>subsidium</strong></span> <span class='ocrx_word' id='word_1_730' title='bbox 1509 2333 1629 2369; x_wconf 86' lang='lat' dir='ltr'><strong>illorum,</strong></span> <span class='ocrx_word' id='word_1_731' title='bbox 1655 2339 1701 2372; x_wconf 87' lang='lat' dir='ltr'><strong>qui</strong></span> 
     </span>
    </p>
   </div>
   <div class='ocr_carea' id='block_1_103' title="bbox 917 2374 1702 2416">
    <p class='ocr_par' dir='ltr' id='par_1_103' title="bbox 917 2374 1702 2416">
     <span class='ocr_line' id='line_1_103' title="bbox 917 2374 1702 2416; baseline 0.014 -16"><span class='ocrx_word' id='word_1_732' title='bbox 917 2374 1114 2401; x_wconf 90' lang='lat' dir='ltr'><strong>commoraturi</strong></span> <span class='ocrx_word' id='word_1_733' title='bbox 1126 2375 1172 2402; x_wconf 90' lang='lat' dir='ltr'><strong>hic</strong></span> <span class='ocrx_word' id='word_1_734' title='bbox 1189 2379 1236 2402; x_wconf 82' lang='lat' dir='ltr'><strong>aut</strong></span> <span class='ocrx_word' id='word_1_735' title='bbox 1253 2376 1416 2411; x_wconf 81' lang='lat' dir='ltr'><strong>bospitaturi</strong></span> <span class='ocrx_word' id='word_1_736' title='bbox 1428 2383 1492 2406; x_wconf 91' lang='lat' dir='ltr'><strong>sunt</strong></span> <span class='ocrx_word' id='word_1_737' title='bbox 1504 2389 1511 2412; x_wconf 88' lang='lat'><strong>;</strong></span> <span class='ocrx_word' id='word_1_738' title='bbox 1524 2380 1702 2416; x_wconf 81' lang='lat' dir='ltr'><strong>magnificabo</strong></span> 
     </span>
    </p>
   </div>
   <div class='ocr_carea' id='block_1_104' title="bbox 915 2420 1701 2463">
    <p class='ocr_par' dir='ltr' id='par_1_104' title="bbox 915 2420 1701 2463">
     <span class='ocr_line' id='line_1_104' title="bbox 915 2420 1701 2463; baseline 0.013 -17"><span class='ocrx_word' id='word_1_739' title='bbox 915 2420 1016 2454; x_wconf 86' lang='lat' dir='ltr'><strong>quippe</strong></span> <span class='ocrx_word' id='word_1_740' title='bbox 1033 2428 1132 2448; x_wconf 88' lang='lat' dir='ltr'><strong>nomen</strong></span> <span class='ocrx_word' id='word_1_741' title='bbox 1148 2426 1224 2449; x_wconf 91' lang='lat' dir='ltr'><strong>tuum</strong></span> <span class='ocrx_word' id='word_1_742' title='bbox 1240 2423 1311 2457; x_wconf 86' lang='lat' dir='ltr'><strong>apud</strong></span> <span class='ocrx_word' id='word_1_743' title='bbox 1326 2428 1422 2458; x_wconf 80' lang='lat' dir='ltr'><strong>gentes</strong></span> <span class='ocrx_word' id='word_1_744' title='bbox 1433 2430 1460 2452; x_wconf 90' lang='lat' dir='ltr'><strong>et</strong></span> <span class='ocrx_word' id='word_1_745' title='bbox 1484 2434 1562 2461; x_wconf 83' lang='lat' dir='ltr'><strong>reges</strong></span> <span class='ocrx_word' id='word_1_746' title='bbox 1580 2435 1608 2455; x_wconf 86' lang='lat' dir='ltr'><strong>et</strong></span> <span class='ocrx_word' id='word_1_747' title='bbox 1629 2433 1701 2463; x_wconf 66' lang='lat' dir='ltr'><strong>opt-</strong></span> 
     </span>
    </p>
   </div>
   <div class='ocr_carea' id='block_1_105' title="bbox 915 2466 1700 2504">
    <p class='ocr_par' dir='ltr' id='par_1_105' title="bbox 915 2466 1700 2504">
     <span class='ocr_line' id='line_1_105' title="bbox 915 2466 1700 2504; baseline 0.015 -14"><span class='ocrx_word' id='word_1_748' title='bbox 915 2468 1019 2498; x_wconf 89' lang='lat' dir='ltr'><strong>mates;</strong></span> <span class='ocrx_word' id='word_1_749' title='bbox 1034 2469 1061 2492; x_wconf 89' lang='lat' dir='ltr'><strong>et</strong></span> <span class='ocrx_word' id='word_1_750' title='bbox 1074 2466 1150 2493; x_wconf 90' lang='lat' dir='ltr'><strong>multi</strong></span> <span class='ocrx_word' id='word_1_751' title='bbox 1169 2467 1266 2494; x_wconf 89' lang='lat' dir='ltr'><strong>horum</strong></span> <span class='ocrx_word' id='word_1_752' title='bbox 1281 2469 1474 2503; x_wconf 89' lang='lat' dir='ltr'><strong>supplicabunt</strong></span> <span class='ocrx_word' id='word_1_753' title='bbox 1489 2471 1549 2498; x_wconf 84' lang='lat' dir='ltr'><strong>tibi.</strong></span> <span class='ocrx_word' id='word_1_754' title='bbox 1565 2472 1630 2501; x_wconf 81' lang='lat' dir='ltr'><strong>Post</strong></span> <span class='ocrx_word' id='word_1_755' title='bbox 1642 2475 1700 2504; x_wconf 74' lang='lat' dir='ltr'><strong>inec</strong></span> 
     </span>
    </p>
   </div>
   <div class='ocr_carea' id='block_1_106' title="bbox 914 2509 1697 2555">
    <p class='ocr_par' dir='ltr' id='par_1_106' title="bbox 914 2509 1697 2555">
     <span class='ocr_line' id='line_1_106' title="bbox 914 2509 1697 2555; baseline 0.017 -19"><span class='ocrx_word' id='word_1_756' title='bbox 914 2509 1086 2538; x_wconf 83' lang='lat' dir='ltr'><strong>diversorum</strong></span> <span class='ocrx_word' id='word_1_757' title='bbox 1120 2513 1284 2546; x_wconf 91' lang='lat' dir='ltr'><strong>populorum</strong></span> <span class='ocrx_word' id='word_1_758' title='bbox 1324 2515 1527 2544; x_wconf 81' lang='lat' dir='ltr'><strong>multitudinem</strong></span> <span class='ocrx_word' id='word_1_759' title='bbox 1560 2519 1697 2555; x_wconf 86' lang='lat' dir='ltr'><strong>ingentem</strong></span> 
     </span>
    </p>
   </div>
   <div class='ocr_carea' id='block_1_107' title="bbox 915 2557 1697 2596">
    <p class='ocr_par' dir='ltr' id='par_1_107' title="bbox 915 2557 1697 2596">
     <span class='ocr_line' id='line_1_107' title="bbox 915 2557 1697 2596; baseline 0.015 -14"><span class='ocrx_word' id='word_1_760' title='bbox 915 2557 1093 2590; x_wconf 82' lang='lat' dir='ltr'><strong>monstrabat,</strong></span> <span class='ocrx_word' id='word_1_761' title='bbox 1106 2558 1228 2593; x_wconf 89' lang='lat' dir='ltr'><strong>undique</strong></span> <span class='ocrx_word' id='word_1_762' title='bbox 1246 2559 1279 2586; x_wconf 87' lang='lat' dir='ltr'><strong>ad</strong></span> <span class='ocrx_word' id='word_1_763' title='bbox 1294 2560 1382 2594; x_wconf 84' lang='lat' dir='ltr'><strong>ipsum</strong></span> <span class='ocrx_word' id='word_1_764' title='bbox 1399 2567 1602 2596; x_wconf 85' lang='lat' dir='ltr'><strong>properantem.</strong></span> <span class='ocrx_word' id='word_1_765' title='bbox 1616 2564 1697 2595; x_wconf 82' lang='lat' dir='ltr'><strong>Hisce</strong></span> 
     </span>
    </p>
   </div>
   <div class='ocr_carea' id='block_1_108' title="bbox 913 2602 1695 2643">
    <p class='ocr_par' dir='ltr' id='par_1_108' title="bbox 913 2602 1695 2643">
     <span class='ocr_line' id='line_1_108' title="bbox 913 2602 1695 2643; baseline 0.013 -15"><span class='ocrx_word' id='word_1_766' title='bbox 913 2602 1026 2630; x_wconf 90' lang='lat' dir='ltr'><strong>omnino</strong></span> <span class='ocrx_word' id='word_1_767' title='bbox 1051 2611 1200 2637; x_wconf 85' lang='lat' dir='ltr'><strong>persuasus</strong></span> <span class='ocrx_word' id='word_1_768' title='bbox 1229 2605 1357 2640; x_wconf 82' lang='lat' dir='ltr'><strong>Symeon,</strong></span> <span class='ocrx_word' id='word_1_769' title='bbox 1385 2607 1515 2640; x_wconf 83' lang='lat' dir='ltr'><strong>placitum</strong></span> <span class='ocrx_word' id='word_1_770' title='bbox 1543 2609 1599 2637; x_wconf 87' lang='lat' dir='ltr'><strong>Deo</strong></span> <span class='ocrx_word' id='word_1_771' title='bbox 1625 2618 1695 2643; x_wconf 82' lang='lat' dir='ltr'><strong>esse,</strong></span> 
     </span>
    </p>
   </div>
   <div class='ocr_carea' id='block_1_109' title="bbox 913 2648 1696 2684">
    <p class='ocr_par' dir='ltr' id='par_1_109' title="bbox 913 2648 1696 2684">
     <span class='ocr_line' id='line_1_109' title="bbox 913 2648 1696 2684; baseline 0.015 -12"><span class='ocrx_word' id='word_1_772' title='bbox 913 2651 942 2673; x_wconf 91' lang='lat' dir='ltr'><strong>ut</strong></span> <span class='ocrx_word' id='word_1_773' title='bbox 956 2648 1154 2675; x_wconf 86' lang='lat' dir='ltr'><strong>monasterium</strong></span> <span class='ocrx_word' id='word_1_774' title='bbox 1172 2649 1245 2676; x_wconf 83' lang='lat' dir='ltr'><strong>circa</strong></span> <span class='ocrx_word' id='word_1_775' title='bbox 1259 2650 1348 2684; x_wconf 89' lang='lat' dir='ltr'><strong>ipsum</strong></span> <span class='ocrx_word' id='word_1_776' title='bbox 1366 2656 1591 2681; x_wconf 86' lang='lat' dir='ltr'><strong>construeretur:</strong></span> <span class='ocrx_word' id='word_1_777' title='bbox 1608 2658 1696 2684; x_wconf 68' lang='lat' dir='ltr'><strong>maxi—</strong></span> 
     </span>
    </p>
   </div>
   <div class='ocr_carea' id='block_1_110' title="bbox 911 2694 1697 2737">
    <p class='ocr_par' dir='ltr' id='par_1_110' title="bbox 911 2694 1697 2737">
     <span class='ocr_line' id='line_1_110' title="bbox 911 2694 1697 2737; baseline 0.015 -17"><span class='ocrx_word' id='word_1_778' title='bbox 911 2694 963 2737; x_wconf 85' lang='lat' dir='ltr'><strong>mis</strong></span> <span class='ocrx_word' id='word_1_779' title='bbox 978 2694 1017 2721; x_wconf 90' lang='lat' dir='ltr'><strong>illi</strong></span> <span class='ocrx_word' id='word_1_780' title='bbox 1036 2697 1132 2737; x_wconf 76' lang='lat' dir='ltr'><strong>gratiis</strong></span> <span class='ocrx_word' id='word_1_781' title='bbox 1155 2699 1311 2732; x_wconf 87' lang='lat' dir='ltr'><strong>persolutis,</strong></span> <span class='ocrx_word' id='word_1_782' title='bbox 1329 2700 1467 2731; x_wconf 85' lang='lat' dir='ltr'><strong>commisit</strong></span> <span class='ocrx_word' id='word_1_783' title='bbox 1489 2701 1633 2737; x_wconf 88' lang='lat' dir='ltr'><strong>discipulis</strong></span> <span class='ocrx_word' id='word_1_784' title='bbox 1649 2712 1697 2732; x_wconf 90' lang='lat' dir='ltr'><strong>cu-</strong></span> 
     </span>
    </p>
   </div>
   <div class='ocr_carea' id='block_1_111' title="bbox 910 2734 1694 2785">
    <p class='ocr_par' dir='ltr' id='par_1_111' title="bbox 910 2734 1694 2785">
     <span class='ocr_line' id='line_1_111' title="bbox 910 2734 1694 2785; baseline 0.017 -21"><span class='ocrx_word' id='word_1_785' title='bbox 910 2734 967 2765; x_wconf 76' lang='lat' dir='ltr'><strong>ram</strong></span> <span class='ocrx_word' id='word_1_786' title='bbox 980 2735 1137 2776; x_wconf 69' lang='lat' dir='ltr'><strong>illiusjuxta</strong></span> <span class='ocrx_word' id='word_1_787' title='bbox 1151 2748 1290 2771; x_wconf 87' lang='lat' dir='ltr'><strong>ostensam</strong></span> <span class='ocrx_word' id='word_1_788' title='bbox 1301 2744 1415 2772; x_wconf 79' lang='lat' dir='ltr'><strong>formam</strong></span> <span class='ocrx_word' id='word_1_789' title='bbox 1426 2746 1588 2782; x_wconf 79' lang='lat' dir='ltr'><strong>designandi</strong></span> <span class='ocrx_word' id='word_1_790' title='bbox 1600 2757 1607 2782; x_wconf 90' lang='lat'>;</span> <span class='ocrx_word' id='word_1_791' title='bbox 1619 2750 1694 2785; x_wconf 77' lang='lat' dir='ltr'><strong>juxta</strong></span> 
     </span>
    </p>
   </div>
   <div class='ocr_carea' id='block_1_112' title="bbox 908 2787 1232 2821">
    <p class='ocr_par' dir='ltr' id='par_1_112' title="bbox 908 2787 1232 2821">
     <span class='ocr_line' id='line_1_112' title="bbox 908 2787 1232 2821; baseline 0.022 -11"><span class='ocrx_word' id='word_1_792' title='bbox 908 2791 988 2817; x_wconf 85' lang='lat' dir='ltr'><strong>quam</strong></span> <span class='ocrx_word' id='word_1_793' title='bbox 1003 2790 1031 2812; x_wconf 91' lang='lat' dir='ltr'><strong>et</strong></span> <span class='ocrx_word' id='word_1_794' title='bbox 1047 2787 1165 2821; x_wconf 88' lang='lat' dir='ltr'><strong>positum</strong></span> <span class='ocrx_word' id='word_1_795' title='bbox 1181 2793 1232 2817; x_wconf 90' lang='lat' dir='ltr'><strong>est.</strong></span> 
     </span>
    </p>
   </div>
   <div class='ocr_carea' id='block_1_113' title="bbox 943 2831 1699 2874">
    <p class='ocr_par' dir='ltr' id='par_1_113' title="bbox 943 2831 1699 2874">
     <span class='ocr_line' id='line_1_113' title="bbox 943 2831 1699 2874; baseline 0.015 -18"><span class='ocrx_word' id='word_1_796' title='bbox 943 2831 986 2857; x_wconf 69' lang='grc'><strong>94.</strong></span> <span class='ocrx_word' id='word_1_797' title='bbox 1014 2832 1085 2860; x_wconf 86' lang='lat' dir='ltr'><strong>Deus</strong></span> <span class='ocrx_word' id='word_1_798' title='bbox 1116 2834 1238 2868; x_wconf 68' lang='lat' dir='ltr'><strong>interea,</strong></span> <span class='ocrx_word' id='word_1_799' title='bbox 1264 2837 1310 2871; x_wconf 87' lang='lat' dir='ltr'><strong>qui</strong></span> <span class='ocrx_word' id='word_1_800' title='bbox 1341 2845 1370 2865; x_wconf 89' lang='lat' dir='ltr'><strong>se</strong></span> <span class='ocrx_word' id='word_1_801' title='bbox 1396 2836 1699 2874; x_wconf 65' lang='lat' dir='ltr'><strong>Symeonil‘eVCiaYCI&#39;Hi</strong></span> 
     </span>
    </p>
   </div>
  </div>
