1966 3068
89 142 155 174 3Ί¹Π

593 142 678 171 ΠΤᾹ
701 142 720 170 Α
743 140 960 171 NICEPHOHO
978 142 1222 174 CONSCBIPTA,

1649 144 1720 177 307!

89 199 173 227 δεῖται.
195 197 242 233 μὲν
264 197 309 224 καὶ
326 197 405 224 πάλιν
423 197 503 229 αὐτὸς
518 196 565 223 τοῦ
579 197 607 222 ἐν
622 195 698 224 ὕδασι
715 197 750 223 τὰ
768 197 867 232 ὑπερῷι

933 199 1048 231 stahilit,
1067 199 1246 234 deprecatur:
1268 206 1296 227 tt
1310 203 1454 228 cataractm
1481 200 1590 227 illorum
1619 207 1721 236 aperta:

91 243 275 277 ττεγάζοντος,
288 243 365 277 θύραι
384 243 410 269 6‘3
422 243 536 278 οὐρανοῦ
549 243 728 277 ἁνεῴγνιιντο,
739 243 788 269 καὶ
801 243 877 274 ὑετὸς

88 291 236 324 ἑκατέρους
250 289 349 319 αὐτοὺς
364 289 463 320 εὐθέως
479 289 609 323 ἐπλήρου.

122 336 172 368 ιζ’.
191 336 222 361 Ui.
248 336 337 370 μέντοι
357 336 475 370 μαθηταὶ
503 335 563 362 καθ’
594 335 717 367 ἑαυτοὺς,
732 335 800 362 ἀλλὰ
830 336 877 362 καὶ

89 382 157 416 προς
170 381 300 416 ἀλλήλους
313 381 496 413 ἐνδοιάζοντες
507 380 588 416 ἦσαν,
601 383 624 408 εί
637 382 709 414 ἅπαξ
726 382 798 408 οὕτω
808 382 877 415 πλη-

91 427 222 462 ρωθέντες
243 428 268 452 οἱ
295 428 390 453 λάκκοι
403 447 410 459 ,
429 428 544 462 πλήθεσι
563 428 766 459 τοσούτοιςηκαὶ
790 427 875 458 οὕτως

87 472 204 507 ἀριθμοῦ
221 473 374 508 κρείττοσιν
392 473 434 507 ἕλε’
453 474 544 500 ἱκανὸν
564 474 679 509 ἀρκέσαι
704 474 874 507 δυνήσονται.

87 518 171 544 Τοῦτο
197 519 225 544 δὲ
249 519 347 551 γνόντα
366 519 412 545 τὸν
428 520 523 553 ’Ἄγιον
537 519 584 546 ἕνα
602 519 716 546 καλέσαι
735 519 789 546 τῶν
800 519 876 546 ἁδελ-

86 563 144 598 φῶν
160 565 187 589 ὲν
204 565 312 600 ἐπηκόῳ
327 566 445 598 πάντων,
467 565 608 592 ’Λντώνιον
624 566 719 600 ὖνομα,
738 566 785 592 καὶ
805 566 875 600 προς

85 610 175 642 αὑτὸν,
193 608 301 641 Λαῦὼν,
321 612 399 647 φησὶ,
419 613 523 647 σχοῖνον
550 612 628 639 ἄπιθι
654 613 803 647 δρομαὶως,
829 612 876 638 καὶ

85 655 205 690 χαλάσας
224 657 360 692 μέτρησον
376 658 406 683 το
423 658 451 684 ἐν
470 660 526 688 τοῖς
552 658 666 690 λάκκοις
692 659 775 694 ὕδωρ.
795 659 824 685 ’0
846 658 874 685 δὲ

84 701 129 727 τὸν
141 702 243 736 σχοῖνον
259 702 294 733 ὼς
308 704 448 729 ἐντέταλτο
466 704 559 735 καθεὶς
570 706 616 730 καὶ
635 705 773 741 μετρήσας
789 706 874 731 ἐπαν-

84 746 192 781 ῆκε,τῷ
211 754 239 772 τε
261 746 343 782 ’Λγέῳ
357 748 404 774 καὶ
427 749 482 779 τοῖς
501 747 616 782 παροῦσι
652 748 681 774 τὸ
708 748 755 774 τοῦ
779 748 874 779 ὕδατος

85 791 184 826 μέτρον
213 791 374 823 ὑποδεικνὺς
402 793 432 818 ἐκ
457 793 503 819 τοῦ
525 793 641 827 σχοίνου.
677 794 798 827 Ἐαριναὶ
824 794 873 828 μὲν

84 835 130 862 οὖν
151 836 302 870 τηνικαῦτα
323 837 419 871 ἔληγον
434 834 514 873 ὧραι,
530 839 705 873 παυσαμένου
719 838 746 864 δὲ
761 838 809 873 ἤδη
825 837 873 864 καὶ

929 250 1003 278 sunt,
1018 251 1043 272 et
1059 245 1149 280 pluvia
1167 250 1316 281 utrumque
1327 246 1417 274 laeum
1440 247 1610 282 adimplcvit.

964 332 1009 359 97.
1027 332 1186 368 Pendehant
1200 342 1282 369 porro
1298 335 1398 362 animis
1412 335 1553 370 discipuli,
1577 343 1626 363 nec
1643 336 1720 363 solli-

928 378 1079 405 citudincm
1092 387 1169 406 suam
1186 380 1232 407 alii
1255 381 1318 407 aliis
1330 382 1471 410 cclahant:
1497 389 1561 408 num
1580 382 1616 408 ita
1633 382 1717 409 semel

929 424 1025 458 repleti
1044 425 1120 452 lacus
1148 431 1202 452 tam
1218 426 1355 461 frequenti
1369 432 1451 462 atque
1467 434 1621 456 numerosa
1647 430 1720 456 mul-

928 470 1040 496 litndini
1069 471 1211 498 suffecturi
1234 478 1336 500 essent.
1355 474 1392 500 Re
1423 473 1574 506 intellecta,
1598 475 1718 502 accersit

926 521 1038 546 sanctus
1067 525 1151 544 unum
1169 526 1184 545 e
1199 518 1332 546 fratribus
1355 519 1382 546 in
1397 528 1498 547 corona
1525 521 1659 553 omnium,
1672 521 1717 547 cui

927 570 1027 589 nomen
1053 563 1192 596 Antonio,
1219 564 1364 599 dicitque:
1388 566 1536 600 Assumpto
1559 567 1638 598 fune.
1661 567 1718 593 cito

927 607 981 639 abi,
999 608 1175 643 demissoque
1192 609 1219 636 in
1233 609 1319 641 lacus,
1329 610 1428 637 metire
1441 611 1615 638 altitudinem
1628 619 1715 646 aqum.

926 654 1035 681 Jussum
1051 655 1095 681 ille
1111 654 1204 682 funem
1220 655 1346 688 immisit,
1363 664 1532 691 mensusque
1560 657 1653 689 rediit,
1688 661 1716 683 et

926 704 1022 725 sancto
1039 699 1286 734 praisentibusque,
1301 705 1403 734 quanta
1416 705 1487 728 esset
1498 709 1575 735 aqua:
1598 702 1718 729 altitudo

926 744 955 771 in
973 745 1040 772 fune
1053 747 1229 773 monstravit.
1246 747 1313 774 Erat
1326 751 1384 774 tum
1408 747 1434 774 in
1447 748 1521 776 exitu
1543 756 1609 782 ver;
1624 749 1715 784 elapsa

925 792 1026 820 deinde
1037 797 1144 825 aestate.
1156 794 1269 829 jamque
1283 795 1450 822 succedente
1466 800 1609 827 autumno,
1628 796 1715 823 Anto-

924 839 989 865 nius
1004 844 1153 873 utrumque
1171 840 1259 866 lacum
1273 841 1395 868 immissa
1408 841 1473 868 fune
1485 841 1577 868 denuo
1587 842 1713 872 tentavit.

85 881 191 916 θέρους,
205 882 266 915 ἄρτι
296 890 325 908 τε
348 882 507 918 μετοπώρου
534 883 725 915 ὑπολαϐόντος,
739 884 753 909 ὁ
773 882 867 909 ’Λντώ-

927 885 1117 920 comperitque
1128 889 1155 921 (ο
1166 886 1354 921 prodigium!)
1371 892 1433 921 post
1453 892 1558 916 tantum
1583 887 1715 922 temporis

84 935 139 957 νιος
156 926 234 958 αὖθις
256 923 334 957 οὗτος
350 929 390 959 εἰς
416 928 546 964 ἑκάτερον
573 928 675 955 λάκκον
697 929 744 955 τὸν
762 927 873 963 ’σχοῖνον

84 973 187 1004 καθεὶς,
205 973 273 1008 μετὰ
304 974 349 1000 τον
375 974 502 1001 τοσοῦτον
528 975 624 1010 χρόνον
641 976 688 1002 καὶ
716 975 786 1001 οὕτω
801 976 871 1010 σαφῆ

81 1017 212 1052 ,πολέμιον
226 1017 313 1049 ὕδασι,
332 1020 400 1052 μετὰ
427 1020 475 1054 τὴν
499 1020 631 1055 τοσαύτην
654 1020 701 1047 τοῦ
731 1021 871 1056 ἀμυθήτου

85 1063 203 1098 πλήθους
219 1063 323 1089 ἐκεῖθεν
340 1064 461 1099 ὑδρείαν,
480 1062 543 1100 εὗρε
556 1066 586 1092 τὸ
598 1064 671 1101 ὕδωρ
686 1065 718 1101 (ὣ
734 1066 780 1092 τοῦ
805 1065 872 1092 θαύ-

84 1116 168 1143 ματος
180 1109 198 1143 l)
229 1108 290 1135 οὐδὲ
320 1109 350 1136 τὸ
379 1111 512 1144 παράπαν
545 1111 736 1146 ὲλαττονῆσαν,
766 1111 872 1142 ἀλλ’ὡς

85 1155 131 1180 καὶ
151 1155 283 1190 πρότερον
299 1155 370 1190 ἔχον.
385 1156 453 1191 ὅπερ
475 1157 507 1183 οὺ
528 1158 584 1188 τοῖς
604 1157 665 1184 τότε
686 1157 802 1192 παροῦσι
822 1158 872 1192 μό-

84 1208 139 1232 νον,
161 1201 228 1226 ἀλλὰ
243 1201 289 1227 καὶ
309 1202 365 1232 τοῖς
387 1201 499 1237 ὕστερον
511 1203 579 1238 ἀκοῇ
601 1203 810 1239 παρειληφόσιν,
825 1203 870 1229 εὑ-

83 1245 228 1280 χαριστίας
248 1248 365 1282 μεγίστη
385 1248 453 1283 πρὸς
471 1248 537 1274 Θεὸν
553 1249 676 1284 ἀφορμή.

118 1293 171 1326 ιη’.
191 1291 230 1318 Τά
244 1300 275 1326 γε
297 1292 350 1327 μὴν
362 1293 410 1328 τῆς
425 1294 509 1328 μονῆς
527 1295 594 1329 ἔργα
612 1295 711 1329 (ἐκεῖσε
723 1295 777 1331 γὰρ
794 1293 871 1327 αὖθις

80 1336 234 1371 ἐπανιτέον)
253 1338 439 1373 προκόπτοντα
460 1338 568 1373 βλέπειν
581 1340 595 1366 ὁ
611 1340 747 1374 βάσκανος
763 1342 792 1367 οὑ
812 1345 871 1369 στέ-

81 1389 138 1416 γων
159 1379 333 1418 Ἔχθρὺς,ν›ἷα
348 1385 395 1410 κα).
412 1385 513 1420 πολλῆς
534 1386 655 1420 μεγάλης
671 1387 709 1418 εἰς
720 1388 785 1414 Θεὸν
802 1397 871 1424 προ-

82 1427 179 1462 κοπῆς,
197 1428 315 1463 κὰκείνῳ
332 1429 453 1464 μεγάλης
479 1430 600 1466 ὲσόμενα
626 1432 706 1458 πάλιν
729 1434 802 1460 αἰτία
820 1434 870 1470 ζη-

83 1472 158 1507 μίας,
177 1472 319 1507 θεμελίους
351 1475 405 1501 τῶν
433 1476 668 1512 οἰκοδομουμένων
699 1479 870 1515 ξενοδοχείων

81 1518 139 1549 ἐνὸς
157 1518 268 1550 ὑποδὺς,
285 1519 353 1545 ὅπου
379 1521 426 1546 καὶ
454 1521 555 1553 μείζων
570 1523 645 1558 αὐτῷ
671 1525 687 1559 ἡ
704 1524 795 1560 πληγὴ
810 1525 868 1559 (ἅτε

80 1564 128 1590 καὶ
141 1563 254 1595 πολλοὺς
279 1565 423 1599 μέλλοντος
444 1566 488 1593 διὰ
502 1568 617 1602 Χριστὸν
631 1570 763 1604 ξεναγεϊν,
779 1571 868 1606 ψυχάς

77 1617 109 1635 τε
126 1611 312 1645 πεπονηκυίας
322 1611 519 1648 διαναπαύειν),
529 1614 600 1641 οὕτω
616 1616 737 1651 σιξοδρῶς
752 1615 786 1652 ἧν
799 1619 868 1646 αὐτὰ

81 1657 278 1690 συνταράσσων
295 1657 342 1683 κα)¹
358 1658 486 1684 διασείων
500 1659 537 1690 ὡς
551 1661 731 1695 ἀπειρηκέναι
746 1663 784 1696 τῷ
799 1663 867 1689 πολ-

83 1701 121 1735 λῷ
147 1702 234 1734 κλόνῳ
259 1702 306 1727 καὶ
333 1703 428 1736 χεῖρας
473 1706 528 1735 τοῖς
554 1706 618 1740 περὶ
648 1706 697 1741 τὴν
725 1707 868 1743 οἰκοδομὴν

85 1742 273 1776 πονουμένοις.
298 1743 427 1779 Δεηθέντι
446 1747 594 1781 τοιγαροῧν
624 1750 689 1784 περὶ
716 1751 811 1779 τούτου
834 1754 873 1790 τῷ

83 1785 208 1821 Συμεὼν,
224 1787 324 1823 ὲρῤἐθη
340 1790 416 1826 παρὰ
430 1791 481 1826 τῆς
501 1793 624 1828 χάριτος,
642 1795 748 1830 πέμψαι
769 1797 818 1831 τὴν
834 1785 872 1825 ot.-

82 1832 160 1859 κείαν
176 1833 276 1868 ῥάϐδον
302 1836 379 1871 παρὰ
394 1837 440 1863 τὸν
455 1838 548 1870 τόπον,
569 1839 630 1874 ἥτις
645 1841 703 1867 ἐκεῖ
722 1843 869 1878 κρούσσσα,

79 1879 126 1906 τὸν
143 1880 171 1906 ὲν
185 1881 338 1917 ἀποκρύφῳ
355 1883 567 1911 ἐπιϐουλεύοντα
592 1887 714 1922 εὑρήσει.
737 1890 870 1926 Ἐγχειρί-

80 1933 176 1957 σαντος
187 1927 278 1953 τοίνυν
291 1928 331 1954 ἐνὶ
343 1929 398 1956 τῶν
415 1930 546 1965 μαθητῶν
560 1932 606 1958 τοῦ
626 1933 729 1967 Ἀγίου,
742 1936 869 1964 ἀπελθὼν

78 1972 137 1997 ἐκεῖ
151 1973 198 1998 καὶ
212 1973 332 2008 κρούσας
349 1976 464 2007 ἐκεῖνος,
486 1977 529 2003 Ἑν
543 1978 580 2013 τῷ
596 1979 719 2014 ὀνόματι,
731 1983 808 2016 φησι,
821 1982 867 2009 τοῦ

78 2017 181 2052 Κυρίου
194 2019 273 2054 ήμῶν
286 2021 373 2055 Ἰησοῦ
388 2022 517 2057 Χριστοῦ,
535 2024 677 2060 ἐπιτρέπει
692 2034 742 2059 σοι,
758 2028 868 2062 πνεῦμα

77 2064 206 2100 πονηρὸν,
220 2065 234 2090 ὁ
247 2066 294 2092 τοῦ
309 2067 377 2093 Θεοῦ
395 2067 522 2103 θεράπων
535 2070 656 2104 Συμεὼν,
671 2072 805 2108 ἀπόστηθι
819 2073 865 2100 τοῦ

74 2113 160 2139 τόπου
174 2111 278 2144 τούτου,
295 2112 342 2139 καὶ
355 2114 525 2150 παραχρῆμα
542 2115 574 2149 (ὣ
588 2116 759 2150 δυναστείας,
770 2117 792 2144 ὢ
812 2119 861 2153 χά-

74 2164 150 2191 ριτος
173 2156 277 2183 ἐκεῖθεν
302 2157 433 2190 πλουσίας
458 2160 504 2186 τοῦ
524 2161 646 2197 Συμεὼν)
662 2163 675 2188 ὁ
694 2162 743 2197 μὲν
756 2163 861 2198 ἠχήσας

926 929 1110 963 intervallum,
1130 934 1183 957 tam
1200 930 1302 958 inimici
1314 931 1393 965 aquis
1414 936 1477 966 post
1507 935 1563 958 tam
1585 931 1714 966 frequen-

926 980 979 1003 tem
995 976 1169 1011 inexplebilis
1184 977 1272 1004 turbae
1294 977 1481 1011 aquationem,
1500 978 1569 1004 nihil
1600 978 1715 1004 omnino

924 1022 1096 1050 imminutam
1113 1023 1188 1050 illam
1202 1031 1273 1056 esse,
1304 1023 1352 1050 sed
1367 1024 1406 1050 uti
1434 1024 1513 1058 prius
1535 1031 1564 1051 sc
1599 1024 1713 1051 habere.

925 1067 990 1101 Qure
1001 1076 1045 1096 res
1059 1073 1124 1096 tunc
1140 1076 1233 1096 ceram
1249 1068 1440 1104 spectantibus
1457 1077 1511 1096 non
1537 1070 1637 1103 solum,
1665 1072 1713 1098 scil

923 1118 950 1141 et
967 1115 1095 1150 posteris,
1121 1114 1155 1142 ad
1178 1123 1294 1150 quorum
1324 1123 1407 1142 aures
1436 1123 1466 1142 ea
1488 1115 1560 1142 fama
1582 1120 1716 1151 pervenit,

923 1161 1023 1195 gratias
1040 1162 1214 1196 persolvendi
1226 1162 1282 1189 Deo
1295 1162 1469 1190 occasionem
1498 1163 1586 1190 dedit.

957 1302 1000 1330 98.
1031 1303 1143 1330 [nterim
1170 1304 1325 1338 promoveri
1348 1303 1494 1332 :cdifieium
1521 1305 1565 1340 (eo
1595 1313 1713 1340 namque

922 1348 1093 1375 redeundum
1117 1349 1198 1376 nobis
1225 1349 1278 1385 est)
1307 1349 1399 1377 lividis
1420 1351 1508 1378 oculis
1528 1351 1631 1379 intueri
1656 1360 1710 1378 non

921 1395 1060 1422 sustinens
1080 1395 1218 1426 inimicus,
1236 1395 1309 1430 quod
1327 1396 1390 1423 inde
1406 1396 1576 1425 incremento
1605 1397 1708 1433 ingenti

920 1441 1035 1476 gloriam
1047 1440 1095 1467 Dei
1108 1441 1272 1476 augendam,
1297 1441 1348 1468 sibi
1378 1449 1442 1469 vero
1470 1451 1553 1477 grave
1577 1443 1708 1471 damnum

921 1487 1066 1514 imminere
1084 1487 1277 1522 prospiceret;
1307 1487 1393 1514 subiit
1425 1488 1602 1516 fundamenta
1627 1490 1710 1516 unius

922 1532 1156 1560 xenodochiorum
1179 1533 1235 1567 jam
1266 1533 1498 1561 cmetliticalorum
1512 1555 1519 1564 .
1541 1535 1587 1561 uhi
1610 1536 1711 1571 :egrius

920 1577 972 1605 sibi
986 1577 1111 1605 futurum
1127 1582 1197 1609 erat,
1214 1578 1249 1605 ob
1264 1579 1398 1613 plurimos
1411 1579 1515 1607 Christi
1533 1588 1616 1608 causa
1647 1581 1709 1607 istic

919 1623 1042 1658 hospitio
1055 1624 1245 1658 excipiendos,
1263 1629 1290 1651 et
1316 1626 1439 1659 requiem
1463 1625 1619 1661 defatigatis
1646 1627 1708 1653 ani-

918 1669 1016 1695 mabus
1038 1669 1221 1701 inventuros;
1252 1673 1279 1695 et
1302 1674 1413 1704 quassat
1444 1672 1623 1706 concutitquc
1653 1677 1707 1699 tam

918 1713 1098 1743 vehementer
1124 1713 1293 1744 aediﬁcium.
1334 1719 1362 1741 ut
1395 1716 1492 1743 crebra
1527 1719 1708 1745 succussionc

918 1758 1044 1794 fatigate.
1061 1759 1278 1794 exanimatusque
1295 1768 1386 1795 operae
1401 1770 1499 1790 manus
1529 1763 1591 1790 inde
1614 1772 1706 1791 remo-

916 1809 1024 1832 verent.
1040 1805 1108 1832 Dum
1126 1805 1217 1840 itaque
1230 1813 1279 1840 pro
1290 1806 1414 1834 remedio
1427 1810 1558 1842 precatui
1573 1808 1705 1844 Symeon,

917 1851 987 1878 hanc
1001 1859 1015 1878 a
1023 1851 1110 1886 gratia
1123 1851 1332 1886 inspirationem
1342 1854 1458 1888 accepit,
1468 1855 1499 1880 ut
1509 1856 1611 1889 virgam
1627 1863 1706 1883 suam

916 1895 950 1923 ad
967 1896 1058 1923 locum
1075 1896 1236 1924 infestatum
1253 1898 1388 1930 mitteret,
1405 1899 1487 1934 pulsu
1501 1908 1553 1927 suo
1569 1900 1706 1928 insidian-

916 1946 970 1969 tem
989 1942 1016 1968 in
1033 1943 1142 1969 occulto
1160 1942 1268 1970 hostem
1288 1943 1470 1972 detecturam.
1503 1945 1616 1973 Tradita
1640 1955 1706 1982 ergo

914 1987 991 2022 virga
1006 1988 1205 2023 discipulorum
1224 1989 1333 2017 cuidam
1345 1990 1373 2017 in
1387 1998 1495 2023 manus,
1507 1993 1618 2020 abeunti
1640 1993 1705 2021 illuc

913 2032 1091 2067 pulsantique
1109 2038 1137 2060 et
1152 2034 1256 2062 dicenti
1272 2044 1277 2061 :
1294 2035 1323 2061 ln
1347 2035 1458 2063 nomine
1482 2036 1588 2064 Domini
1617 2038 1704 2064 nostri

913 2078 976 2105 Jesu
990 2078 1091 2106 Christi
1105 2079 1230 2114 praecipit
1246 2080 1306 2112 tibi,
1317 2081 1435 2114 pessime
1446 2081 1570 2116 spiritus,
1585 2082 1704 2111 famulus

913 2124 962 2152 Dei
977 2124 1109 2159 Symeon,
1132 2130 1161 2152 ut
1176 2133 1257 2153 exeas
1269 2127 1328 2153 loco
1341 2127 1410 2160 hoc;
1426 2133 1454 2155 et
1469 2129 1601 2156 continuo
1618 2130 1645 2164 (ιι
1656 2139 1703 2164 po-

914 2171 1045 2197 tentiaml
1073 2178 1090 2197 ο
1110 2170 1224 2198 divitem
1253 2172 1398 2207 Symeonis
1420 2174 1533 2209 gratiam
1547 2175 1566 2211 ί)
1587 2176 1702 2210 spiritus

75 2204 159 2236 μέγα,
171 2201 231 2228 λίαν
254 2203 374 2238 αἰσχρῶς
393 2205 576 2233 ἀπελαύνεται
590 2215 596 2222 ·
610 2208 730 2242 ἡσύχαζε
755 2208 784 2235 δὲ
812 2209 859 2236 τοῦ

920 2223 1011 2251 nagno
1021 2216 1096 2243 edito
1109 2223 1177 2244 sono
1197 2216 1347 2245 fmdissime
1376 2219 1489 2254 pellitur
1508 2229 1515 2247 :
1543 2201 1576 2248 die
1602 2227 1702 2250 cetero

73 2247 167 2291 λοιποῦ
183 2248 212 2274 τὸ
227 2247 317 2283 ἔργον,
334 2250 379 2276 καὶ
392 2252 463 2279 κατὰ
479 2249 558 2286 λόγον
574 2253 682 2288 ἐχώρει.

107 2337 160 2371 μοι.
181 2338 259 2380 ξΕπεὶ
275 2338 302 2364 δὲ
315 2338 471 2375 ᾠκοδόμητο
486 2341 563 2377 μὲνῆ
578 2342 692 2378 μάνδρα,
712 2344 861 2380 λελατόμη-

70 2393 101 2410 το
114 2383 144 2410 δὲ
158 2384 172 2411 ὁ
181 2378 287 2417 στύλος,
303 2385 460 2419 λατομεῖταί
475 2396 517 2419 τις
530 2389 578 2415 κα)⁵
592 2389 691 2421 λάκκος
714 2390 788 2424 δεξιὰ
811 2378 859 2418 τοῦ

70 2430 160 2461 κίονος
189 2429 256 2463 πρὸς
273 2430 417 2463 Ἀνατολὰς
448 2433 596 2471 (ἐπιτροπῇ
628 2435 658 2462 δὲ
682 2437 728 2463 τοῦ
769 2438 858 2472 Ἀγίου

69 2475 150 2502 τοῦτο
162 2476 205 2502 διὰ
214 2476 265 2511 τὴν
282 2477 438 2510 τοῦῶδατος
454 2480 578 2515 σπάνιν),
594 2481 623 2513 ὃς
640 2482 734 2515 ὕδατος
747 2484 858 2521 τληρω-

70 2522 139 2554 θεὶς,
159 2524 217 2555 τοϊς
232 2531 263 2549 τε
279 2524 404 2557 ἀδελφοῖς
420 2526 466 2552 καὶ
481 2527 536 2558 τοϊς
561 2527 611 2554 ἀνὰ
626 2529 675 2564 τὴν
690 2531 774 2567 μονὴν
801 2540 858 2566 χει-

70 2567 243 2602 ρωεχνοῦσιν
258 2568 309 2595 ὅσα
321 2577 352 2602 γε
370 2569 439 2604 πρὸς
454 2571 607 2605 ἀναγκαίαν
623 2574 737 2608 ἐπήρκει
752 2575 856 2609 χρείαν.

75 2611 230 2646 Ἐνεστήκει
245 2613 293 2647 μὲν
307 2613 353 2640 οὖν
368 2614 430 2649 ἄρτι
444 2615 491 2641 τοῦ
505 2616 602 2651 χρόνον
613 2617 643 2643 τὸ
657 2618 854 2654 ἀνθηρότατον,

69 2656 85 2690 ἡ
101 2656 148 2683 τοῦ
169 2657 241 2683 θείου
256 2659 353 2694 Πάσχα
373 2660 518 2695 λάμπουσα
533 2662 643 2697 φαιδρὸν
658 2663 774 2698 ἐῦδομὰς
786 2683 793 2696 ,
808 2665 857 2700 τὴν

67 2701 207 2736 ἡμετέραν
232 2704 369 2739 σωτηρίαν
385 2707 607 2742 πανηγυρίζουσα
622 2716 629 2724 ·
642 2708 695 2735 τῶν
711 2709 739 2735 δὲ
765 2711 854 2745 μαθη-

66 2748 132 2780 τῶν,
148 2749 178 2774 τδ
194 2749 243 2782 μὲν
259 2750 376 2786 ἠρεμίαν
391 2752 430 2788 τῷ
451 2753 604 2790 διδασκάλῳ
628 2757 853 2790 περιποιούντων,

67 2791 85 2830 ᾗ
100 2794 148 2820 καὶ
167 2795 268 2828 μᾶλλον
282 2797 363 2823 αὐτὸν
379 2798 477 2833 ᾔδεσαν
493 2800 633 2835 χαίροντα,
652 2803 682 2828 τὸ
696 2803 723 2829 δὲ
739 2804 768 2830 τὸ
783 2803 855 2840 ὕδωρ

67 2841 172 2871 ἑαυτοῖς
188 2840 421 2877 ἀποταμιούντων,
440 2845 482 2871 διὰ
495 2854 522 2871 τε
536 2847 584 2880 τὴν
599 2847 680 2874 αὕτοῦ
698 2848 853 2885 βραχύτητα

914 2265 1006 2288 autent
1033 2262 1126 2296 quiete
1153 2262 1318 2290 etliﬁeatum
1347 2269 1398 2298 est,
1416 2269 1443 2292 et
1465 2265 1568 2294 fabrica
1597 2269 1637 2303 (ut
1659 2269 1701 2295 di-

913 2311 987 2334 ctum
1016 2308 1068 2342 est)
1098 2308 1294 2342 perﬁciebatur
1316 2318 1349 2337 ex
1376 2313 1523 2339 sententia.

948 2352 991 2379 99.
1008 2353 1072 2380 Post
1087 2357 1259 2381 exstructum
1268 2355 1320 2390 jam
1334 2348 1542 2392 monasterium,
1561 2361 1700 2388 etcolum-

912 2406 975 2425 nam
990 2406 1086 2426 etesam
1098 2421 1105 2432 ,
1122 2403 1236 2427 cavatur
1248 2406 1275 2428 et
1284 2402 1413 2435 eislcrna,
1423 2412 1437 2430 a
1446 2403 1557 2432 dextera
1565 2408 1700 2435 eolunmae

913 2450 991 2479 parte
1010 2453 1107 2472 versus
1131 2446 1276 2479 orientem,
1304 2448 1418 2483 jubente
1446 2450 1482 2476 ita
1507 2450 1641 2486 Symeone
1664 2453 1700 2480 ob

912 2498 1045 2525 aquarum
1063 2491 1226 2525 penuriam;
1243 2496 1273 2519 ut
1286 2493 1349 2521 inde
1363 2494 1495 2523 fratribus
1505 2501 1532 2523 el.
1548 2497 1574 2523 in
1602 2505 1698 2525 mona-

910 2536 995 2563 sterio
1011 2538 1191 2571 operantibus
1208 2539 1241 2565 ad
1259 2547 1325 2567 usus
1348 2542 1518 2568 necessarios
1539 2550 1607 2576 aqua
1635 2551 1699 2577 sup-

910 2583 1093 2617 peditaretur.
1104 2584 1132 2611 ln
1149 2584 1258 2613 foribus
1266 2586 1322 2620 jam
1335 2590 1397 2613 erat
1408 2587 1615 2614 tloridissimum
1628 2593 1697 2615 tem—

909 2635 971 2662 pus,
981 2629 1132 2657 clarissima
1142 2631 1336 2665 ltetissimaque
1344 2633 1431 2659 sancti
1441 2633 1583 2660 Paschalis
1594 2633 1697 2661 hebdo-

908 2674 999 2705 mada,
1014 2680 1154 2702 auctorem
1170 2680 1253 2711 atque
1269 2677 1459 2711 operationem
1475 2678 1572 2705 salutis
1594 2684 1695 2706 nostra:

907 2719 1070 2751 celebrans;
1096 2729 1159 2747 cum
1183 2721 1337 2757 discipulis,
1366 2724 1464 2758 partim
1487 2724 1618 2758 magistro
1646 2733 1696 2752 suo

906 2764 1096 2796 solitudinem,
1111 2773 1163 2800 qua
1176 2767 1314 2801 prwcipue
1328 2767 1403 2794 Illum
1416 2767 1547 2795 delectati
1562 2776 1696 2796 neverant

907 2809 1109 2837 instruentibus
1135 2811 1234 2846 partim
1259 2820 1368 2847 aquam,
1400 2813 1435 2840 ob
1460 2815 1636 2848 exiguitatem
1667 2819 1695 2843 (ι

905 2852 1091 2880 auferentium
1114 2854 1177 2881 inde
1204 2857 1540 2889 nrultitlnlincm,‘additis
1569 2849 1707 2887 cistct'ue'
