1966 3068
231 127 301 160 ωτθ
309 143 312 145 τ

831 125 864 155 S.
882 124 1071 155 SYMEONIS
1089 122 1269 153 JUNlORIS

1795 115 1869 146 3080

233 185 364 221 operculo
380 188 409 212 et
422 191 482 211 sera
499 183 550 211 sibi
563 183 794 216 recondentibus;
811 191 885 215 cum,
900 183 1022 217 inquam,

1085 181 1122 207 ιαὶ
1150 180 1181 207 τὸ
1208 180 1263 206 τῶν
1290 176 1499 212 ἀφικνουμένων
1527 174 1639 210 πλῆθος,
1654 173 1740 209 θύραν
1769 181 1798 198 τε
1828 171 1869 207 τῷ

234 232 355 268 Symeon
367 239 399 259 se
413 232 441 259 in
459 231 559 266 spiritu
578 229 663 257 veluti
680 229 713 256 ad
731 229 880 256 cisternam
904 228 1024 255 delatum

234 279 320 309 videt.
336 285 435 313 aquam
451 280 569 311 utraque
586 283 668 302 manu
684 275 854 308 turbantem,
867 283 982 310 eamque
997 275 1025 302 in

234 327 319 355 altum
336 325 395 353 tolli
417 329 445 352 et
461 325 534 351 inter
550 323 754 351 nmltitudinem
777 323 908 351 distribui
926 323 1026 359 juben-

234 377 302 400 tem.
315 370 478 399 Convocatis
496 371 588 404 itaque
604 369 739 397 fratribus
751 369 879 404 imperat,
894 376 984 396 seram
996 372 1027 395 ut

235 417 372 447 auferant,
389 424 443 451 quo
460 415 597 442 universis
609 422 711 450 aquare
727 415 885 442 volentibus
899 414 1027 448 adaper-

237 468 292 490 tam
311 463 458 490 cisternam
478 469 607 489 accessus
620 465 714 496 pateat
730 469 737 487 :
755 460 813 488 Jam
826 461 912 492 enim,
926 459 1026 494 inquit,

236 516 356 543 superna
374 507 530 534 visitatione
546 506 613 533 mibi
630 506 765 553 innotuit,
782 513 879 540 aquam
903 509 959 532 toto
974 505 1027 532 hoc

235 564 308 583 anno
324 563 379 582 non
395 554 578 582 defecturam.
594 553 706 583 Ettides
716 553 801 581 dictis
813 553 891 580 stetit
907 561 913 579 :
933 561 967 580 ex
981 553 1027 579 illo

236 607 355 633 namque
370 603 494 633 tempore
508 606 604 625 omnes
621 597 782 625 monasterii
806 597 904 624 incolae
917 596 952 623 ad
964 596 1027 631 pin-

239 646 355 673 sendum
366 653 476 680 panem,
487 644 521 672 ad
531 644 823 678 coquendoscibos,ad
831 643 952 678 reliquos
961 650 1029 670 usus

232 699 337 726 .aqnam
360 691 429 719 inde
454 691 631 722 hauriebam,
649 691 704 718 imo
720 694 753 732 et,
769 689 881 717 fabrica:
906 689 1026 716 indidem

238 738 469 773 suppeditabatur
488 746 495 764 :
512 737 581 764 adde
607 736 680 772 quod
707 736 869 763 accedentes
885 735 968 762 etiam
994 734 1027 761 ad

240 785 404 820 Symeonem
424 784 517 811 vturbae
531 791 586 810 non
600 783 690 810 solum
707 782 771 810 inde
788 782 926 813 biberent,
941 781 989 808 sed
1001 785 1029 808 et

238 837 304 857 vasa
318 829 428 857 diversa
441 833 469 856 et
490 833 562 856 totos
585 833 661 856 utres
679 828 835 862 implerent,
851 835 948 862 aquam
977 834 1027 861 pro

239 884 353 903 munere
370 875 480 902 domum
502 875 694 906 conferentes;
716 882 767 901 nec
793 877 884 900 tamen
908 880 1026 907 unquam

239 921 288 950 illo
304 929 377 948 anno
398 921 517 949 cisterna
536 920 592 946 nfuit
615 919 757 946 exhausta.

277 1048 336 1075 100.
355 1048 471 1083 Vigilius
488 1048 610 1084 quidam.
627 1047 746 1075 famulus
772 1048 940 1076 domesticus
963 1050 1029 1076 olim

241 1094 405 1129 patriarcbze
420 1094 549 1128 prraim
565 1093 653 1120 felicis
668 1094 817 1127 memoriae,
842 1098 898 1121 toto
915 1103 1030 1130 corpore

243 1140 430 1175 paralytieus.‘
445 1141 557 1166 tertium
575 1140 630 1174 jam
655 1147 757 1166 annum
783 1139 815 1166 ad
840 1147 930 1167 sacras
958 1140 1031 1168 aedes

238 1185 373 1220 iacuerat,
395 1185 567 1219 medicisque
597 1191 627 1211 se
652 1185 803 1212 curandum
831 1185 1029 1213 commiserat:

241 1238 360 1266 quorum
375 1235 435 1257 arte
447 1230 514 1257 nihil
530 1234 696 1257 consecutus
709 1230 761 1257 nisi
775 1230 847 1265 quod
860 1231 1032 1258 manifestius

242 1279 295 1314 iam
306 1277 505 1304 conclamatum
517 1281 589 1303 esset
603 1275 638 1303 de
653 1277 727 1309 vita;
741 1281 845 1303 tantum
864 1278 903 1304 nti
919 1281 1032 1304 truncus

241 1323 388 1355 exanimis,
411 1327 458 1350 aut
474 1323 566 1357 potius
590 1322 698 1357 spirans
711 1323 838 1355 cadaver,
853 1323 886 1349 ad
906 1327 1031 1350 sanctum

243 1369 400 1395 advehitur.
423 1369 529 1396 Jaeitur
551 1368 737 1395 miserandum
760 1369 947 1403 spectaculum
969 1373 1033 1396 ante

243 1414 340 1441 faciem
362 1415 414 1441 viri
439 1415 563 1449 benigni,
586 1415 700 1441 multum
717 1415 829 1442 trahens
844 1422 938 1442 secum
952 1415 1034 1442 mise-

244 1459 368 1492 rationis;
387 1468 468 1494 quam
485 1465 513 1487 et
526 1460 660 1494 impertiri
673 1461 792 1495 paratior
808 1461 853 1488 hic
863 1466 934 1492 erat,
951 1469 1032 1494 quam

1076 227 1170 262 λάκκῳ
1182 226 1341 256 ἐπιτιθέντων,
1361 224 1407 250 καὶ
1421 223 1514 250 κλεῖδα
1527 223 1560 257 τῇ
1575 221 1645 256 θύρᾳ
1657 220 1843 247 ἐπιϐαλόντων
1859 228 1866 234 ·

1076 274 1127 308 ὁρᾷ
1141 272 1179 307 τῷ
1193 271 1330 306 πνεύματι
1343 272 1357 296 ὁ
1372 270 1486 304 Συμεὼν
1499 267 1597 294 ἑαυτὸν
1612 266 1683 293 κατὰ
1701 266 1747 292 τὸν
1765 265 1868 292 λάκκον

1076 319 1158 345 οἱονεὶ
1175 318 1320 352 γεγονότα,
1335 316 1365 342 τό
1379 323 1409 341 τε
1428 315 1499 349 ὕδωρ
1511 313 1680 348 ἀμφοτέραις
1691 313 1789 347 χερσὶν
1801 312 1868 337 ἁνα-

1076 365 1261 400 ταράσσοντα,
1280 363 1327 390 καὶ
1340 362 1436 396 ὥσπερ
1455 361 1512 387 ἄνω
1526 359 1658 395 φέρεσθαι
1673 359 1719 385 καὶ
1743 361 1784 389 εἰς
1799 357 1868 391 πλῆα

1078 411 1123 442 θος
1150 409 1296 436 ἐπιδιδόναι
1326 407 1468 434 ποιοῦντα.
1486 405 1662 439 Συγκαλέσας
1689 404 1779 430 τοίνυν
1803 404 1867 434 τοῦς

1076 457 1220 490 ἀδελφοὺς,
1235 453 1299 490 ἆραι
1326 453 1432 480 κελεύει
1457 453 1506 488 τὴν
1533 451 1643 484 κλεῖδα,
1667 451 1705 482 ὡς
1730 450 1869 487 ἀνεῷχθαι

1078 502 1160 534 παντὶ
1175 502 1220 528 τὸν
1233 501 1333 528 λάκκον
1348 499 1510 536 ὑδρεύεσθαι
1524 498 1688 533 βουλομένῳ.
1715 494 1870 531 Ἐπισιιοπὴ

1077 548 1143 582 γὰρ,
1158 547 1251 583 φησὶν,
1268 546 1371 574 ἄνωθεν
1397 546 1441 572 ἐπ’
1474 544 1547 579 αὑτῴ
1573 544 1690 577 γεγόνει,
1706 542 1753 569 καλ
1773 542 1868 568 οὐκέτι

1078 593 1202 620 ἐνιαυτὸν
1229 591 1324 618 τοῦτον
1341 590 1468 625 οὐδαμῶς
1493 588 1614 623 ἐκλείψει
1631 597 1638 604 ⁸
1658 587 1728 615 κατὰ
1740 587 1825 618 πόδας
1840 586 1867 612 δὲ

1078 640 1125 666 καὶ
1140 639 1170 665 τὺ
1184 639 1263 673 ἔργον
1280 637 1458 672 ἐπηκολούθει
1470 643 1477 650 ·
1500 635 1531 662 οὐ
1548 636 1602 669 γὰρ
1615 634 1695 668 μόνον
1713 633 1744 665 ἐξ
1760 633 1869 659 ἐκείνου

1078 686 1178 716 πάντες
1193 684 1297 711 ἐκεῖθεν
1313 684 1338 709 oi
1353 683 1402 717 τῆς
1418 682 1501 718 μονῆς
1527 681 1595 714 πρός
1607 689 1637 707 τε
1654 680 1704 715 τὴν
1723 678 1771 705 τοῦ
1789 679 1871 712 ἀρτο-

1078 730 1192 761 ποιείου,
1206 729 1252 755 καὶ
1260 728 1305 755 τοῦ
1319 728 1487 763 μαγειρείου,
1498 726 1604 757 καὶτὰς
1615 725 1711 756 λοιπὰς
1727 723 1871 759 ὑδρεύοντο

1078 776 1186 811 χρείας,
1201 774 1269 801 ἀλλὰ
1286 775 1334 800 καὶ
1353 775 1413 805 ταῖς
1428 772 1584 807 οἰκοδομαῖς
1610 772 1712 802 ἐκεῖνος
1732 771 1746 796 ὁ
1767 770 1871 801 λάκκος

1080 821 1205 857 ἐχορήγει
1220 821 1251 847 τὺ
1267 820 1355 856 ὕδωρ
1373 820 1408 846 τά
1424 828 1454 845 τε
1469 818 1544 854 παρὰ
1558 818 1605 844 τὸν
1622 818 1717 852 ’Λγιον
1733 811 1872 850 έρχόμενι

1080 867 1169 903 πλήθη
1193 867 1242 902 οὐχ
1265 867 1340 898 ὅπως
1359 866 1388 899 ἐξ
1407 864 1489 892 αὐτοῦ
1508 864 1608 896 πάντες
1626 864 1728 894 ἔπινον,
1742 862 1810 889 ἀλλὰ
1824 861 1872 888 καὶ

1079 914 1178 947 ἀγγεῖα
1193 912 1304 939 ποικίλα
1318 911 1365 938 καὶ
1379 911 1480 942 ἀσκοὺς
1491 910 1567 941 ὅλους
1583 909 1730 944 ἐπλήρουν,
1745 907 1872 941 εὐλογίαν

1080 959 1170 985 οἴκαδε
1193 958 1381 992 κομιζόμενοι,
1405 957 1453 983 καὶ
1474 956 1504 982 τὸ
1526 955 1597 990 ὕδωρ
1615 954 1719 981 ἐκείνου
1734 953 1779 980 τοῦ
1793 952 1871 983 ἑτους

1080 1005 1206 1040 οὐδαμῶς
1222 1005 1358 1031 ὑπεδίδου.

1116 1053 1149 1084 ρ’.
1168 1049 1302 1083 Βιγίλλιός
1312 1057 1353 1080 τις
1368 1048 1464 1082 δνομα,
1483 1047 1590 1081 οἰκέτης
1609 1045 1636 1072 δὲ
1652 1042 1729 1077 οὗτος
1750 1044 1872 1079 Ἐφρτῒμ

1080 1096 1126 1122 τοῦ
1151 1095 1304 1130 μακαρίτου
1330 1094 1515 1129 Πατριάρχου,
1531 1092 1661 1128 παρεθεὶς
1677 1092 1730 1126 ὅλῳ
1750 1091 1870 1126 σώματι,

1081 1133 1127 1168 καὶ
1145 1141 1236 1177 τρίτον
1252 1141 1316 1176 ἑξῆς
1338 1141 1398 1172 ἔτος
1423 1140 1506 1174 ἱεροῖς
1529 1137 1811 1174 προσανακλινόμενος
1833 1136 1872 1162 οῖ·-

1081 1196 1150 1220 κοις,
1168 1187 1267 1222 ἰατρῶν
1278 1195 1308 1213 τε
1321 1186 1416 1222 χερσὶν
1429 1185 1524 1212 ἑαυτὸν
1538 1185 1668 1215 ἐκδιδοὺς,
1684 1183 1722 1215 ὡς
1733 1183 1809 1209 οὐδὲν
1821 1181 1872 1216 τῆς

1082 1233 1179 1268 τέχνης
1193 1233 1279 1259 ὤνατο
1296 1233 1387 1264 πλέον,
1402 1234 1444 1259 δτι
1470 1232 1507 1267 μὴ
1528 1231 1601 1265 σοιφῆ
1614 1230 1664 1265 τῆς
1679 1230 1752 1264 ζωῆς
1765 1228 1873 1262 ἀπαγό-

1084 1288 1185 1312 ρευσιν,
1201 1277 1245 1306 οἷά
1257 1288 1282 1305 τι
1297 1279 1351 1306 τῶν
1359 1270 1475 1313 ¹ἀψύχων
1489 1278 1505 1313 ἢ
1522 1277 1617 1312 νεκρὸς
1634 1276 1734 1312 μᾶλλον
1750 1276 1873 1311 ἔμψυχος

1082 1324 1112 1350 τὺ
1130 1325 1300 1356 καινότατον,
1317 1324 1460 1357 κομίζεται
1483 1323 1522 1358 τῷ
1542 1323 1634 1357 Ἀγίῳ.
1659 1322 1798 1349 Ῥίπτεται
1816 1331 1874 1349 τοι·

1083 1370 1184 1406 γαροῦν
1196 1370 1277 1397 ἀθλία.
1295 1369 1348 1405 πρὸ
1362 1370 1416 1396 τῶν
1434 1370 1541 1396 ἐκείνου
1558 1368 1758 1404 φιλανθρώπων
1771 1368 1874 1403 ὀφθαλ-

1086 1416 1144 1452 μῶν
1155 1416 1226 1451 ὄψις,
1242 1415 1326 1442 πολὺν
1339 1416 1426 1442 ἕλκων
1441 1415 1486 1442 τὸν
1502 1415 1586 1447 ἔλεον,
1600 1415 1629 1441 δν
1640 1416 1654 1441 ό
1664 1414 1710 1441 τοῦ
1724 1413 1875 1449 λαμϐάνειν

1084 1463 1222 1493 αἰτοῦντος
1235 1462 1332 1488 διδόναι
1353 1461 1452 1496 μᾶλλον
1468 1462 1572 1492 ἐκεῖνος
1589 1460 1626 1487 ὢν
1644 1459 1875 1494 ὲτοιμότερος,Εἱ

245 1505 290 1550 ille
315 1505 361 1539 qui
382 1505 491 1539 petebat
514 1506 649 1540 accipere.
677 1505 721 1534 Ait
747 1507 832 1540 igitur
853 1507 905 1534 :Si
931 1507 1032 1539 credis.

1087 1507 1234 1539 πιστεύεις,
1255 1506 1317 1541 ἔφη,
1340 1506 1470 1532 δύνασθαι
1492 1506 1542 1541 τὴν
1556 1503 1586 1531 ἐν
1605 1503 1646 1532 σοὶ
1661 1505 1751 1532 πίστιν
1769 1505 1809 1535 εις
1829 1504 1876 1530 τὸν

246 1546 328 1578 tidem
343 1557 429 1583 tuam,
448 1559 531 1586 quam
555 1552 589 1579 de
613 1553 682 1579 Filio
704 1553 751 1579 Dei
766 1553 862 1586 habes,
881 1561 961 1588 posse
985 1554 1034 1581 tibi

247 1597 388 1624 mediante
401 1605 444 1624 me
460 1598 607 1625 restituere
621 1595 752 1630 salutem;
768 1607 848 1634 surge
863 1604 893 1626 ut
907 1604 996 1634 potes,
1009 1605 1036 1626 et

245 1641 368 1668 ambula.
396 1641 444 1669 Ille
471 1649 533 1668 mox
555 1650 636 1676 quam
660 1647 767 1677 poterat
793 1644 945 1672 clarissima
969 1653 1036 1672 voce

246 1688 403 1715 exclamans
423 1697 429 1714 :
446 1688 546 1719 Credo,
561 1689 685 1721 Domine,
701 1697 781 1724 posse
797 1694 823 1716 te
839 1697 889 1724 per
905 1690 1035 1717 famulum

247 1738 324 1759 tuum
339 1734 440 1760 omnia.
457 1733 479 1760 0
492 1734 677 1762 visitationem
691 1735 828 1762 divinam!
845 1743 860 1762 ο
877 1735 959 1763 breve
973 1744 1036 1763 ver-

248 1779 313 1806 bum
343 1787 447 1814 magum
461 1780 533 1814 apud
559 1781 643 1807 Deum
665 1781 814 1816 potcnlizel
832 1782 940 1809 Exsiliit
953 1782 1036 1814 illico,

248 1826 411 1860 redditaque
443 1826 536 1853 debita
560 1831 654 1853 sancto
678 1828 872 1859 veneratione,
903 1835 919 1855 e
945 1833 1037 1856 monte

248 1871 432 1902 descendens,
450 1872 482 1898 ad
503 1872 632 1899 balneum
658 1873 731 1906 quod
747 1873 909 1901 Tiberinum
923 1873 1036 1905 dicitur.

248 1922 331 1942 cursu
347 1916 505 1948 contendit;
525 1921 581 1942 tum
598 1917 675 1951 ‘quod
693 1917 823 1951 gaudium
837 1925 918 1944 suum
939 1925 1038 1952 capere

248 1961 341 1988 animo
353 1969 407 1988 non
419 1966 520 1996 posset,
538 1970 588 1989 nec
602 1970 631 1989 se
646 1970 701 1997 pra
713 1963 860 1997 voluptatis
871 1963 1037 1991 abundantia

248 2007 402 2039 continere,
423 2011 480 2034 tum
502 2007 575 2042 quod
591 2007 732 2035 festinaret
751 2009 853 2043 prim-is
871 2009 1038 2037 infirmitatis

249 2053 381 2087 rcliquias
407 2053 529 2080 abluere.
555 2054 588 2081 Et
623 2053 773 2081 descensus
798 2054 842 2081 ille
868 2055 979 2089 quidem
1003 2056 1038 2083 de

250 2105 341 2127 monte
370 2099 522 2126 stadiorum
546 2090 776 2135 eircitcr‘viginti
812 2100 929 2128 duorum
961 2105 1037 2135 erat;

249 2153 330 2181 quem
354 2145 478 2173 decurrit
502 2146 623 2172 extensis
648 2145 681 2172 ad
707 2146 791 2172 Deum
817 2147 964 2179 manibus;
990 2154 1038 2174 ore

1087 1553 1150 1579 Υίὸν
1163 1552 1209 1578 τοῦ
1223 1551 1290 1578 Θεοῦ
1307 1551 1340 1578 δι’
1356 1551 1423 1586 ἐμοῦ
1443 1551 1555 1586 μεσίτου
1574 1550 1700 1577 ἰάσασθαί
1715 1559 1755 1582 σε,
1768 1549 1876 1584 ἑγειραι

1086 1599 1123 1630 ὡς
1136 1598 1207 1633 ἔχεις
1225 1598 1272 1624 καὶ
1286 1598 1443 1633 περιπάτει.
1464 1597 1492 1624 '0
1507 1597 1547 1629 δὲ,
1562 1596 1698 1629 Πιστεύω,
1714 1596 1814 1630 Κύριε,
1831 1595 1878 1623 δύ·

1086 1643 1182 1669 νασθαί
1200 1651 1229 1668 σε
1245 1643 1288 1669 διὰ
1298 1642 1344 1668 τοῦ
1358 1642 1404 1668 σοῦ
1418 1641 1583 1677 θεράποντος
1600 1642 1699 1674 πάντα,
1711 1642 1827 1676 λαμπρᾷ
1840 1641 1878 1673 ὼς

1087 1687 1158 1723 εἶχεν
1174 1688 1254 1719 εὐθὺς
1272 1689 1306 1723 τῇ
1322 1689 1398 1722 φωνῇ
1413 1687 1514 1722 βοήσας
1537 1687 1570 1721 (ὣ
1583 1687 1657 1718 θείας
1669 1687 1838 1721 ἑπισκοπῆςί
1853 1687 1876 1712 ὦ

1088 1735 1208 1770 ῥήματος
1221 1733 1310 1767 ὀλίγου
1325 1733 1431 1769 μεγάλα
1444 1734 1521 1769 παρὰ
1531 1733 1589 1767 Θεῷ
1598 1733 1746 1767 δυναμένου
1757 1733 1781 1768 l)
1792 1732 1879 1767 ἦλατό

1087 1790 1116 1808 τε
1130 1781 1239 1812 αὐτίκα,
1261 1781 1308 1807 καὶ
1327 1781 1376 1816 τὴν
1391 1781 1585 1816 προσήκουσαν
1602 1779 1640 1814 τῷ
1661 1780 1744 1814 ’Δγίῳ
1758 1780 1879 1815 προσκεῖ-

1087 1836 1164 1862 νησιν
1181 1826 1370 1865 ἀποδεδωκὼς,
1388 1826 1484 1861 κατῄει
1498 1826 1592 1862 δρόμῳ
1607 1825 1652 1852 τοῦ
1667 1825 1747 1861 ὅρους
1763 1826 1842 1861 παρὰ
1853 1834 1880 1852 τι

1089 1873 1240 1908 βαλανεῖον,
1253 1872 1392 1906 Τιϐερῖνον
1408 1871 1585 1906 καλούμενον.
1605 1871 1637 1898 τὸ
1654 1871 1703 1906 μὲν
1717 1872 1816 1906 χωρεῖν
1831 1871 1881 1906 οὐχ

1087 1916 1143 1950 οἷός
1162 1927 1192 1943 τε
1217 1918 1254 1944 ὢν
1274 1918 1303 1943 ὲν
1325 1917 1413 1951 ἑαυτῷ
1432 1918 1484 1952 τὴν
1506 1917 1592 1952 χαρὰν
1608 1917 1654 1944 καὶ
1670 1917 1729 1943 οὐδὲ
1744 1916 1879 1948 καθεκτὸς

1089 1963 1187 1990 ἑαυτοῦ
1202 1963 1245 1990 διὰ
1259 1963 1338 1990 τοῦτο
1349 1963 1491 1997 γινόμενος
1503 1971 1509 1978 ·
1524 1962 1554 1989 τὺ
1566 1962 1593 1989 δὲ
1607 1963 1654 1989 καὶ
1667 1963 1738 1989 αὑτά
1753 1963 1803 1997 τῆς
1815 1971 1880 1997 προ-
1920 1996 1921 1999 η

1088 2010 1170 2044 τέρας
1186 2009 1372 2040 κακοπαθείας
1387 2008 1595 2035 ἁποπλύνασθαι
1614 2009 1649 2035 τὰ
1663 2008 1778 2043 λείψανα
1793 2009 1879 2036 σπεύ-

1088 2055 1140 2081 δων
1157 2055 1166 2091 (
1184 2055 1200 2089 ἡ
1224 2054 1315 2089 μέντοι
1331 2054 1442 2085 κάθοδος
1455 2055 1547 2089 ἐκείνη
1559 2055 1634 2081 πᾶσα
1647 2055 1694 2081 τοῦ
1710 2055 1789 2089 ὅρους
1815 2056 1880 2089 περί

1090 2109 1140 2127 που
1155 2100 1201 2126 δύο
1215 2101 1261 2126 καὶ
1276 2100 1377 2127 εἴκοσιν
1400 2100 1468 2127 οὖσα
1484 2101 1727 2138 σταδίους),χεῖρας
1742 2100 1814 2136 εἶχεν
1829 2103 1881 2127 αὐ-

1090 2146 1128 2182 τῷ
1152 2147 1354 2182 ἀνατεταμένοις
1382 2146 1452 2182 Θεῷ,
1472 2147 1501 2173 τὸ
1518 2147 1606 2180 στόμα
1622 2155 1651 2172 τε
1668 2148 1756 2182 χαρᾶς
1777 2147 1882 2184 ὑπειπε-

250 2191 354 2222 laetitia.
371 2195 398 2218 et
417 2191 496 2218 labiis
512 2191 694 2218 exsultatione
709 2191 830 2226 repletis.
847 2191 933 2219 Lotus
945 2196 1032 2218 autem

1091 2193 1255 2227 πλησμένον,
1276 2193 1324 2219 καὶ
1341 2193 1375 2219 τὰ
1390 2193 1466 2227 χείλη
1495 2192 1882 2227 ἀγαλλιάσεως.Λουσάμενος

250 2238 351 2264 cursim
362 2237 457 2264 eadem
476 2237 508 2264 ad
525 2239 650 2264 sanctam
667 2242 804 2272 properat,
818 2238 973 2272 saepiusque
986 2237 1037 2264 ite-

251 2288 310 2310 rato
331 2283 464 2310 descensu
491 2288 573 2317 atque
589 2290 704 2310 ascensu
729 2283 800 2309 idem
824 2283 940 2315 factitat,
955 2283 1038 2318 idque

252 2328 348 2356 eadem
361 2329 421 2360 die;
436 2333 465 2355 ut
479 2329 556 2356 factis
573 2328 650 2364 ipsis,
666 2328 854 2356 confirmatam
869 2329 920 2356 sibi
931 2329 1038 2356 valetu-

251 2375 343 2402 dinem
368 2383 443 2407 csse,
467 2375 547 2403 fidem
572 2375 697 2402 faceret:
721 2375 830 2402 tandem
846 2375 1037 2403 benedictione

251 2426 362 2455 accepta
389 2428 404 2447 a
419 2425 524 2453 sancto,
549 2421 666 2448 tetendit
691 2421 717 2447 in
743 2421 852 2452 urbem,
875 2424 1036 2448 cunctorum

251 2467 339 2494 oculis
360 2466 523 2494 admirabile
540 2466 727 2501 spectaculum
745 2465 780 2492 ob
796 2458 1036 2493 sanationem'nou

251 2514 403 2548 opinatam.

1093 2238 1195 2274 μέντοι,
1221 2238 1268 2265 καὶ
1290 2239 1382 2274 δρόμῳ
1408 2238 1489 2265 πάλιν
1513 2239 1614 2273 ὁμοίως
1631 2238 1706 2273 παρὰ
1721 2238 1767 2264 τὸν
1785 2239 1883 2272 Ἀγιον

1091 2284 1226 2317 ἀνελθὼν,
1256 2285 1387 2316 πολλάκις
1417 2293 1447 2311 τε
1472 2284 1550 2311 τοῦτο
1579 2284 1692 2319 δράσας,
1713 2284 1822 2320 καθόδῳ
1854 2295 1883 2312 τε

1092 2331 1289 2366 παραπλησίως
1313 2331 1360 2357 καὶ
1381 2331 1468 2366 ἀνόδῳ
1491 2331 1675 2366 χρησάμενος.
1693 2331 1740 2357 καὶ
1760 2332 1810 2364 τῆς
1832 2332 1884 2357 αὑ-

1091 2377 1140 2410 τῆς
1165 2376 1272 2411 ἡμέρας
1299 2376 1453 2411 ἀμφοτέρα,
1479 2376 1523 2401 ἵνα
1548 2375 1594 2401 καὶ
1616 2374 1664 2408 τὴν
1684 2374 1780 2408 ὑγείαν
1799 2376 1884 2406 αὐτὸς

1092 2422 1180 2454 ἑαυτῷ
1198 2421 1369 2456 πιστώσηται
1384 2422 1483 2457 μᾶλλον
1503 2421 1556 2447 ἀπὸ
1576 2420 1621 2447 τοῦ
1639 2420 1805 2455 πράγματος
1818 2430 1824 2436 ·
1843 2423 1885 2448 τέ-

1091 2467 1137 2499 λος
1159 2468 1316 2503 εὐλογηοεὶς
1340 2468 1386 2494 ὑπ’
1408 2468 1502 2501 αὑτοῦ,
1525 2468 1647 2494 κάτεισιν
1670 2468 1708 2499 είς
1729 2468 1780 2502 τὴν
1805 2469 1884 2495 πόλιν

1092 2512 1241 2547 ὀφθαλμοῖς
1273 2513 1341 2539 πᾶσι
1370 2513 1463 2548 θαῦμα
1491 2513 1530 2548 τῷ
1559 2512 1702 2548 παραδόξῳ
1723 2513 1773 2548 τῆς
1800 2513 1885 2548 θερα-

1093 2558 1184 2590 πείας.

972 2622 1084 2650 CAPUT
1106 2623 1176 2651 XIII.

538 2680 621 2708 Varia!
642 2683 752 2707 ecstases
769 2684 792 2706 ct
816 2681 951 2713 vaticinia,
980 2688 1118 2716 prrresque
1138 2689 1186 2715 pro
1207 2682 1355 2708 avertendis
1378 2682 1585 2710 calamitatibus.

291 2735 352 2763 iOl.
379 2735 408 2762 ln
435 2737 532 2763 eestasi
562 2736 710 2771 aliquando
739 2737 855 2773 Symeon
883 2737 951 2764 vidit
979 2737 1040 2764 infl-

255 2780 339 2807 nilam
363 2781 497 2814 virorum,
520 2782 678 2814 mulierum,
700 2790 730 2810 ac
749 2790 898 2817 puerorum
921 2783 1039 2816 turbam,

252 2834 285 2852 ex
302 2825 412 2853 Oriente
429 2827 461 2853 ad
477 2836 505 2854 se
523 2828 704 2861 venientium,
719 2836 836 2863 quorum
853 2836 949 2856 manus
970 2837 1041 2863 prte-

1131 2742 1182 2774 ρα’.
1205 2738 1338 2774 Ἐωρακει
1354 2740 1420 2768 ποτὲ
1431 2741 1445 2766 ὁ
1457 2741 1570 2776 Συμεὼν
1585 2741 1613 2768 ἐν
1625 2741 1765 2774 ἐκστάσει,
1779 2741 1885 2778 ἀνδρῶν

1094 2784 1141 2810 καὶ
1156 2785 1359 2818 γυναικῶν,καὶ
1376 2786 1477 2812 παίδων
1495 2786 1597 2821 πλῆθος
1625 2787 1732 2824 μυρίην⁷
1767 2788 1886 2823 ἥκοντος

1094 2831 1133 2861 εἰς
1147 2830 1227 2857 αὐτὸν
1240 2831 1271 2856 ὲκ
1290 2831 1338 2865 τῆς
1355 2831 1422 2862 Ἕω,
1435 2832 1480 2858 καὶ
1491 2833 1602 2868 σταυροὶ
1615 2833 1664 2868 μὲν
1675 2831 1771 2864 αὐτοῖς
1784 2835 1814 2861 ιν
1837 2842 1883 2867 χε-
