1966 3068
242 100 312 133 3083

843 105 874 136 S.
895 106 1083 138 SYMEONIS
1100 108 1280 141 JUNIORIS

1805 115 1864 148 308i

246 158 352 183 metum
369 162 522 190 curamque
534 156 646 184 silentio
670 165 720 186 suo
755 158 918 194 ingerebat:
939 161 1026 190 deindt

1093 163 1186 198 μέντοι
1199 164 1325 201 καθάπερ
1341 166 1484 194 ἀναλαϐὼν
1499 167 1606 201 ἑαυτὸν,
1621 169 1739 204 κατηφεῖ
1756 170 1811 197 λίαν
1822 173 1864 199 καὶ

242 203 319 230 velut
333 202 367 230 ad
384 203 504 238 seipsum
518 203 615 236 redux,
626 203 734 239 dejecto
745 205 874 240 tristique
886 207 1034 237 admodum

242 248 319 275 vultu
332 252 414 283 atque
430 248 537 281 habitu,
551 249 650 276 iterum
664 258 671 277 :
689 249 824 278 lntentius
835 256 923 285 orate,
935 254 1034 289 inquit,

243 294 354 326 fratres,
374 302 409 321 ne
435 295 660 323 intentationem
685 295 855 324 incidamus:
879 299 933 326 nisi
959 301 1034 327 enim

243 339 315 366 Deus
334 338 472 373 propitius
496 339 578 367 nobis
612 340 738 368 redditus
763 342 859 375 fuerit,
886 348 914 370 ct
948 344 1032 372 latam

243 390 338 412 contra
353 386 514 420 iniquitates
527 391 638 414 nostras
652 388 818 415 sententiam
831 391 1033 425 retractaverit,

242 431 318 458 orbis
329 436 464 459 terrarum
478 432 657 460 subvertetur
667 434 864 469 propemodum
876 436 1032 464 universus.

242 475 304 504 Vidi
318 485 448 513 namque,
461 478 509 510 ait,
528 482 556 506 et
583 479 665 506 video
692 480 822 507 refertam
854 482 956 509 virtute
985 483 1033 510 Dei

242 531 352 551 omnem
372 532 427 551 non
440 524 522 552 modo
531 530 644 557 terram,
661 526 708 553 sed
726 531 754 554 et
770 535 879 555 aeream
903 533 932 556 ct
947 529 1033 556 aethe—

242 577 316 597 ream
334 570 463 605 regiones
474 570 572 597 eadem
583 571 699 605 plenas;
715 572 755 599 sic
770 577 799 600 ut
815 574 908 601 nullus
919 575 1033 602 omnino

242 615 350 650 uspiam
367 616 445 643 locus
459 615 494 642 ab
512 617 646 651 ejusmodi
663 618 779 645 terribili
796 619 899 647 virtute
928 628 1033 648 vacuus

241 660 294 687 sit:
309 668 370 695 quae
386 664 416 687 ct
429 661 506 688 brevi
528 666 651 696 tempore
677 663 813 698 quidquid
841 670 966 692 creatum
990 670 1033 693 est

240 707 352 739 evertit,
372 707 463 734 donec
476 715 518 735 me
534 707 606 735 visio
635 709 678 735 illa
711 709 849 743 destituit,
879 716 934 738 tam
960 712 1031 740 tristi

240 753 398 788 spectaculo
418 753 561 781 immorari
579 754 683 782 diutius
698 763 753 783 non
767 757 962 785 sustinentem.

275 811 337 838 40L
355 810 424 838 Cum
437 811 496 839 haec
510 812 633 845 dixisset,
665 821 776 841 rursum
800 814 901 850 spiritu
916 820 1026 851 agente,
1049 840 1069 866 Β

239 857 361 885 sanctior
372 857 412 884 illi
425 858 494 885 visio
503 858 609 894 objecta
619 863 672 892 est,
684 865 766 895 atque
783 865 843 888 erat
855 861 1012 898 liujusqui
1025 872 1030 890 :

238 903 334 938 Aperti
348 904 463 931 luerunt
479 904 553 936 cmli,
572 905 672 939 quibus
694 905 859 935 imminebat
883 916 932 935 aer
950 913 1032 936 tanta:

237 949 369 984 puritatis
385 954 467 985 atque
488 950 705 985 pulchritudinis
722 957 751 979 ut
762 953 931 989 nihilsupra,
943 955 1031 982 idem-

238 1003 292 1031 que
308 995 403 1024 videre
419 996 502 1023 simul
515 1001 543 1024 et
554 997 646 1032 eloqui
663 998 706 1025 vir
719 1004 831 1026 sanctus
846 1008 900 1027 non
911 1005 1029 1035 poterat.

237 1042 365 1070 Virtutes
379 1042 514 1070 caelorum
539 1042 643 1070 ibidem
671 1044 771 1072 ordine
796 1046 954 1073 constitutm
977 1046 1030 1074 du-

237 1089 338 1125 plicem
349 1089 507 1117 formabant
521 1089 697 1125 phalangem,
714 1091 776 1119 aliis
790 1092 857 1119 alias
883 1093 1030 1128 sequenti-

237 1135 300 1169 bus,
317 1140 345 1164 et
361 1128 491 1164 omnibus
505 1137 692 1164 communiter
708 1137 912 1166 inclinantibus
928 1139 1028 1174 capita:

237 1189 321 1217 supra
335 1181 384 1209 has
399 1182 516 1209 thronus
530 1182 558 1209 in
575 1182 667 1210 medio
679 1191 743 1211 aere
760 1185 878 1212 terrilice
894 1185 1027 1219 elevatus,

236 1228 314 1256 nulla
343 1236 372 1256 re
399 1228 482 1256 nixus
509 1233 557 1255 aut
588 1229 741 1263 stabilitus,
777 1230 837 1266 ipso
864 1239 928 1258 aere
953 1232 1030 1258 velut

236 1274 265 1302 in
290 1281 436 1301 ascensum
468 1279 572 1309 aptato.
612 1275 733 1303 Sedebat
758 1276 785 1303 in
817 1277 865 1304 illo
896 1278 1029 1306 Dominus

236 1325 341 1352 noster,
355 1324 382 1347 et
397 1319 475 1347 furor
495 1321 555 1356 ejus
574 1320 768 1349 etfuudcbatur
788 1330 870 1358 super
901 1332 969 1352 nos:
987 1325 1029 1352 fa-

236 1366 329 1394 mulus
344 1372 438 1393 autem
464 1367 524 1402 ejus
540 1367 660 1402 Symeon
688 1368 780 1396 stabat
805 1377 900 1397 coram
926 1371 1028 1398 throno

237 1412 438 1440 inaccessibilis
449 1412 542 1447 glorim
559 1413 643 1446 illius,
661 1418 690 1441 et
702 1420 834 1443 consueta
849 1417 925 1444 vocis
943 1417 1028 1444 liber-

236 1462 293 1485 tate
309 1465 359 1493 pro
373 1458 452 1485 nobis
474 1458 664 1493 interpellans,
685 1462 875 1489 reconciliavit
899 1463 979 1490 nobis
996 1471 1027 1492 ac

1087 208 1147 243 ὄψει
1162 209 1209 237 καὶ
1225 210 1356 246 σχήματι,
1369 212 1559 246 Προσεύξασθε
1586 213 1633 240 καὶ
1652 214 1733 241 πάλιν
1748 216 1863 250 ἐκτενῶς

1088 255 1131 281 ῐνα
1144 255 1182 290 μὴ
1193 257 1399 292 πειρασθῶμεν,
1421 259 1541 292 ἀδελφοὶ,
1554 259 1617 294 ἔφη.
1631 260 1662 287 Et
1677 261 1715 296 μὴ
1727 261 1779 296 γὰρ
1796 262 1878 298 ἴλεωςξ

1086 301 1192 335 γένοιτο
1207 303 1241 329 τὰ
1256 304 1323 336 πρὸς
1336 305 1410 339 ἡμᾶς
1421 306 1434 331 ὁ
1447 305 1523 338 Θεὸς,
1538 306 1586 332 καὶ
1599 307 1739 340 μετανοῶν
1755 308 1800 334 ἐπὶ
1811 299 1872 341 ταῖςῼ

1086 347 1236 382 ἡμετέραις
1249 349 1371 383 κακίαις,
1389 350 1404 385 ή
1421 350 1495 376 πᾶσα
1520 351 1612 385 σχεδὸν
1627 351 1775 387 οἰκουμένη
1790 362 1864 380 κατα-

1086 395 1284 430 στραφήσεται.
1296 394 1372 422 Εἶδον
1385 396 1451 431 γὰρ,
1468 397 1545 430 φησὶ,
1562 397 1609 424 καὶ
1632 397 1686 424 ἰδοὺ
1711 399 1865 434 πεπλήρωτο

1085 441 1135 475 τῆς
1145 441 1286 476 δυνάμεως
1306 441 1354 468 τοῦ
1371 442 1439 469 Θεοῦ
1455 444 1530 470 πᾶσα
1547 444 1577 469 οὐ
1593 444 1629 478 γῆ
1643 444 1734 478 μόνον,
1745 445 1810 472 ἀλλὰ
1822 446 1864 472 καὶ

1085 487 1140 523 ἀὴρ
1154 488 1305 519 αὐτὸς,καὶ
1331 488 1364 515 τὰ
1390 488 1460 524 ὑπὲρ
1486 489 1548 523 γῆν,
1562 487 1598 520 ὡς
1619 490 1722 524 μηδένα
1747 490 1865 525 μηδαμοῦ

1083 534 1167 561 τόπον
1192 535 1271 561 κενὸν
1303 535 1372 567 ὅλως
1391 535 1441 570 τῆς
1469 535 1588 571 φοϐερᾶς
1610 536 1750 570 δυνάμεως
1769 537 1866 572 ἐκείνης

1084 578 1291 614 ἀπολελεῖφθαι,
1304 581 1321 615 ἡ
1338 580 1384 606 καὶ¹
1401 581 1489 607 πᾶσαν
1505 581 1604 616 μικροῦ
1619 581 1785 616 συνέστρεφε
1807 581 1862 608 κτίσ

1085 634 1128 652 σιν
1154 626 1207 657 ἓως
1232 626 1323 662 διέστη
1351 627 1385 652 τὰ
1406 627 1455 661 τῆς
1472 627 1560 661 ὅψεως
1584 627 1631 653 ἀπ’
1648 628 1727 662 ἐμοῦ,
1744 628 1866 661 τοιούτοις

1083 672 1175 699 οὐκέτι
1194 672 1327 708 θεάμασιν
1342 672 1520 707 ἐνδιατρίϐειν
1537 673 1747 708 ὑπενεγκόντος.

1119 804 1167 840 ρδ’,
1187 804 1279 832 Ταῦτα
1306 806 1320 832 ὁ
1346 805 1394 841 μὲν
1409 804 1504 838 εἰπὼν,
1519 805 1566 832 τοῦ
1581 806 1610 833 ὲν
1631 804 1704 842 αὐτῷ
1717 806 1868 842 Πνεῦματος

1084 849 1162 881 αὖθις
1180 851 1227 877 καὶ
1240 850 1357 887 θεωρίας
1370 852 1475 886 γίνεται
1488 852 1640 888 θειοτέρας-
1655 853 1671 888 ἡ
1687 851 1769 888 δὲῆν,
1788 855 1867 888 tivam-

1084 895 1163 928 γὸτες
1182 895 1233 930 μὲν
1256 897 1281 923 οἱ
1304 897 1425 932 οὐρανοὶ,
1442 899 1570 933 ὑπεράνω
1586 899 1615 925 δὲ
1640 900 1743 925 τούτων
1757 899 1808 934 ἀὴρ

1083 942 1258 978 καθαρότητα
1274 943 1322 970 καὶ
1332 944 1363 970 τὸ
1380 944 1476 976 κάλλος
1494 945 1544 971 οὐκ
1559 945 1628 980 ἔχων
1644 945 1697 971 τίνι
1711 944 1868 980 ὁμοιωθείη,

1082 988 1151 1015 ἀλλὰ
1165 989 1263 1017 ταυτὸν
1278 990 1342 1016 ἰδεῖν
1352 998 1382 1016 τε
1403 991 1460 1025 ἅμα
1475 991 1522 1016 καὶ
1534 991 1620 1016 εἰπεῖν
1633 992 1785 1025 ἀμήχανος.
1799 991 1868 1018 Alte

1081 1033 1211 1069 δυνάμεις
1235 1035 1291 1062 τῶν
1318 1036 1443 1071 οὐρανῶν
1467 1037 1496 1063 ἐν
1521 1036 1596 1071 αὐτῷ
1609 1036 1735 1071 καθάπερ
1749 1037 1777 1063 ἐν
1790 1036 1869 1073 διπλῇ

1083 1081 1204 1115 φάλαγγι
1221 1082 1373 1116 ταγμάτων
1386 1084 1597 1118 παρεστηκυῖαι,
1616 1082 1714 1118 ἅτερος
1744 1083 1870 1118 ἐχόμενος

1082 1125 1209 1162 θατέρου,
1224 1127 1271 1152 καὶ
1285 1129 1360 1162 κοινῇ
1373 1128 1472 1155 πάντες
1484 1128 1533 1159 τὰς
1546 1127 1666 1161 κεφαλὰς
1676 1127 1868 1158 ὲπικλίνοντες¹

1082 1173 1260 1205 ὑπεράνωθεν
1274 1174 1301 1200 δὲ
1317 1173 1407 1200 αὐτῶν
1423 1173 1517 1209 θρόνος
1534 1174 1563 1200 ἐν
1580 1173 1642 1209 ἀέρι
1659 1174 1734 1209 μέσῳ
1749 1173 1870 1208 φοὸερῶς

1081 1220 1272 1255 ἐπαιρόμενος,
1284 1221 1334 1247 οὐκ
1348 1220 1394 1246 ἐπί
1412 1229 1483 1251 τινος
1496 1219 1648 1256 βεϐηκὼςῆ
1664 1219 1870 1254 στηριζόμενος,
1888 1210 1894 1218 ι

1080 1266 1138 1293 ἀλλ’
1152 1266 1232 1292 αὐτὸν
1244 1267 1369 1299 καθάπερ
1387 1266 1515 1293 ἐπίϐασιν
1529 1266 1575 1291 τὸν
1591 1266 1658 1300 ἀέρα
1674 1265 1869 1300 πεπλημένος·

1078 1313 1093 1339 ὃ
1109 1321 1137 1339 τε
1151 1313 1254 1347 Κύριος
1280 1312 1359 1348 ἡμῶν
1376 1313 1422 1338 καὶ
1438 1312 1503 1343 Θεὸς
1529 1311 1572 1338 ἐπ’
1600 1311 1683 1337 αὐτοῦ
1697 1310 1852 1346 καθήμενος
1863 1330 1870 1343 ,

1079 1359 1127 1386 καὶ
1147 1359 1253 1390 στάζων
1268 1359 1311 1392 ἐφ’
1329 1360 1403 1394 ἡμᾶς
1420 1359 1434 1385 ὁ
1446 1358 1532 1392 θυμὸς
1559 1357 1642 1384 αὐτοῦ
1657 1366 1664 1373 ·
1681 1357 1763 1388 αὑτός
1775 1365 1806 1383 τε
1829 1355 1873 1384 οὗ-

1078 1413 1123 1436 τος
1139 1407 1153 1432 ό
1178 1406 1225 1432 τοῦ
1240 1405 1308 1432 Θεοῦ
1325 1406 1453 1440 Θεράπων
1474 1404 1528 1440 πρδ
1544 1405 1593 1439 τῆς
1611 1404 1765 1438 ἀπροσίτου
1790 1403 1870 1438 δόξης

1078 1450 1188 1485 ἐκείνης
1207 1451 1308 1485 νεερῶς
1324 1449 1458 1486 ἑστηκὼς,
1478 1449 1525 1476 καὶ
1543 1451 1576 1484 τῇ
1603 1450 1713 1484 συνήθει
1729 1450 1874 1484 παρρησίᾳ.

235 1503 386 1539 propitium
414 1504 535 1531 reddidit
560 1505 668 1532 Numen
699 1506 823 1535 divinum
848 1509 888 1536 ira
913 1515 1026 1538 amota:

1082 1497 1129 1523 καὶ
1146 1497 1194 1524 νῦν
1221 1497 1292 1532 ὑπὲρ
1320 1497 1398 1532 ἡμῶν
1425 1496 1584 1533 χρώμενος,
1601 1497 1648 1523 καὶ
1678 1496 1873 1523 καταλλάττων

233 1549 317 1584 idque
343 1550 464 1577 innotuit
493 1551 675 1584 praesentibus
699 1561 809 1588 quoque
839 1562 873 1581 ex
901 1555 1024 1584 claritate

233 1600 328 1627 vultus
345 1599 500 1636 Symeonis,
525 1601 558 1628 ad
581 1601 696 1629 formam
714 1601 845 1629 lmtiorcm
870 1602 971 1629 sensim
995 1610 1024 1630 se

233 1645 410 1674 reducentis:
427 1651 541 1674 eatenus
555 1648 631 1675 enim
648 1653 742 1675 mutus
762 1648 863 1680 fuerat,
881 1656 913 1676 ac
925 1648 947 1675 si
963 1656 1024 1675 om-

234 1699 297 1719 nem
311 1699 422 1719 sensum
442 1693 619 1728 perdidisset,
643 1698 718 1721 totus
731 1693 862 1721 ineffabili
875 1694 1024 1721 illivisioni

233 1735 365 1763 intentus.
392 1737 477 1764 Paulo
504 1733 573 1772 post.
590 1737 641 1765 sibi
671 1738 806 1772 redditus,
830 1739 992 1766 exclamavit
1016 1748 1022 1766 :

233 1780 345 1808 Psallite
362 1782 419 1809 Deo
432 1787 541 1816 nostro,
561 1783 672 1816 fratres,
691 1785 799 1819 psallite
813 1792 819 1811 :
834 1785 942 1819 psallite
956 1785 1024 1820 Regi

234 1830 344 1859 nostro,
367 1827 475 1861 psallite
492 1827 538 1855 ":
563 1829 692 1863 quoniam
715 1829 855 1856 emicuita
871 1829 940 1857 facie
964 1831 1024 1866 ejus

233 1874 442 1907 misericordia,
466 1875 600 1903 Dominus
623 1875 722 1903 zelavit
748 1881 848 1903 terram
875 1883 968 1909 suam,
997 1881 1024 1904 et

232 1920 356 1956 pepercit
374 1921 476 1956 populo
489 1929 539 1949 suo
553 1921 580 1949 in
595 1921 734 1955 omnibus,
749 1929 818 1957 quas
828 1922 961 1951 hactenus
973 1922 1022 1950 be-

232 1967 332 1995 neﬁcio
346 1967 440 2002 gratim
451 1967 509 1995 vidi
526 1971 553 1995 et
564 1967 636 1996 obivi
655 1967 738 1996 urbes
755 1972 835 2003 atque
851 1968 986 2004 regiones.

268 2099 327 2126 105.
349 2098 512 2126 Narratione
537 2099 583 2126 illa
606 2098 743 2132 absoluta,
768 2099 802 2126 ad
827 2099 901 2126 aliud
930 2099 1023 2127 denuo

231 2145 419 2180 spectaculum
455 2144 592 2180 abripitur
619 2145 720 2173 mentis
749 2145 847 2173 oculis.
872 2145 1023 2173 Videbatur

1080 1543 1146 1578 ἡμῖν
1161 1543 1191 1569 τὸ
1204 1543 1280 1569 Θεῖον
1293 1544 1343 1570 καὶ
1359 1543 1525 1578 ίλεούμενος,
1551 1543 1599 1570 καὶ
1625 1542 1675 1578 τὴν
1691 1543 1776 1578 ὀργὴν
1801 1543 1873 1569 ἁπο-

1080 1590 1215 1624 στρέφων,
1229 1590 1299 1625 ὅπερ
1328 1589 1454 1625 ἐδηλοῦτο
1486 1590 1536 1624 μὲν
1560 1589 1608 1616 καὶ
1624 1591 1681 1621 τοῖ;
1703 1589 1823 1624 παροῦσι
1838 1591 1872 1625 τῇ

1078 1636 1127 1672 τῆς
1141 1636 1228 1669 ﬁdem;
1244 1637 1391 1671 ἐπιφανείᾳ
1405 1636 1452 1662 τοῦ
1468 1635 1592 1671 Συμεὼν,
1610 1636 1679 1671 πρὸς
1700 1636 1731 1662 τὺ
1759 1636 1874 1670 φαιδρό-

1078 1690 1157 1716 τερον
1170 1683 1261 1716 ἠρέμα
1275 1681 1498 1717 μεταὸαλλούσης
1507 1689 1514 1696 ·
1526 1681 1606 1712 αὐτὸς
1619 1682 1673 1717 γὰρ
1682 1682 1750 1712 τέως
1764 1682 1877 1716 ἄφωνος

1078 1725 1122 1763 ἦν,
1138 1724 1182 1754 οἷα
1197 1727 1260 1763 μηδ’
1274 1728 1303 1754 ὲν
1315 1727 1403 1763 ἑαυτῷ
1427 1727 1475 1761 ὢν,
1500 1727 1557 1754 ἀλλ’
1577 1728 1638 1759 ὅλος
1666 1728 1715 1762 τῆς
1731 1729 1875 1763 ἀνεκφρά-

1079 1780 1142 1798 στου
1156 1773 1219 1804 Θέας
1245 1774 1353 1808 ἐκείνης
1375 1773 1571 1808 γεγενημένος,
1595 1773 1680 1809 ὀλίγῳ
1701 1774 1729 1800 δὲ
1754 1773 1876 1809 ὕστερον

1077 1818 1117 1849 είς
1130 1819 1223 1844 ἑαυτὸν
1245 1821 1291 1845 καὶ
1313 1816 1390 1851 οὗτος
1416 1819 1591 1846 ἐπανελθών”
1608 1819 1719 1846 Ψάλατε
1742 1819 1783 1854 τῷ
1810 1819 1875 1855 Βεῷ

1077 1865 1167 1899 ἡμῶν,
1194 1865 1314 1899 ἀδελφοὶ,
1341 1865 1403 1900 ἔφη,
1432 1865 1676 1900 ψάλατεθψάλατε
1697 1865 1736 1900 τῷ
1764 1865 1877 1900 βασιλεῖ

1077 1910 1166 1946 ἡμῶν,
1192 1910 1296 1945 ψάλατε
1312 1919 1319 1927 ·
1335 1910 1417 1937 ἔπεσε
1440 1912 1495 1946 γὰρ
1507 1912 1582 1943 ἕλεος
1600 1911 1680 1946 ἡμῶν
1694 1913 1754 1938 κατ’
1770 1911 1877 1946 ὀφθαλο

1079 1957 1146 1992 pob;
1158 1956 1253 1989 αὑτοῦ,
1266 1957 1312 1983 καὶ
1334 1957 1455 1992 ἐζήλωσε
1470 1957 1571 1993 Κύριος
1586 1958 1636 1993 τὴν
1648 1957 1699 1992 γῆν
1712 1957 1810 1989 αὐτοῦ,
1825 1958 1877 1984 καὶ

1076 2003 1204 2037 ἐφείσατο
1218 2003 1265 2029 τοῦ
1278 2003 1342 2030 λαοῦ
1356 2003 1440 2030 αὑτοῦ
1455 2005 1522 2035 ὃσα;
1552 2004 1622 2036 τέως
1639 2005 1695 2039 ἐγὼ
1709 2004 1803 2036 πόλεις
1826 2005 1876 2030 καὶ

1076 2047 1168 2084 χώρας
1184 2050 1215 2083 τῇ
1229 2049 1342 2084 δυνάμει
1356 2049 1405 2084 τῆς
1417 2049 1528 2084 χάριτος
1545 2047 1605 2076 οἴδα
1621 2049 1783 2084 περιελθών.

1113 2097 1160 2128 ρε’.
1179 2094 1272 2121 Ταῦτα
1288 2095 1354 2130 πρὸς
1371 2096 1434 2127 τοὺς
1452 2096 1590 2130 παρόντας
1605 2095 1761 2129 διεξελθὼν,
1779 2096 1879 2130 api-rd—

1076 2139 1151 2170 ζεται
1178 2139 1260 2166 πάλιν
1284 2140 1335 2168 ὑπὸ
1363 2140 1482 2176 θεωρίας
1509 2141 1606 2176 ἑτέρας
1629 2142 1693 2172 τοὺς
1712 2141 1763 2176 τῆς
1777 2141 1880 2177 ψυχῆς

231 2190 294 2222 sibi,
311 2191 338 2217 in
357 2190 456 2217 vicinis
469 2190 601 2218 Seleuciae
622 2190 761 2217 littoribus
772 2190 868 2223 stanti,
881 2190 1021 2225 navigium

1081 2184 1231 2220 ὀφθαλμούς
1242 2192 1249 2199 ·
1267 2185 1314 2212 καὶ
1326 2185 1340 2211 ό
1359 2185 1409 2220 μὲν
1425 2186 1494 2222 πρὸς
1510 2186 1607 2217 ἀκταῖς
1618 2186 1731 2213 ἑστάναι
1747 2187 1813 2218 ταῖς
1824 2186 1881 2221 τῆς

230 2242 313 2270 supra
329 2242 403 2262 mare
416 2235 444 2262 in
459 2243 523 2262 aere
535 2235 639 2268 videre,
658 2236 721 2263 istic
732 2243 788 2263 non
804 2244 883 2264 secus
894 2244 976 2271 quam
992 2237 1021 2264 in

231 2284 302 2311 aqua
316 2277 463 2306 ﬂuctuans.
475 2278 609 2307 Destinati
621 2279 718 2308 adhoc
732 2280 831 2316 angeli,
844 2289 899 2308 non
914 2281 1021 2309 medio-

231 2332 306 2352 crem
319 2325 501 2359 iracundiam,
528 2327 651 2355 furorem
663 2333 746 2363 atque
763 2327 1018 2355 exeandescentiam

228 2370 419 2406 prmferentes,
438 2372 465 2399 in
481 2372 528 2400 illo
543 2373 670 2407 stabant,
687 2373 812 2401 divinum
828 2373 906 2408 quasi
920 2377 1019 2400 nutum

229 2416 430 2450 praestolantes.
447 2417 517 2445 Tum
535 2419 663 2446 celeriter
677 2419 792 2454 spiritus
807 2419 949 2450 devolans,
964 2423 1020 2445 ter-

230 2469 295 2488 num
311 2469 395 2489 manu
410 2463 517 2498 signum
534 2464 588 2491 illis
602 2465 700 2498 dabat;
714 2465 867 2499 acerbeque
879 2465 946 2491 (lens
963 2467 1020 2499 (pu-

230 2507 525 2540 tasses,misericordia
540 2514 643 2536 motum
654 2510 725 2544 esse)
740 2519 746 2536 :
759 2509 849 2542 Caede,
864 2509 1017 2544 inquiebat,

229 2553 314 2585 cattle,
328 2559 380 2580 nec
406 2554 454 2581 ulli
485 2562 577 2589 parce.
607 2555 667 2589 Quo
683 2555 789 2588 audito,
819 2555 927 2583 illitam
951 2555 1018 2582 hor-

229 2598 347 2625 rendum
366 2603 449 2634 atque
464 2600 613 2628 immanem
627 2601 775 2629 ediderunt
792 2609 902 2634 sonum,
922 2606 953 2628 ut
976 2601 1020 2628 vel

230 2643 289 2678 ipsa
306 2644 422 2680 abyssus
446 2651 559 2681 repente
575 2647 734 2682 perturbata
759 2647 850 2680 fuerit,
864 2647 928 2674 Post
951 2647 1019 2679 hzec,

229 2689 276 2723 qui
308 2689 334 2716 in
364 2698 428 2718 acre
452 2697 646 2727 apparuerant,
676 2693 782 2728 impetu
804 2701 901 2720 versus
930 2693 1021 2720 littora

230 2735 366 2769 ruebant;
391 2737 464 2772 unde
487 2746 551 2765 mox
574 2739 701 2772 urbibus,
722 2740 809 2776 pagis,
826 2739 1009 2775 domibusque

267 2822 288 2839 "
315 2824 384 2852 Psal.
405 2833 475 2856 wa,
492 2827 518 2852 7.

1075 2231 1236 2264 Σελευκείας
1259 2232 1357 2265 ἐδόκει,
1374 2233 1466 2259 πλοῖόν
1490 2241 1534 2264 τε,
1548 2233 1620 2260 κατὰ
1637 2233 1682 2260 τὸν
1702 2232 1773 2267 ἀέρα
1800 2233 1882 2268 ὑπὲρ

1074 2277 1209 2314 θαλάττης
1220 2279 1297 2314 ὁρᾷν,
1312 2279 1362 2305 ὃσα
1377 2279 1424 2305 καὶ
1437 2278 1513 2305 ὕδατι
1529 2278 1569 2314 τῷ
1584 2278 1645 2314 ἀέρι
1662 2278 1788 2311 σαλεῦον,
1802 2279 1881 2306 ἀπο-

1074 2323 1172 2359 στολήν
1185 2332 1214 2350 τε
1230 2324 1353 2358 ἀγγέλων
1363 2323 1450 2359 θυμοῦ
1464 2325 1512 2351 καὶ
1524 2325 1608 2360 ὀργῆς
1626 2325 1674 2350 καὶ
1686 2324 1882 2360 παροξυσμοῠ

1076 2370 1195 2405 μεγάλου
1209 2370 1355 2404 ἐφεστάναι
1372 2370 1410 2405 τῷ
1427 2370 1521 2405 πλοίῳ,
1536 2370 1586 2405 τὴν
1602 2370 1705 2397 ἄνωθεν
1717 2371 1804 2397 οίονεὶ
1828 2373 1881 2406 ῥο-

1074 2416 1127 2451 πὴν
1144 2416 1339 2452 ἀναμένοντας,
1363 2417 1472 2452 πνεῦμά
1493 2425 1522 2443 τε
1540 2416 1638 2452 ἀθρόον
1661 2417 1881 2448 ὲπικαταπτάν,

1074 2461 1132 2496 τρὶς
1144 2461 1234 2492 αὐτοῖς
1245 2462 1404 2488 κατασείσαι
1415 2462 1463 2493 τὰς
1477 2463 1581 2496 χεῖρας,
1596 2461 1711 2488 κλαῦσαί
1722 2471 1751 2488 τε
1765 2462 1883 2498 πικρὸν

1072 2504 1128 2534 οἷον
1143 2507 1190 2535 καὶ
1209 2507 1362 2543 συμπαθὲς,
1377 2508 1434 2541 καὶ,
1450 2508 1554 2542 Κόπτε,
1567 2507 1635 2543 πρὸς
1650 2508 1748 2539 αὐτοὺς
1767 2509 1882 2539 εἰπεῖν,

1072 2554 1166 2586 κόπτε,
1184 2554 1231 2581 καὶ
1258 2554 1296 2590 μὴ
1324 2554 1428 2588 φείδου.
1452 2554 1522 2585 Τοὺς
1541 2554 1570 2580 δὲ
1592 2553 1664 2580 οὕτω
1687 2562 1712 2580 τι
1729 2554 1809 2589 μέγα
1831 2555 1886 2582 καὶ

1071 2599 1157 2634 βίαιον
1168 2599 1268 2628 αὐτίκα
1281 2600 1394 2634 ἡχῆσαι,
1408 2599 1446 2629 ὼς
1461 2598 1559 2634 ἀθρόον
1572 2599 1743 2635 ταραχθῆναι
1757 2600 1813 2626 καὶ
1828 2600 1886 2631 τὰς

1070 2645 1216 2676 ἀῧύσσους.
1237 2645 1291 2671 Καὶ
1310 2646 1335 2671 οι
1362 2645 1412 2679 μὲν
1431 2645 1551 2681 ὲναέριοι
1573 2646 1633 2676 ταῖς
1656 2645 1745 2679 ἡῖόσιν
1773 2645 1887 2680 ὼρμὴ⁶

1072 2699 1162 2724 σαντο,
1184 2690 1276 2722 πόλεις
1299 2691 1326 2717 δὲ
1349 2692 1521 2727 παραχρῆμα
1545 2691 1593 2718 καὶ
1615 2691 1713 2726 κώμας
1735 2691 1789 2717 καὶ
1816 2699 1888 2718 συν-

1071 2737 1159 2769 οικίας
1176 2734 1249 2771 εἶχεν
1263 2737 1280 2772 ή
1301 2737 1350 2772 γῆ,
1369 2737 1468 2772 πτῶμα
1484 2737 1603 2772 χαλεπὸν
1617 2737 1888 2773 κατενηνεγμένας,
