1966 3068
108 89 178 130 308‘s

602 93 692 126 VlTA
710 91 734 124 Α
753 86 973 124 NICEPHORU
991 90 1223 122 CONSCRII’TA

1666 87 1736 124 3088

113 154 262 189 Γενόμενος
275 152 364 180 τοίνυν
377 152 391 179 6
402 150 449 180 τοῦ
466 151 533 178 Θεοῦ
546 151 638 184 δοῦλος
654 152 682 179 ὲν
694 151 793 187 ἐαυτῷ,
809 152 899 187 Προσ-

956 158 1020 185 quas
1037 153 1110 177 terra
1126 149 1171 176 illa
1187 147 1318 180 habebat,
1337 147 1415 176 ruina
1430 148 1558 176 manebat
1571 148 1736 177 miseranda.

107 198 236 232 εύξασοαι
254 199 301 225 καὶ
316 197 399 225 πάλιν
416 197 542 229 ἐκτενῶς,
558 195 645 230 εἶπεν,
657 197 779 232 ἀδελφοὶ,
790 197 858 233 χρή*
872 197 896 223 εἰ

107 246 162 281 γὰρ
186 246 232 272 καὶ
250 245 300 280 τὴν
318 244 411 279 χώραν
429 243 532 278 ταύτην
549 243 643 279 ἀπαθῆ
661 243 752 270 κακῶν
766 243 896 277 διαφυλαέ

107 288 204 323 χθῆναι
220 288 342 323 προέφην
355 287 430 321 ὑμῖν,
443 287 479 319 ὡς
493 287 525 314 ὲκ
535 287 584 322 τῆς
596 287 670 319 θείας
682 288 736 324 ἔχω
747 286 795 322 μὲν
806 287 896 314 θανεῖν

109 333 314 369 φιλανθρωπίας
325 342 332 349 ’
348 333 415 360 ἀλλὰ
429 334 534 368 μεγάλη
556 333 632 368 παρὰ
646 334 748 368 Κυρίου
764 334 832 369 ὀργὴ
849 334 897 360 θυ-

110 380 160 415 μοῦ
182 379 265 406 αὑτοῦ
291 381 320 406 ἐν
345 380 412 414 πυρὶ
434 380 514 414 ζήλου
539 379 622 405 αὑτοῦ
647 379 686 414 τῷ
705 379 799 415 κόσμῳ
818 379 898 406 ἐκκε-

109 434 217 458 καυται,
241 425 282 451 διὸ
307 426 354 452 καὶ
379 425 501 460 μεγάλης
520 425 584 460 ὑμῖν
603 425 644 451 δεῖ
659 425 727 460 προς
747 425 827 452 αὑτὸν
849 425 898 459 τῆς

109 470 288 505 ἐπιστροφῆς,
318 469 386 497 ἀλλὰ
412 470 459 497 καὶ
484 470 534 505 τῆς
562 470 632 505 ὑπὲρ
657 470 703 496 τοῦ
728 471 830 502 παντὸς
851 471 898 497 eii-

108 523 169 550 1'1“-

145 606 201 642 ρξ’.
220 606 327 638 Πάντας
349 606 494 642 τοιγαροῦν
510 606 702 641 συναθροίσας,
718 607 776 634 ὅσοι
793 615 823 634 τε
844 607 899 634 τῶν

108 652 191 679 αὑτοῦ
205 652 333 687 μαθητῶν
345 650 426 687 ἦσαν,
436 652 483 678 καὶ
495 652 552 679 ὅσοι
568 652 733 687 πολλαχόθεν
748 652 898 688 τηνικαῦτα

108 698 314 733 παραϐαλόντες
336 698 493 733 ἐτύγχανον,
516 699 700 734 παραγγέλλει
727 701 803 734 κοινῇ
831 699 898 725 πᾶσι

108 744 184 776 λιτὰς
197 745 262 779 παρ’
273 744 336 776 ὅλας
349 745 456 780 ἡμέρας
470 745 603 780 ἐξήκοντα
615 745 763 780 προσάγειν
774 745 845 782 Θεῷ,
859 745 899 771 ἔτι

109 793 156 817 καὶ
179 791 243 821 τοὺς
260 790 306 816 ἐπὶ
321 791 382 822 ταῖς
401 791 488 822 λιταῖς
506 790 609 825 ὕμνους
624 790 704 822 αὐτὸς
726 791 773 817 καὶ
792 791 899 822 συνθεὶς

109 836 156 863 καὶ
178 836 298 868 διδάξας,
313 836 386 867 οἴους
399 833 457 863 ὦτα
474 836 541 863 Θεοῦ
558 836 627 871 πρδς
641 837 753 867 ἑαυτοὺς
773 830 936 871 ὲπιστρὲ--Β

110 891 181 916 ῳειν.
199 882 355 909 Ἐτελοῦντο
370 883 419 917 μὲν
435 881 481 909 οὖν
498 883 526 909 αἱ
543 882 626 915 λιταὶ,
641 884 698 914 τοῖς
714 883 745 909 ἐκ
759 883 809 918 τῆς
824 883 900 918 ἱερᾶς

109 928 221 962 ἐκείνης
236 927 359 962 γλώττης
377 929 459 962 ἱεροῖς
477 928 699 964 ιιατεπᾳδόμεναι
712 927 807 963 ὕμνοις
820 931 827 943 "
845 929 901 959 τοῖς

105 974 138 1001 δὲ
151 974 240 1010 ὄχλοις
254 973 307 1000 ἀνὰ
318 974 368 1010 τὴν
386 974 477 1010 χώραν
489 975 605 1001 δεδιέναι
619 983 649 1001 τε
669 975 737 1010 πρὸς
755 974 840 1006 αὐτὰς
853 974 901 1001 καὶ

110 1019 223 1054 τρέμειν
251 1018 341 1053 ἐπῄει,
373 1018 491 1054 χρηστὸν
514 1019 546 1045 ὲκ
574 1018 620 1044 τοῦ
650 1019 793 1054 μέλλοντος
823 1019 901 1045 οὐδὲν

110 1063 282 1099 προσδοκῶσι
292 1072 298 1078 ·
312 1063 360 1090 καὶ
372 1065 463 1098 μέντοι
479 1064 527 1090 καὶ
544 1064 593 1100 τὴν
602 1064 691 1100 ψυχὴν
702 1065 750 1100 τῆς
763 1063 809 1091 τοῦ
827 1064 900 1090 ὁσίου

107 1110 216 1146 μητρὸς
234 1110 396 1136 κατέσεισαν
410 1107 501 1142 αὗται,
520 1110 566 1137 καὶ
585 1110 740 1146 σεϐασμίως
760 1111 811 1138 ὅσα
829 1110 902 1137 κατὰ

111 1155 220 1190 πνεῦμα
244 1156 340 1191 πατρὶ,
357 1155 456 1190 μᾶλλον
475 1155 514 1190 τῷ
531 1155 581 1191 υἱῷ
597 1156 796 1192 προσελθοῦσα,
815 1156 900 1192 πολλή

106 1201 153 1232 ’τις
171 1199 205 1236 ἦν
219 1201 302 1227 αὐτοῦ
319 1202 433 1236 δεομένη
452 1202 637 1237 γνωρισθῆναι
652 1202 702 1237 τὴν
718 1202 806 1230 αἰτίαν
821 1203 900 1238 αὐτῇ,

111 1244 146 1272 δι’
157 1246 191 1280 ἣν
205 1246 301 1281 ἐκείνῳ
318 1247 385 1280 πρὸς
398 1247 464 1273 θεὸν
479 1248 507 1274 αἱ
522 1246 576 1274 τῶν
589 1247 698 1274 οίκεὶων
713 1248 842 1284 μαθητῶν
857 1248 903 1274 καὶ

111 1290 159 1317 τοῦ
177 1290 295 1326 πλήθους
318 1291 400 1318 λιταί.
421 1292 452 1319 '0
476 1292 504 1318 δὲ
534 1292 670 1328 μητρικὰς
693 1294 743 1320 οὐκ
767 1293 904 1328 ἀτιμάσας

112 1336 229 1371 δεήσεις,
245 1336 316 1371 ἆπερ
331 1336 384 1363 ὑπὸ
399 1336 448 1371 τῆς
461 1337 571 1372 χάριτος
587 1337 712 1373 μεμύητο
723 1337 902 1371 ἐκκαλύπτει,

109 1382 224 1414 Μέλλει,
257 1379 280 1409 ὦ
306 1383 403 1418 μῆτερ,
426 1382 521 1416 εἰπὼν,
542 1384 642 1416 σεῖσαι,
659 1383 724 1418 φεῦῐ
751 1384 799 1419 τὴν
822 1384 873 1420 γῆν
891 1386 905 1411 ὁ

114 1428 191 1459 Θεὸς,
209 1428 246 1460 ὡς
258 1428 289 1455 οὐ
307 1428 417 1455 πώποτε
433 1427 576 1464 πρότερον,
592 1430 633 1456 ὅτι
647 1430 683 1464 μὴ
700 1430 781 1465 μόνον
794 1430 842 1457 ἐπὶ
856 1429 903 1456 τοῦ

950 196 1018 224 Cum
1033 203 1067 223 ex
1082 195 1133 223 hac
1149 195 1249 222 mentis
1269 194 1435 222 alienatione
1449 193 1483 221 ad
1499 202 1527 222 se
1546 194 1594 222 Dei
1615 194 1736 223 famulus

951 242 1077 270 rediisset
1094 251 1100 269 :
1116 243 1166 269 Par
1176 247 1228 274 est,
1243 242 1343 276 inquit,
1362 241 1472 274 fratres,
1487 241 1589 269 iterum
1605 241 1741 269 intentius

951 295 1031 315 orare
1057 297 1063 314 :
1087 288 1153 315 licet
1177 288 1250 315 enim
1272 288 1411 322 regionem
1437 287 1508 314 hanc
1533 287 1668 314 malorum
1691 295 1740 315 exe

951 342 1056 373 pertem
1082 340 1241 363 mansuram
1265 334 1379 370 praedixi
1402 335 1491 367 vobis,
1519 342 1607 370 usque
1622 335 1687 362 dum
1707 340 1742 363 ex
1781 346 1787 352 υ

952 383 1044 410 divina
1067 381 1234 416 benignitate
1258 388 1332 407 mors
1356 380 1425 407 mihi
1456 381 1602 413 obveniat,
1621 385 1741 408 attamen

952 431 1049 464 magna
1073 427 1113 454 ira
1139 426 1259 458 Domini,
1283 425 1324 452 ira
1350 425 1452 453 furoris
1473 426 1546 453 illius
1561 425 1589 453 in
1605 425 1666 461 igne
1688 425 1745 453 zeli

951 474 995 501 sui
1019 473 1154 500 mundum
1170 472 1351 499 inﬂammavit
1373 481 1379 499 :
1401 476 1546 506 propterea
1570 476 1600 499 et
1616 469 1741 499 converti

951 525 1003 546 nos
1018 518 1052 545 ad
1066 518 1143 545 illum
1156 525 1190 545 ex
1204 520 1261 544 tota
1274 520 1379 549 mente,
1391 521 1418 544 et
1430 524 1480 552 pro
1493 517 1623 544 omnibus
1634 515 1741 551 precari

951 567 1071 598 Oportet.

988 606 1049 635 106.
1064 607 1175 635 Coactis
1190 606 1275 642 igitur
1291 606 1319 634 in
1343 614 1440 639 unum,
1461 610 1596 642 quotquot
1620 607 1742 642 discipu-

952 654 1054 686 lorum,
1082 657 1218 688 quotquot
1237 657 1265 680 et
1288 652 1457 680 advenarum
1480 653 1542 680 istic
1567 653 1620 680 lo‘ci
1647 660 1743 680 versa-

952 700 1063 731 bantur,
1085 699 1215 726 omnibus
1239 699 1421 726 communiter
1450 698 1548 725 indicit
1575 705 1672 733 preces
1694 705 1743 733 per

953 745 1012 773 dies
1025 745 1165 780 sexaginta
1177 745 1233 771 Deo
1248 743 1455 779 persolvendas.
1476 743 1579 770 Praeter
1589 743 1638 770 hos
1651 747 1744 770 autem

952 791 1108 822 orationes,
1126 790 1243 826 hymnos
1262 796 1371 824 quoque
1394 788 1563 823 praescripsit
1584 793 1612 816 et
1633 789 1743 821 docuit,

951 836 1052 871 quibus
1075 843 1159 862 aures
1181 835 1291 862 Domini
1311 833 1432 862 (ιθίἰηὶαὲ
1446 833 1556 861 miseris
1577 834 1745 862 inclinaren-

951 887 1006 910 tur.
1024 881 1188 909 Funduntur
1203 888 1269 916 ergo
1283 880 1393 908 indictae
1406 887 1519 915 preces;
1535 887 1612 907 sacra
1623 881 1742 916 Symeo-

951 929 995 956 nis
1007 929 1101 964 lingua
1120 935 1214 956 sacros
1232 927 1417 956 intercinente
1444 927 1569 962 hymnos,
1599 927 1743 962 potentius

951 973 1038 1000 Deum
1058 976 1211 1000 moventes.
1227 972 1262 1000 At
1287 972 1420 1007 populum
1447 972 1574 1007 regiones
1589 972 1650 999 illas
1668 973 1746 1001 inco—

952 1019 1055 1046 lentem
1079 1019 1162 1045 timor
1185 1018 1249 1045 inde
1268 1022 1350 1053 atque
1370 1023 1472 1046 tremor
1490 1018 1680 1045 vehementior
1701 1018 1745 1045 in-

953 1065 1047 1097 cessit,
1065 1064 1135 1092 nihil
1157 1064 1290 1099 deinceps
1301 1064 1367 1092 boni
1384 1069 1609 1099 exspectantem;
1628 1057 1690 1092 'imo
1716 1068 1746 1092 et

952 1115 1068 1138 matrem
1083 1110 1227 1146 Symeonis
1243 1110 1346 1137 eaedem
1361 1110 1536 1145 precationes
1546 1110 1667 1145 graviter
1678 1117 1743 1145 per-

953 1156 1110 1184 turbarunt.
1128 1156 1192 1183 Htec
1203 1156 1296 1191 itaque
1311 1155 1507 1182 venerabunda
1522 1155 1633 1182 velutin
1646 1155 1746 1190 spiritu

953 1202 988 1229 ad
1005 1206 1122 1237 patrem,
1148 1205 1195 1229 aut
1212 1201 1305 1236 potius
1319 1199 1354 1228 ad
1368 1200 1466 1234 tilium,
1487 1200 1544 1228 adit
1575 1200 1670 1228 multis
1693 1199 1746 1228 ob-

955 1255 1076 1281 secrans,
1098 1253 1130 1275 ut
1142 1255 1253 1275 causam
1271 1247 1324 1275 sibi
1339 1248 1463 1282 aperiret
1483 1255 1569 1282 quare
1581 1255 1677 1282 preces
1693 1247 1747 1274 illa:

955 1295 1089 1323 fratribus
1105 1302 1137 1322 ac
1161 1293 1250 1321 turbis
1278 1293 1408 1328 iniunctae
1435 1297 1539 1321 essent.
1564 1293 1623 1321 Non
1643 1293 1747 1328 sprevit

954 1346 1067 1376 rogatus
1097 1340 1143 1367 ille
1170 1344 1310 1368 maternas
1338 1347 1453 1375 preces;
1477 1344 1506 1367 et
1529 1348 1590 1375 qua:
1613 1339 1747 1367 divinitus

955 1387 1070 1415 edoctus
1085 1386 1187 1420 fuerat,
1204 1390 1304 1413 cuncta
1316 1386 1473 1414 manifestat
1486 1395 1492 1413 :
1507 1386 1748 1421 Conquassaturus

956 1437 1008 1465 cst,
1033 1431 1133 1466 inquit,
1151 1438 1168 1458 ο
1183 1435 1282 1463 mater,
1297 1431 1371 1459 Deus
1394 1436 1495 1459 terram
1518 1432 1639 1467 gravius,
1664 1439 1747 1467 quam

108 1470 279 1499 ιΔεσποτικοῦ
295 1473 342 1499 καὶ
358 1473 491 1509 σωτηρίου
508 1474 621 1507 πάθους,
644 1475 677 1501 δι’
689 1472 720 1502 οὗ
736 1475 828 1502 παθὼν
850 1475 903 1510 ἐγὼ

151 1520 156 1528 .
177 1519 190 1528 ι,
236 1519 241 1526 .
340 1521 346 1528 ι
467 1521 488 1528 ,.
567 1521 575 1528 .
621 1524 633 1528 -
672 1522 678 1528 .
722 1523 730 1528 .
744 1523 761 1528 ..
887 1523 900 1528 -

957 1486 1078 1513 unquam
1095 1477 1230 1510 antehae;
1247 1477 1296 1504 illo
1319 1481 1426 1504 tantum
1458 1483 1534 1505 motu
1547 1482 1672 1513 excepto,
1700 1478 1745 1512 qui

113 1520 161 1546 καὶ
177 1519 292 1546 θανάτου
304 1521 352 1546 καὶ
362 1521 518 1556 τυραννίδος
530 1521 653 1558 χαλεπῆς
666 1522 850 1558 ἁπολέλυμαι·
867 1523 905 1559 τῷ

115 1566 221 1601 σεισμῷ
237 1567 265 1593 δὲ
282 1568 328 1594 καὶ
339 1568 531 1603 συμπτώματα
547 1568 653 1603 ἕψεται,
668 1569 784 1604 καρδίας
799 1570 904 1605 ἀνθρω-

115 1614 197 1648 πίνης
212 1613 312 1649 δηλαδὴ
328 1615 501 1650 θραύσματα.
515 1613 562 1646 Οἷς
578 1616 625 1642 ἐπὶ
639 1616 740 1651 μᾶλλον
752 1617 842 1652 εκείνη
858 1617 904 1643 τὸν

114 1658 198 1693 φόὸον
219 1659 370 1694 αὑξήσασα,
394 1661 465 1686 αἱτεί
481 1660 535 1686 τῶν
555 1661 696 1695 ἀχράντων
715 1661 763 1688 τοῦ
786 1662 905 1697 Χριστοῦ

116 1704 275 1739 μυστηρίων
293 1705 386 1739 χερσὶν
412 1705 517 1731 ἐκείνου
538 1707 598 1737 ταῖς
619 1706 707 1738 ὁσίαις
730 1707 904 1740 μεταλαϐεῖν,

114 1749 236 1782 ἀσφαλὲς
253 1749 447 1784 φυλακτήριον.

958 1525 1058 1553 accidit
1073 1525 1101 1551 in
1116 1524 1225 1552 Domini
1240 1531 1272 1552 ac
1286 1523 1436 1551 Salvatoris
1447 1523 1537 1550 nostri
1545 1524 1687 1559 passione,
1699 1531 1750 1559 per

958 1579 1041 1606 quam
1067 1570 1193 1598 inﬁrmus
1213 1577 1264 1605 ego
1283 1573 1311 1597 et
1329 1574 1418 1597 morte
1437 1574 1465 1598 et
1488 1571 1588 1598 acerba
1603 1569 1750 1606 tyrannide

957 1617 1093 1644 liberatus
1109 1623 1170 1643 sum
1186 1625 1192 1642 :
1209 1620 1314 1642 motum
1334 1619 1426 1642 autent
1448 1615 1524 1642 varia
1545 1620 1750 1650 consequentur

957 1666 1151 1697 symptomata,
1177 1661 1214 1687 ita
1240 1664 1270 1688 ut
1293 1661 1421 1688 homines
1440 1661 1573 1688 cordibus
1593 1661 1750 1697 animisque

956 1707 1091 1735 del'ecturi
1108 1707 1173 1734 sint.
1193 1706 1273 1734 Hisce
1289 1706 1408 1734 maximo
1421 1706 1521 1734 timore
1536 1712 1615 1734 aucta
1635 1707 1750 1742 Symeo-

957 1753 1002 1780 nis
1024 1757 1122 1785 mater,
1150 1752 1315 1779 intemerata
1332 1752 1434 1779 Christi
1457 1753 1587 1788 mysteria
1609 1761 1624 1780 e
1648 1754 1751 1784 sanctis

112 1794 190 1822 illius
212 1795 267 1830 (25)
297 1796 423 1824 manibus
456 1797 581 1832 accipere
611 1797 701 1832 petiit,
722 1802 815 1833 utpote
849 1799 1033 1827 certissimum
1057 1798 1319 1833 securissimumque
1340 1798 1473 1827 adversus
1497 1799 1652 1834 ingruentia
1679 1802 1750 1828 mala

112 1841 283 1877 praesidium.

151 1891 201 1928 ρξ’,
219 1891 276 1926 Τῆς
301 1891 323 1917 δ’
347 1890 477 1926 ἐπιούσης
496 1891 669 1927 (παρασκευὴ
687 1892 714 1918 δὲ
735 1890 903 1927 ἦν)”σαλεύει

115 1936 166 1972 μὲν
182 1936 232 1971 τὴν
246 1935 298 1970 γῆν
315 1934 365 1970 ὀψὲ
381 1935 431 1970 τῆς
446 1936 553 1970 ἡμέρας
576 1935 647 1962 οὕτω
667 1936 800 1971 σφοδρῶς,
815 1937 852 1968 ὠς
868 1936 905 1972 μὴ

114 1985 196 2019 μόνον
211 1984 294 2019 αὐτὴν
313 1983 448 2018 πολλαχοῦ
472 1983 601 2017 διασχεῖν,
617 1983 653 2010 τά
670 1993 700 2010 τε
716 1984 765 2019 ὅρη
784 1983 829 2020 βίᾳ
849 1984 907 2010 δια-

115 2029 252 2065 τριϐῆναι,
276 2028 345 2055 ἀλλὰ
369 2028 416 2055 καὶ
432 2027 481 2063 τὴν
491 2025 629 2053 θάλασσαν
640 2027 736 2062 φυγεῖν
744 2028 774 2054 τὸ
780 2029 826 2055 τοῦ
836 2027 904 2054 Θεοῦ

115 2075 264 2111 πρόσωπον
281 2075 311 2100 οὐ
329 2074 464 2110 φέρουσαν
479 2074 666 2109 ὀργιζόμενον,
681 2073 719 2104 ὡς
736 2073 861 2099 ἐντεῦθεν
873 2073 904 2099 οὐ

116 2120 208 2151 πόλεις
235 2120 315 2155 μόνον
339 2121 387 2147 καὶ
412 2119 509 2154 κώμας
539 2120 587 2146 καὶ
606 2119 744 2150 συνοικίας
763 2119 832 2146 κατὰ
855 2118 905 2154 τὴν

117 2166 247 2200 ὀφθεῖσαν
268 2165 308 2200 τῷ
330 2164 441 2200 Συμεὼν
460 2165 521 2200 ὄψιν
544 2165 645 2196 ἀθλίως
667 2166 843 2196 καταπεσεῖν,
858 2164 906 2191 καὶ

990 1891 1171 1918 107.Postera
1189 1890 1244 1922 die,
1266 1894 1327 1918 erat
1341 1891 1387 1918 illa
1402 1891 1526 1924 Veneris,
1541 1891 1592 1919 sub
1607 1900 1749 1928 vesperam

957 1941 1014 1964 tam
1029 1936 1119 1964 valide
1134 1935 1276 1964 concussit
1290 1936 1361 1963 Deus
1378 1940 1481 1963 terram
1498 1937 1565 1972 (26),
1576 1941 1607 1964 ut
1618 1945 1673 1965 non
1689 1941 1751 1966 tan.

955 1987 1015 2010 tum
1031 1982 1091 2017 ipsa
1111 1982 1179 2009 locis
1193 1981 1385 2016 compluribus
1415 1981 1552 2017 disrupta,
1585 1987 1748 2018 montesque

957 2028 985 2054 vi
1000 2027 1127 2055 dissoluti
1153 2027 1219 2059 sint,
1247 2027 1295 2054 sed
1316 2027 1399 2054 etiam
1426 2035 1502 2054 mare
1521 2027 1650 2062 fugerita
1677 2029 1748 2056 iacio

958 2072 1018 2105 Dei,
1030 2072 1166 2107 nequiens
1174 2072 1312 2099 sustinere
1322 2073 1435 2099 iratam:
1452 2073 1522 2100 adeo
1533 2078 1625 2101 utnon
1636 2074 1747 2106 domus,

958 2121 986 2144 et
999 2117 1072 2152 pagi,
1091 2120 1120 2144 et
1140 2117 1226 2144 urbes
1241 2122 1357 2150 tantum,
1371 2119 1411 2145 uti
1435 2123 1576 2146 ostensum
1589 2119 1618 2147 in
1640 2120 1748 2148 visione

959 2167 1054 2190 sancto
1088 2163 1199 2195 fuerat,
1223 2155 1400 2192 subsederint
1439 2165 1645 2200 submersaeque
1669 2166 1748 2199 sint,

116 2210 295 2246 πληρωθῆναι
309 2209 327 2236 ἆ
345 2210 420 2244 παρά
438 2218 510 2242 τινος
524 2211 577 2237 τῶν
597 2210 743 2246 προφητῶν
760 2209 903 2245 ὴπείληται

957 2213 1039 2244 atque
1056 2209 1176 2244 impletae
1189 2209 1295 2236 iuerint
1312 2211 1550 2244 comminationes,
1568 2212 1622 2247 jam
1638 2212 1746 2247 pridem

156 2291 211 2326 (25)
227 2292 296 2320 Erat
316 2293 385 2319 enim
407 2292 539 2319 diaconus
568 2292 691 2326 Syme'on,
716 2291 755 2318 uti
776 2299 850 2318 num.
872 2289 907 2318 52

115 2327 241 2358 uidimus,
251 2328 388 2354 ordinatus
398 2337 407 2355 :
416 2335 447 2354 ea:
459 2328 504 2353 hoc
513 2335 573 2354 vero
584 2327 638 2354 loco
648 2327 747 2353 discere
757 2334 904 2359 possumus,

119 2362 244 2389 diaconos
264 2363 403 2397 ejusmodi,
426 2370 478 2388 non
493 2361 578 2397 solum
607 2361 728 2388 habuisse
749 2361 906 2395 facultatem

115 2405 214 2432 corpus
237 2396 334 2425 Christi
347 2397 519 2424 distribuendi
531 2396 661 2430 ﬁdelibus,
675 2396 719 2422 sed
740 2397 819 2423 etiam
829 2403 906 2430 penes

116 2439 148 2459 ae
167 2433 318 2459 asservandi
332 2433 367 2458 ad
380 2432 532 2467 hujucmodi
550 2432 640 2464 ﬁnem.

155 2467 211 2502 (26)
225 2467 300 2494 Alius
313 2466 416 2494 iterum'
433 2472 608 2497 terrtenwlus,
625 2466 707 2492 multo
722 2467 905 2502 grauissimus,

118 2501 205 2537 qucm'
223 2502 299 2531 illum
321 2503 440 2529 eumdem
458 2509 523 2533 esse,
551 2501 582 2528 de
604 2509 656 2537 quo
680 2501 845 2537 Theophanes
872 2501 907 2528 ad

121 2545 221 2564 annum
233 2538 294 2568 551,
306 2537 398 2564 suadet
410 2538 546 2571 utriusque
558 2537 708 2571 descriptio.
720 2536 762 2564 Sic
776 2537 812 2563 ibi
826 2537 907 2563 Theo-

121 2573 220 2608 pltanes
232 2581 241 2599 :
255 2572 319 2600 Julii
334 2579 400 2599 vero
413 2572 515 2608 mensis
529 2571 574 2598 die
589 2579 662 2599 nono
679 2579 793 2608 magnus
806 2576 835 2598 et
847 2575 908 2608 ter-

121 2606 211 2634 ribilis
223 2611 397 2634 terraemotus
409 2607 496 2634 iactus
516 2611 558 2634 est
568 2614 617 2641 per
627 2614 735 2633 omnem
747 2606 907 2639 Palaestinae,

121 2642 237 2674 Arabiae,
246 2642 456 2677 Mesopotamiae,
469 2642 553 2677 Syriae
564 2649 592 2668 et
606 2641 750 2677 Phoenices
759 2641 908 2676 regionem;

121 2677 191 2705 adeo
207 2683 236 2705 ut
253 2676 352 2712 Tyrus,
370 2677 466 2709 Sidon,
490 2676 618 2713 Berytus,
639 2676 759 2710 Tripolis
778 2681 805 2703 et
819 2677 909 2713 Byblis

121 2712 207 2740 multa
232 2713 331 2740 damna
361 2712 528 2746 acceperint,
548 2712 585 2739 'et
611 2712 753 2739 hominum
776 2712 910 2745 perierint

122 2747 213 2775 multa
228 2747 322 2775 millia.
354 2747 392 2774 Ad
410 2747 532 2775 Bostram
555 2755 621 2774 vero
650 2747 788 2774 civitatem
814 2754 910 2781 magna

122 2789 188 2818 pars
213 2782 396 2818 promontorii
421 2782 490 2810 mari
504 2782 664 2818 adiacentis,
683 2782 727 2809 cui
748 2788 848 2809 nomen
862 2782 909 2809 Li-

124 2817 322 2854 thoprosopus,
336 2818 429 2845 avulsa
444 2817 471 2845 in
487 2825 562 2845 mare
575 2817 705 2845 translata
716 2822 767 2850 est,
783 2822 907 2852 portum-

956 2299 1010 2325 que
1026 2292 1118 2320 eﬂ'ecit
1131 2293 1225 2321 multis
1249 2292 1354 2328 magnis
1370 2290 1487 2318 navibus
1507 2291 1672 2328 recipiendis
1687 2291 1746 2319 ido-

956 2334 1038 2363 neum
1052 2336 1058 2354 :
1072 2335 1133 2355 cum
1148 2329 1215 2356 urbs
1228 2329 1271 2356 illa
1282 2327 1358 2363 prius
1369 2333 1478 2363 portum
1490 2333 1544 2363 non
1557 2327 1744 2363 habuisset....

956 2361 1080 2389 Recessit
1095 2364 1178 2390 etiam
1194 2371 1269 2390 mare
1281 2361 1309 2390 in
1321 2363 1406 2389 altum
1418 2361 1506 2396 pelagi
1521 2361 1611 2389 sinum
1624 2362 1656 2389 ad
1671 2363 1746 2390 mille

956 2404 1063 2430 passus,
1079 2405 1111 2424 ex
1125 2406 1180 2432 quo
1192 2399 1284 2425 multae
1298 2404 1382 2425 naves
1395 2396 1421 2423 in
1438 2396 1607 2432 profundum
1620 2397 1746 2424 submer

955 2439 993 2458 sa
1011 2440 1018 2458 :
1037 2431 1201 2467 rursumque
1221 2433 1269 2460 Dei
1292 2437 1361 2460 nutu
1375 2432 1403 2459 in
1426 2431 1571 2467 proprium,
1585 2431 1692 2467 alveum
1717 2439 1747 2459 se

957 2467 1071 2501 recepit.
1091 2465 1228 2500 Haec—ille,
1243 2467 1289 2495 sed
1304 2476 1361 2494 cum
1382 2474 1467 2494 annua
1483 2466 1546 2498 551,
1562 2466 1658 2493 habent
1673 2465 1746 2493 litte-

954 2509 1017 2528 1am
1023 2500 1214 2530 ’Dominicalem
1228 2503 1261 2535 Α,
1273 2503 1361 2537 fecerit
1377 2502 1393 2529 9
1403 2501 1471 2528 diem
1480 2500 1546 2537 Julii
1554 2501 1647 2537 cadere
1657 2501 1684 2528 in
1695 2501 1746 2528 Do-

957 2537 1092 2572 minicam,
1116 2537 1156 2564 vel
1173 2535 1277 2572 corrigi.
1289 2538 1361 2564 debet
1378 2535 1641 2572 numeruslitteralis
1656 2540 1680 2562 et
1697 2544 1746 2571 pro

959 2570 981 2596 0'
996 2572 1022 2604 9,
1040 2572 1089 2606 legi
1111 2572 1132 2603 ζ’
1149 2573 1175 2604 7,
1197 2570 1339 2607 vel-potius
1354 2575 1410 2598 tota
1427 2579 1468 2598 res
1485 2571 1583 2633 digerri
1600 2571 1634 2598 ad
1646 2570 1746 2598 annum

959 2606 1020 2633 555.
1032 2608 1077 2633 aui
1088 2607 1176 2633 habuit
1188 2607 1303 2633 litteram
1315 2606 1504 2633 Dominicalem
1535 2626 1542 2633 .
1553 2606 1658 2633 quando
1666 2606 1746 2633 etiam

958 2606 1020 2638 555,
1032 2608 1077 2642 qui
1088 2607 1176 2634 habuit
1188 2606 1303 2634 litteram
1315 2606 1542 2642 DominicalentC,
1553 2606 1658 2641 quando
1666 2606 1746 2633 etiam

959 2640 1061 2669 videtur
1069 2651 1192 2670 concussa
1203 2641 1443 2676 Constantinopolis
1453 2645 1477 2668 et
1485 2640 1633 2668 Nicomedia
1646 2649 1746 2674 eversa,

959 2681 988 2703 ut
1003 2685 1063 2704 mea:
1074 2677 1191 2710 dicetur;
1204 2677 1262 2704 licet
1275 2677 1441 2711 Theophane:
1452 2677 1506 2703 luta
1517 2676 1614 2712 referat
1626 2676 1661 2702 ad
1675 2685 1746 2711 prta.

960 2713 1092 2738 cedentem
1119 2721 1219 2739 annum
1241 2712 1303 2744 554,
1323 2712 1351 2738 in
1370 2719 1421 2747 quo
1442 2712 1527 2746 ipsum
1549 2712 1630 2747 etiam
1656 2719 1747 2739 erran-

960 2751 1031 2781 ναίει
1053 2755 1085 2774 ea:
1104 2755 1230 2774 concursu
1253 2747 1398 2774 ﬂaminica:
1420 2754 1479 2773 cum
1503 2746 1544 2773 die
1572 2746 1604 2773 15
1625 2746 1747 2781 Augusti.

960 2782 1005 2817 qui
1021 2790 1072 2809 nan
1086 2783 1136 2810 nisi
1158 2783 1186 2810 in
1203 2790 1303 2810 annum
1328 2782 1380 2810 555
1393 2781 1451 2817 jam
1470 2781 1567 2809 dictum
1581 2781 1663 2810 cadit.
