1966 3068
120 141 190 174 3089

611 149 697 179 VITA
716 148 741 179 Α
759 150 976 184 NICEPHORO
993 155 1236 188 CONSCRIPTA.

1674 162 1744 195 3890
1769 186 1771 188 .

118 198 162 225 διὰ
177 198 310 235 στόματος
328 199 422 236 ἔχοντα
439 198 519 238 εὗρεν
550 203 694 239 ίλαστήρια
719 206 788 241 πρὸς
809 207 896 234 Θεὸνί

957 211 1033 239 vultu
1047 213 1223 246 spectandam
1241 219 1269 240 se
1288 210 1340 247 ipsi
1353 213 1464 247 obtulit,
1477 220 1506 243 et
1517 216 1600 256 verba
1612 217 1670 245 oris
1683 219 1770 254 ejus.~

120 244 208 271 ἱκεσία
218 266 226 279 ,
247 246 333 272 ταῦτα
345 247 515 274 ἐντείλασθαι
527 249 565 283 τῷ
580 249 636 284 λαῷ
650 249 701 285 ἔφη
713 251 904 286 λιτανεύοντας

119 288 194 326 ᾆσαι.
211 292 257 318 καὶ
269 293 419 328 στήσασθαι
435 295 486 328 τὴν
502 295 627 331 ἀπειλήν.
651 297 679 324 ’0
694 298 745 333 μὲν
768 296 814 326 οὖν
832 300 903 326 κατὰ

117 336 167 368 τὰς
181 337 257 369 θείας
274 339 422 373 ὑποθήκας,
439 341 536 377 καινὴν
561 341 631 378 ᾠδὴν
650 343 696 370 ἐπὶ
717 343 815 377 λέξεως
830 345 906 380 ᾅδειν

117 384 256 411 ἐδίδασκεν
271 385 413 419 ἐμμελῶς,
424 386 467 416 ἵνα
480 389 513 423 τῇ
527 388 630 415 τούτων
647 384 742 426 μνήμῃ
755 391 803 417 καὶ
817 391 903 425 γλῶτ-
926 398 932 405 ’

117 437 168 455 ταν
183 430 361 466 ἀγιασθῶμεν
377 440 383 447 ’
406 432 451 464 Ὠς
464 434 510 460 ἐπὶ
538 434 660 466 Μωσέως
691 436 903 472 δυσωπούμενος

117 475 230 510 ἱλάσθης
246 476 259 501 ὁ
275 476 341 508 Θεὸς
355 477 402 504 τοῦ
423 477 460 514 μὴ
489 479 632 515 συντρίψαι
657 480 702 507 τὸν
722 481 840 518 Ἰσραὴλ,
853 483 901 510 καὶ¹

119 520 180 553 νῦν,
197 521 293 561 Κύριε,
307 523 411 551 παῦσον
435 526 675 562 παρακαλούμενος
690 529 738 563 τὴν
752 529 836 565 ὀργὴν
849 531 902 558 ἀπὺ

117 566 164 593 τοῦ
179 566 243 594 λαοῦ
259 577 316 602 σου,
331 570 505 607 συγχώρησιν
522 573 685 608 ποιούμενος
703 575 758 602 τῶν
773 576 903 602 ποικίλων

117 613 197 648 ήμῶν
219 614 372 650 ἁμαρτιῶν,
388 617 426 649 ὡς
445 617 525 652 μόνος
547 619 742 655 ἀναμάρτητος
758 621 874 655 Χριστὸς
888 622 902 648 ὁ

115 657 192 691 Θεὸς,
211 660 280 686 κατὰ
298 661 328 688 τὸ
343 662 413 697 μέγα
430 672 476 689 σου
489 664 573 697 ἔλεος,
589 665 652 697 δόξα
671 674 722 693 σοι.
738 667 794 694 Καὶ
808 667 833 693 οί
849 667 899 702 μὲν

115 703 223 747 ἐποίουν
237 705 267 731 τὸ
279 706 433 734 κελευσθὲψ
451 709 475 735 οἱ
491 709 518 735 δὲ
535 710 625 737 στύλοι
641 711 689 745 τῆς
700 713 751 747 γῆς
775 711 809 747 (ὁ
822 712 898 746 Θεὶις⁷

114 746 156 779 τίς
167 748 250 780 ἀξίως
272 750 368 786 ᾄσεται
389 752 424 779 τὰ
446 753 507 789 ὲλέη
523 763 569 780 σου
583 755 603 791 l)
625 755 706 788 εὐθὺς
723 746 899 792 ἑστερὲωντο,

83 823 86 825 γ
115 793 164 819 καὶ
179 795 193 820 ὁ
210 796 321 830 σεισμὸς
332 798 454 833 ἀκριϐῶς
466 800 600 828 πέπαυτο.

957 257 1121 284 invenerunt
1138 258 1252 292 gratiam
1270 265 1301 285 ac
1314 259 1538 294 propitiationem
1555 263 1627 297 apud
1644 264 1751 292 Deum,

957 301 1021 329 Ilaec
1038 302 1139 337 populo
1153 303 1382 338 supplicabundo,
1405 305 1503 340 inquit,
1521 309 1656 336 cantanda
1673 318 1742 345 prae-

957 347 1070 375 scribite
1086 347 1121 375 ad
1136 348 1318 376 inhibendum
1329 349 1478 386 ﬂagellum.
1496 353 1573 381 Fecit
1590 362 1654 390 ergo
1667 356 1741 390 quod

956 398 1131 427 suggesserat
1153 395 1234 428 Deus,
1251 402 1471 432 convocatosque
1491 399 1656 434 discipulos,
1686 393 1741 431 illic

955 437 1128 470 aberrantes,
1147 448 1248 467 novum
1265 441 1364 469 edocet
1389 444 1543 475 canticum,
1569 451 1623 478 tam
1643 449 1740 483 exqui-

954 482 1038 510 situm
1063 483 1295 520 concinnumque,
1322 491 1352 514 ut
1366 487 1528 516 recitatione
1545 490 1619 518 illius
1638 482 1740 520 canen-

953 528 1022 556 tium
1049 529 1149 565 linguae
1166 531 1395 567 sanctificentnr;
1413 535 1487 569 quod
1502 540 1544 563 est
1559 536 1715 572 hujusmodi
1732 548 1739 566 :

954 574 1190 608 Quemadmodum
1211 581 1333 612 tempore
1350 579 1449 615 Moysis
1470 582 1597 616 precibus
1618 584 1741 618 placatus

954 628 1010 647 non
1032 621 1199 649 sustinuisti‘
1219 625 1324 651 conteri
1342 624 1437 658 Israel,
1461 627 1498 654 ita
1524 628 1598 655 nunc
1620 637 1739 665 quoque,

948 665 1074 700 Domine,
1090 672 1219 695 exoratus
1236 669 1332 697 desine
1346 679 1508 700 succensere
1523 674 1625 708 populo
1643 680 1700 708 tuo,
1712 681 1741 704 et

950 711 1060 747 ignosce
1071 713 1198 747 plurimis
1212 716 1333 749 peccatis
1349 717 1471 754 nostris;
1496 723 1526 745 ut
1542 719 1602 751 tibi,
1622 720 1738 754 Christe.

950 756 996 791 qui
1021 757 1096 784 solus
1120 758 1224 792 peccati
1252 766 1349 793 expers
1370 768 1410 793 es,
1436 762 1586 789 secundum
1616 772 1740 799 magnam

950 802 1169 830 misericordiam
1184 807 1257 831 tuam
1279 805 1366 840 gloria
1383 806 1427 834 sit.
1445 807 1479 834 Et
1500 808 1645 844 discipulis
1662 817 1740 837 man-

115 839 209 892 datum
233 842 322 871 Patris
348 844 534 880 implentibus,
559 848 646 876 fulcra
682 853 764 877 terra:
791 850 874 886 (quis,
903 851 1020 883 otDeus,
1046 851 1128 886 digne
1156 851 1307 880 celebrabit
1340 853 1531 883 miserationes
1560 839 1620 883 tuas
1634 856 1656 892 ί)
1673 857 1740 884 soli-

115 887 178 916 data
203 895 278 924 sunt,
294 897 322 920 et
339 897 430 921 motus
456 902 490 922 ex
513 897 650 924 sententia
668 898 794 931 cessavit.

833 967 946 996 CAPUT
966 967 1025 996 XIV

343 1019 429 1048 Rudcs
449 1021 522 1049 docet
537 1031 546 1050 :
562 1023 720 1052 vaticinatur
736 1024 838 1053 diversa
854 1034 970 1053 :novam
989 1026 1140 1054 columnam
1156 1031 1291 1055 consecrat
1307 1031 1331 1056 et
1352 1030 1511 1058 conscendit.

152 1081 195 1114 ρι’.
213 1080 246 1106 ’Δ
271 1080 320 1116 μὲν
335 1081 380 1108 οὖν
394 1082 443 1117 τῆς
458 1084 550 1118 κοινῆς
565 1085 713 1120 πρεσΰείας
735 1087 817 1114 αὐτοῦ
833 1088 900 1123 πρὸς
913 1089 937 1118 Β

113 1126 180 1154 Θεδν
193 1127 326 1156 ἀπέλαυον
343 1130 452 1164 πάντες,
465 1132 577 1159 τοιαῦτα
587 1135 676 1160 ἐστιν·
691 1135 705 1161 ὁ
718 1135 746 1161 δὲ
760 1135 838 1170 λόγος
852 1137 899 1163 καὶ

113 1172 182 1208 πρὸς
198 1173 233 1200 τὰ
247 1175 317 1202 κατὰ
341 1176 422 1210 μέρος
443 1175 520 1209 αὖθις
537 1181 636 1214 χωρεῖν
653 1181 802 1215 ἐπείγεται.
825 1183 899 1210 Ἔδει

111 1220 172 1250 ταῖς
190 1220 316 1254 κεφαλίσι
339 1222 392 1248 τῶν
419 1223 517 1250 κιόνων
541 1224 655 1260 γλυφῆς,
671 1223 711 1258 οἷς
727 1229 740 1254 ὀ
760 1228 830 1255 κατὰ
849 1230 898 1264 τὴν

113 1265 197 1300 μονὴν
212 1266 255 1292 ἐπ’
270 1266 384 1302 ὀνόματι
400 1269 449 1303 τῆς
466 1268 583 1304 ἀρχικῆς
595 1271 641 1297 καὶ
657 1271 798 1308 βασιλικῆς
812 1274 898 1309 Τριά-

109 1309 155 1341 δος
168 1310 232 1342 ναὸς
247 1312 394 1347 ἐγήγερται
404 1321 412 1328 ·
425 1314 538 1348 ἁδελφὸς
553 1315 581 1342 δέ
593 1324 643 1349 τις,
656 1316 739 1352 ὄνομα
759 1318 896 1354 Ἰωάννης,

110 1357 303 1390 πνευματικῶν
315 1357 365 1392 μὲν
380 1359 488 1393 τρόπων
503 1362 744 1397 μεταποιούμενος,
755 1364 801 1390 καὶ
817 1365 896 1399 λόγου

110 1402 292 1436 μετειληφὼς,
310 1403 467 1439 λιθουργίας
490 1405 519 1432 δὲ
538 1407 711 1435 παντάπασιν
735 1410 897 1445 ἀνασκήτως

109 1447 190 1482 ἔχων,
205 1448 344 1484 θαρρήσας
359 1451 391 1484 τῇ
407 1458 435 1476 τε
452 1451 540 1487 οἰκείᾳ
558 1453 625 1487 πρὸς
638 1453 684 1480 τὸν
703 1453 779 1487 ἅγιον
795 1455 894 1490 πίστει,

108 1493 141 1528 τῇ
155 1501 184 1519 τε
200 1494 263 1528 περὶ
275 1494 319 1526 τὰς
337 1495 446 1527 ἐντολὰς
461 1498 541 1524 αὑτοῦ
560 1497 659 1535 θέρμῃ,
675 1499 722 1526 καὶ
735 1503 795 1533 ταῖς
813 1502 897 1537 ὑπερ-

109 1537 206 1572 φυέσιν
220 1539 323 1565 ἐκείνου
338 1540 385 1566 καὶ
401 1541 542 1576 μεγίσταις
554 1543 804 1581 θαυματουργίαις·
819 1547 896 1574 Ἐπί-

108 1582 164 1614 θες,
183 1583 284 1619 Πάτερ,
302 1585 379 1620 φησὶ,
408 1587 440 1622 τῇ
469 1588 566 1624 καρδίᾳ
596 1598 647 1625 μου
674 1590 723 1626 τὴν
749 1592 830 1626 ἁγίαν
849 1585 894 1620 σου

107 1630 196 1663 χεῖρα,
212 1630 259 1656 καὶ
275 1629 394 1666 ἄρξομαι
420 1632 595 1667 διαγλύφειψ
617 1635 655 1668 ὥς
684 1637 717 1664 ἂν
741 1638 779 1673 τῷ
805 1639 833 1665 ἐν
853 1640 895 1666 σοὶ

108 1673 173 1708 θείῳ
187 1674 326 1706 Πνεύματι
343 1676 390 1702 τὸν
403 1676 465 1703 νοῦν
479 1679 642 1714 τυπωθείην.
660 1681 713 1707 Τοῦ
729 1682 756 1709 δὲ
777 1685 895 1718 σπουδῆς

106 1719 176 1754 ὁμοῦ
200 1721 246 1746 καὶ
269 1720 410 1756 ὑποταγῆς
439 1723 542 1757 μισθῶν
570 1725 641 1752 οὕτω
664 1727 788 1761 μεγάλων
810 1730 894 1756 αὑτὸν

106 1765 293 1800 ἀποστερῆσαι
315 1766 352 1802 μὴ
375 1767 549 1803 βουλομένου,
566 1769 633 1798 ἀλλὰ
705 1760 753 1799 τοῦ
774 1774 893 1810 μαθητοῦ
908 1760 929 1788 C

107 1810 200 1844 στήθει
213 1811 352 1844 ἐπιθέντος
361 1813 410 1847 τὴν
421 1815 511 1849 χεῖρα,
524 1816 581 1849 καὶ,
592 1817 698 1850 Σοφίσει
709 1827 748 1851 σε,
760 1820 865 1853 τέκνον,
880 1822 894 1848 ὁ

104 1855 172 1887 Θεὸς
191 1858 223 1892 τῇ
240 1857 428 1894 λιοογλυφικῇ,
454 1860 591 1895 φήσαντος
603 1870 611 1876 ·
629 1863 769 1898 ἁψάμενος
791 1867 893 1902 ἐκεῖνος

104 1901 197 1948 ἔργονγ
222 1903 346 1939 δεύτερος
370 1903 448 1940 ὤφθη
489 1906 628 1943 Βεσελιὴλ,
650 1910 710 1936 οὐδὲ
743 1911 823 1948 ὀλίγα
845 1901 892 1940 τοῦ

105 1946 214 1983 πρώτου
232 1948 281 1984 τὴν
299 1949 395 1984 σοφίαν
409 1951 581 1988 λειπόμενος.

140 2035 201 2070 μα’.
227 2035 302 2062 Ἐπεὶ
317 2037 344 2063 δὲ
362 2037 412 2072 ἤδη
427 2038 473 2065 καὶ
486 2039 499 2065 ὀ
512 2039 606 2075 καιρὸς
617 2041 766 2078 ἐνειστήκει
783 2044 832 2078 τῆς
844 2046 891 2072 τοῦ

105 2080 208 2107 τοιοῦδε
225 2082 347 2116 μαθητοῦ
363 2083 495 2118 ἐκδημίας
555 2086 720 2120 ἀναλύσεως,
744 2089 759 2124 ἦ
777 2090 844 2124 πρὶς
859 2091 892 2116 τὰ

103 2126 260 2161 ποθούμενα
276 2128 407 2162 κλήσεως,
425 2131 504 2157 τοῦτο
529 2132 604 2167 παρὰ
616 2132 683 2159 Θεοῦ
700 2135 830 2171 γεγένητο
844 2137 891 2173 δῆ-

101 2172 148 2198 λον
164 2172 202 2207 τῷ
216 2173 337 2207 Συμεών·
348 2176 380 2209 τῇ
396 2176 504 2211 συνήθει
519 2178 655 2205 κάνταῦθα
670 2182 810 2217 παρρησίᾳ
823 2172 892 2218 χρή-

103 2219 231 2252 σάμενος,
245 2220 269 2245 εί
281 2221 313 2255 τῇ
329 2220 411 2256 βίϐλῳ
422 2222 470 2257 τῆς
486 2222 558 2258 ζωῆς
569 2225 731 2262 ὲγγραᾳείη,
746 2231 891 2261 μυστικαῖς

102 2264 187 2289 ἐδεῖτο
204 2264 299 2296 μαθεῖν
314 2265 406 2300 εὐχαῖς
417 2275 446 2293 τε
463 2269 510 2293 καὶ
527 2270 656 2303 ὁμιλίαις.
690 2272 733 2303 Ὠς
747 2273 774 2298 δὲ
788 2273 817 2299 οὐ
833 2275 892 2301 τεῦ-

101 2315 148 2334 τον
171 2309 238 2343 αὑτῇ
261 2309 351 2343 μόνον,
376 2311 444 2338 ἀλλὰ
459 2313 507 2339 καὶ
526 2315 588 2345 τοὺς
603 2315 711 2349 λοιποὺς
731 2319 785 2345 τῶν
807 2320 890 2347 αὑτοῦ

103 2351 244 2386 μαθητῶν,
263 2355 320 2380 ὅσοι
336 2364 366 2381 τε
396 2358 636 2394 προεκδημήσειαν
649 2363 822 2399 ἐγγραφῆναι
839 2365 887 2400 μά-

101 2397 153 2429 θοι,
166 2398 222 2424 ὅσοι
235 2407 264 2425 τε
279 2401 347 2435 μετὰ
359 2400 443 2428 ταῦτα
454 2403 558 2440 ἐκδημή
565 2415 655 2433 σουσιν
667 2408 888 2446 ἐγγραφήσεσθαι

102 2444 149 2470 καὶ
166 2445 272 2476 αὐτοὺς,
296 2446 360 2480 γόνυ
379 2448 423 2482 τῷ
436 2450 558 2484 κρυφίως
576 2451 699 2480 λαλοῦντι
718 2455 821 2489 κλίνας,
840 2459 887 2485 καὶ

100 2489 135 2516 τὰ
148 2490 239 2517 εἰκότα
253 2491 463 2529 εὐχαριστήσας,
475 2496 544 2529 μετὰ
558 2497 620 2528 τοὺς
636 2499 762 2533 ἑωθινοὺς
780 2503 887 2539 ἐκείνης

100 2535 151 2570 τῆς
171 2536 267 2569 νυκτὸς
282 2537 393 2573 ὕμνους,
410 2538 442 2576 ἧς
459 2541 545 2577 δῶρον
559 2544 574 2578 ἡ
591 2545 714 2579 παροῦσα
735 2546 813 2582 ὃψις,
835 2549 887 2576 ὑπὸ

100 2583 160 2613 ταῖς
173 2583 282 2610 πάντων
297 2585 391 2618 ἀκοαῖς
410 2587 463 2621 (ἵνα
480 2589 525 2615 καὶ
539 2583 623 2616 πᾶσιν
638 2591 720 2618 οἱονεί
735 2601 761 2619 τι
775 2594 887 2630 κέντρον

98 2626 151 2661 τῆς
167 2628 212 2654 τοῦ
233 2629 349 2656 θανάτου
378 2632 489 2667 μνήμης
508 2635 625 2672 ἐμϐάλῃ,
646 2638 692 2664 καὶ
710 2637 820 2671 τούτους
840 2626 886 2668 ἐπὶ

100 2671 182 2699 πλέον
210 2675 279 2709 πρὸς
307 2676 466 2710 ἐτοιμασίαν
496 2679 545 2715 τῆς
573 2681 668 2713 ἐξόδου
695 2682 883 2722 διαναστήσῃ),

105 2717 226 2753 ’Λδελφὲ,
242 2720 318 2754 φησὶ,
339 2720 475 2759 Ἰωάννης,
493 2726 587 2762 εἰρήνη
612 2736 663 2763 σοι,
691 2717 883 2764 μετακαλεῖταί

990 1087 1052 1115 ΗΟ.
1072 1088 1162 1123 Atque
1174 1088 1231 1116 haec
1246 1094 1320 1122 sunt,
1346 1097 1407 1125 quae
1421 1090 1467 1118 illo
1490 1090 1561 1125 apud
1583 1091 1669 1119 Deum
1698 1093 1739 1122 in-

950 1132 1107 1161 tercedente
1134 1134 1289 1168 promiscue
1305 1142 1401 1163 omnes
1416 1137 1555 1164 consecuti
1570 1142 1641 1166 sunt.
1658 1137 1739 1167 Nunc

949 1179 1042 1208 autem
1056 1180 1090 1207 ad
1106 1180 1147 1213 ea,
1164 1188 1224 1214 qua
1239 1180 1354 1216 singulis
1373 1181 1400 1208 in
1425 1183 1585 1216 particulari
1614 1185 1735 1218 praestita

948 1230 1023 1257 sunt,
1038 1226 1130 1253 redire
1143 1225 1253 1253 festinat
1267 1226 1365 1253 oratio.
1380 1225 1522 1261 Capitcllis
1534 1228 1734 1263 columnarum,

948 1271 1026 1306 queis
1036 1271 1198 1298 monasterii
1215 1271 1357 1306 templum,
1374 1272 1551 1300 sanctissime
1561 1273 1677 1302 Triados
1686 1282 1736 1302 no-

947 1317 1021 1344 mine
1042 1317 1208 1350 dedicatum,
1224 1318 1438 1350 sustentabatur,
1459 1319 1606 1354 sculptura:
1622 1325 1735 1348 ornatus

946 1362 1037 1390 adhuc
1057 1363 1173 1390 deerat:
1198 1371 1260 1391 cum
1281 1363 1366 1391 frater
1387 1364 1524 1398 quispiam
1546 1364 1665 1392 Joannes
1681 1373 1733 1392 no-

947 1408 1031 1440 mine,
1060 1411 1116 1435 tam
1134 1408 1256 1443 lapidum
1274 1409 1467 1436 czedendorum
1494 1409 1579 1440 rudis.
1596 1416 1679 1444 quam
1705 1409 1734 1437 in

946 1454 1030 1481 rebus
1038 1454 1230 1488 spiritualibus
1241 1459 1376 1487 versatus,
1387 1454 1573 1489 orationisque
1583 1454 1732 1487 studiosus,

946 1498 1013 1527 ﬁsus
1025 1503 1115 1526 tamen
1127 1504 1155 1527 et
1169 1507 1218 1527 sua
1231 1500 1259 1527 in
1273 1504 1396 1527 sanctum
1415 1500 1478 1531 ﬁde.
1495 1504 1523 1527 et
1535 1505 1733 1535 prteceptorum

946 1545 1004 1580 ejus
1018 1544 1249 1580 perficiendorum
1268 1545 1419 1578 alacritate,
1435 1550 1463 1572 et
1478 1546 1735 1581 supernaturalibus

945 1591 1069 1626 ejusdem
1099 1590 1305 1626 operationibus
1331 1591 1485 1626 :lmpone,
1510 1591 1609 1626 inquit,
1638 1592 1734 1624 Pater,

945 1637 1049 1670 DCClOl‘i
1073 1644 1134 1664 meo
1159 1645 1262 1664 sacram
1287 1644 1396 1663 manum
1424 1641 1510 1669 tuam,
1537 1641 1565 1664 et
1585 1638 1735 1672 sculptura)

946 1681 1054 1708 initium
1067 1682 1147 1714 dabo,
1162 1690 1226 1716 quo,
1243 1690 1291 1716 per
1306 1687 1431 1709 sanctum
1447 1683 1492 1718 qui
1509 1683 1536 1710 in
1555 1688 1580 1711 te
1592 1689 1634 1711 est
1646 1684 1733 1719 Spiri-

946 1730 1013 1758 tum,
1029 1734 1090 1761 quze
1106 1731 1197 1754 mente
1211 1727 1336 1762 concepi,
1352 1735 1434 1762 opere
1449 1727 1575 1763 effigiem.
1593 1726 1643 1756 Ille
1667 1737 1734 1756 vero

945 1779 1007 1798 cum
1029 1772 1114 1799 nollet
1139 1775 1221 1799 tanta:
1235 1772 1384 1807 diligentia:
1406 1772 1640 1808 subjectionisque
1662 1781 1733 1801 mer-

945 1818 1010 1844 cede
1022 1818 1187 1852 discipulum
1201 1818 1318 1852 privare,
1332 1818 1463 1853 imposuit
1475 1818 1597 1853 cupienti
1609 1827 1731 1852 manum,

944 1867 984 1889 et:
1001 1863 1120 1889 Instruet
1136 1867 1160 1890 te
1172 1863 1255 1895 Deus,
1268 1863 1366 1898 inquit,
1380 1863 1418 1890 [ili
1430 1862 1478 1895 mi,
1492 1863 1597 1898 lapides
1609 1863 1731 1891 czedendi

943 1912 1012 1935 arte.
1035 1907 1134 1943 Sicque
1151 1908 1197 1935 ille
1212 1909 1302 1943 reipsa
1318 1917 1387 1943 opus
1402 1917 1547 1944 aggressus
1563 1913 1605 1937 est
1619 1918 1625 1936 :
1639 1915 1666 1937 et
1681 1917 1730 1945 ap-

943 1953 1034 1988 paruit
1050 1954 1117 1981 alter
1141 1954 1262 1981 Beseleel
1282 1951 1351 1989 (30).
1374 1954 1460 1982 veteri
1481 1955 1521 1982 illi
1539 1955 1608 1983 nihil
1629 1956 1730 1984 cedens

942 2000 1067 2027 scientia.

977 2052 1038 2079 111.
1054 2052 1234 2088 Posteaquam
1251 2060 1317 2080 vero
1339 2052 1427 2080 cidem
1457 2052 1591 2088 discipulo
1615 2053 1670 2088 jam
1685 2053 1728 2081 in-

941 2102 1028 2126 staret
1043 2103 1150 2134 tempus
1164 2099 1337 2134 migrationis
1351 2099 1392 2125 vel
1407 2099 1584 2126 resolutionis
1598 2106 1663 2131 suae,
1682 2105 1730 2127 aut

941 2145 1034 2179 potius
1056 2144 1224 2171 evocationis
1241 2145 1275 2171 ad
1291 2143 1445 2171 desiderata
1461 2145 1569 2179 gaudia,
1585 2145 1667 2179 idque
1686 2144 1728 2172 di-

942 2191 1045 2217 vinitus
1059 2191 1241 2226 signiﬁcatur!)
1257 2191 1424 2218 innotuisset
1446 2191 1589 2226 Symeoni;
1616 2191 1661 2219 hic
1679 2199 1728 2226 pro

941 2240 1071 2263 consueta
1083 2244 1145 2263 cum
1161 2236 1216 2263 Deo
1231 2236 1329 2271 agendi
1343 2237 1471 2264 libertate
1486 2237 1605 2264 instabat
1620 2236 1728 2265 arcanis

941 2282 1068 2316 prce-ilius
1097 2286 1179 2317 atque
1202 2282 1461 2317 supplicationibus,
1496 2287 1525 2309 ut
1551 2282 1727 2316 cdoceretur,

941 2332 1033 2354 utrum
1051 2327 1121 2354 libro
1135 2328 1199 2355 vita;
1227 2328 1377 2363 inscriptus
1400 2329 1446 2356 ille
1469 2333 1550 2356 esset.
1574 2328 1641 2356 Cum
1661 2336 1727 2356 vero

940 2372 1091 2405 didicisset,
1111 2381 1166 2410 non
1192 2374 1268 2401 illum
1291 2374 1472 2406 solummodo,
1500 2374 1547 2401 sed
1566 2378 1593 2402 ct
1606 2374 1728 2409 reliquos

941 2418 1149 2453 discipulorum,
1166 2419 1194 2446 in
1218 2419 1244 2447 id
1261 2428 1346 2455 usque
1364 2425 1471 2455 tempus
1487 2425 1669 2452 mortuorum,
1687 2419 1728 2446 in-

940 2465 1057 2499 scriptos
1069 2472 1141 2498 esse,
1156 2469 1184 2492 et
1192 2470 1326 2500 quotquot
1338 2466 1468 2500 deinceps
1482 2465 1609 2492 morituri
1622 2469 1726 2494 essent.

940 2509 1273 2546 inscribendus;‘genibus
1293 2511 1345 2539 sibi
1365 2512 1393 2539 in
1417 2511 1579 2539 abscondito
1602 2510 1725 2545 loquenti

940 2556 1048 2591 positis;
1064 2557 1166 2591 gratias
1180 2557 1217 2589 ei.
1236 2562 1266 2584 ut
1277 2564 1324 2593 par
1337 2562 1405 2590 erat,
1417 2557 1547 2589 reddidit,
1563 2561 1645 2592 atque
1664 2561 1726 2590 post

940 2602 1089 2629 matutinos
1100 2602 1216 2638 hymnos
1228 2604 1317 2630 noctis
1328 2604 1400 2631 illius
1409 2611 1462 2638 qua
1478 2602 1607 2637 praedicta
1618 2602 1725 2630 visione

939 2645 1066 2680 dignatus
1079 2646 1179 2679 fuerat,
1194 2651 1224 2674 ut
1240 2648 1381 2674 stimulum
1405 2648 1533 2675 omnibus
1550 2647 1583 2674 ad
1602 2647 1726 2674 recolen-

938 2691 1000 2718 dam
1016 2692 1112 2719 mortis
1128 2693 1287 2721 memoriam
1307 2693 1449 2727 subderet,
1463 2697 1492 2721 et
1515 2693 1548 2721 ad
1569 2700 1726 2728 praeparan-

937 2735 1001 2763 dum
1026 2735 1176 2765 discessum
1198 2737 1463 2772 excitaret:Frater,
1477 2737 1576 2773 inquit,
1593 2737 1724 2776 Joannes,

135 2818 338 2873 gelfsze‘leel‘,
358 2824 484 2873 cier-(Attia
501 2825 553 2854 Deo
565 2827 599 2854 ad
608 2828 791 2863 fabricandum
809 2831 906 2860 Arcam
928 2835 1086 2867 testamenti,
1107 2834 1232 2863 divinitus
1248 2835 1336 2871 infusa
1356 2837 1486 2872 sapientia
1502 2838 1529 2865 id
1541 2838 1677 2873 praestitit;
1692 2836 1724 2864 de

99 2863 150 2890 quo
164 2855 252 2884 Exod.
268 2864 337 2885 xxxv
358 2864 382 2888 et
400 2869 470 2897 seqq.
