1966 3068
132 137 201 169 3093

633 144 762 176 VITAA
779 145 997 180 NICEPHORO
1015 151 1257 188 GONSCR‘lPTA.

1682 154 1751 186 3094

130 199 179 227 ιιης
196 193 299 229 χρείας,
317 194 461 230 προλαϐὼν
477 196 510 224 τὰ
525 197 577 224 τῶν
593 198 722 234 μαθητῶν
737 200 839 233 ἐκεῖνος
853 202 913 237 περῖ

967 204 1082 240 lignum,
1099 212 1268 241 praeverteris
1290 207 1416 235 sollicitis
1442 207 1493 236 hac
1514 215 1598 242 super
1619 216 1649 236 re
1670 209 1752 235 disci-

129 240 225 266 ἰούτον
238 241 380 274 φροντίδας
392 243 424 277 τῇ
437 243 483 269 τοῦ
499 244 639 278 μέλλοντος
651 245 794 281 πόρρωθεν
808 247 917 281 ἀψευδεί

131 285 292 321 καταλήψει,
314 286 378 314 Ἰδοὺ
398 290 477 325 φοιτᾷ
493 290 574 316 πάλιν
597 291 666 326 ἀνὴρ
682 292 784 328 ἕτερος,
800 292 862 327 ἔφη,
879 295 917 321 oi-

131 331 203 356 κεῖον
218 332 250 366 τῇ
268 334 433 370 προκειμένῃ
449 335 527 370 χρείᾳ
541 335 617 367 ξύλον
635 338 663 362 ὲν
676 337 713 371 τῷ
730 338 776 364 τοῦ
793 339 915 373 ποταμοῦ

131 375 245 409 στόματι
262 377 341 412 ἔχων,
363 380 408 405 καὶ
427 380 506 406 τοῦτο
528 381 617 407 λαϐεῖν
637 383 712 418 ἡμᾶς
726 383 807 415 ἀξιῶν
820 392 826 398 ·
850 384 863 409 ὁ
886 385 915 411 δὲ

131 422 198 453 ποῦς
213 424 262 450 οὐκ
281 424 383 458 ὀλίγαις
405 426 443 461 τῷ
459 427 535 461 ἀνδρὶ
554 427 715 463 βαλλόμενος
729 430 844 462 ὀδύναις,
856 431 915 458 οὐδὲ

129 469 229 496 ἄπονον
244 470 317 505 αὐτῷ
337 471 385 505 τὴν
406 473 517 507 πορείαν
534 474 671 509 παρέχων.
689 475 781 502 Ταῦτα
796 476 863 511 ὁμοῦ
885 485 914 503 τε

130 514 223 550 ενρητο
240 516 307 551 πρὸς
322 517 430 550 αὐτοὺς,
449 519 495 544 καὶ
507 519 574 553 ὁμοῦ
592 521 774 556 παρεστηκὼς
791 520 824 557 ἦν
842 523 914 549 ἐκεῖ·

130 569 184 592 νος,
197 561 333 595 δεόμενος,
349 563 413 596 γένυ
426 564 533 596 κλίνων,
547 566 596 594 τὰς
607 566 684 601 ὄψεις
700 567 810 602 ἐρείδων
818 570 850 604 τῇ
867 571 913 604 γῇ,

129 606 220 633 πάντα
241 604 325 634 ποιῶν
346 610 392 636 τόν
406 619 435 636 τε
453 611 518 637 πόδα
531 612 585 638 τῶν
597 613 697 639 ὀδυνῶν
713 614 852 648 ἀνεθῆναι,
868 616 915 642 καὶ

127 652 197 688 ὅπερ
214 653 282 688 ἔχων
296 655 427 690 ἐτύγχανε
441 657 519 689 ξύλον
533 658 571 692 τῷ
582 659 652 694 ἁγίῳ
671 660 810 695 δεχθῆναι,
821 661 913 695 δέησιν

129 699 247 736 ἑκάτερα
272 702 432 736 ποιούμενος
457 703 529 744 ἴσην.
551 705 579 732 '0
594 706 622 733 at
640 707 688 742 τὴν
708 707 802 743 βαῖνην
817 709 914 744 ράὃδον

127 744 228 790 λαὸὼν,
248 747 321 774 παίει
333 749 378 774 τὸν
392 749 521 777 νοσοῦντα
533 751 611 783 πόδα,
626 754 699 789 καὶὴ
714 754 804 790 πληγὴ
823 764 914 790 παρα-

125 789 209 822 δόξως
226 791 303 825 ὑγεία
321 793 358 828 τῷ
371 794 501 828 κάμνοντι
519 796 633 830 γίνεται,
651 797 682 824 τό
696 807 726 824 τε
749 799 826 831 ξύλον
845 789 913 827 ἀνα-

127 836 270 870 κομίζεται
295 839 341 864 καὶ
364 841 439 871 αὐτὸ,
455 841 575 874 εἴξαντος
597 844 700 870 ἐκείνου
721 846 858 873 κάνταῦθα
873 847 912 883 τῷ

125 881 176 915 τῆς
190 883 284 917 χρείας
298 884 489 922 ἀπαραιτήτῳ,
507 889 554 915 καὶ
571 889 585 915 ὁ
601 890 696 923 στύλος
716 892 755 923 εἰς
770 891 837 929 ὅπερ
848 881 912 929 agai-

125 934 171 954 ται
187 928 234 954 νῦν
249 928 357 966 αἴρεται
372 930 448 966 ὕψος.

163 1019 223 1054 pta".
240 1020 331 1058 Ταύτῃ
349 1023 494 1058 τοιγαροῦν
511 1024 725 1059 ἀπαρτισθέντος
740 1027 786 1053 τοῦ
804 1027 911 1059 στύλον,

126 1065 190 1099 περὶ
206 1065 300 1101 τρίτην
316 1067 389 1102 ὥραν
405 1070 549 1105 ήμερινὴν,
565 1071 616 1097 ὑπὸ
640 1074 766 1107 μυριάσιν
786 1074 910 1108 ἀγγέλων

126 1110 271 1156 δπιφανεὲς
299 1113 313 1138 ὁ
340 1114 466 1149 Χριστὸς,
495 1117 621 1153 ποθεινῆς
643 1119 710 1153 ὁμοῦ
729 1120 776 1146 καὶ
797 1122 914 1156 φρικτῆς

126 1155 234 1191 ἐκείνης
256 1158 425 1194 ἐπιφανείας,
441 1162 469 1188 ὲν
482 1162 557 1198 ἄρτῳ
573 1173 603 1190 τε
623 1165 671 1192 καὶ
687 1166 750 1201 οἴνῳ
764 1175 913 1202 πνευματι-

126 1201 183 1234 κῶς
196 1206 384 1239 προσκομίσας
402 1206 491 1242 (αὐτὸς
507 1208 534 1235 δὲ
551 1208 584 1245 ἦν
597 1210 610 1236 ὁ
624 1211 671 1237 καὶ
686 1201 847 1248 προσφέρων
860 1214 914 1249 ἄρα

126 1248 174 1274 καὶ
195 1252 426 1286 προσφερόμενος)
444 1254 493 1288 τὴν
506 1255 552 1280 τοῦ
565 1256 665 1282 οἰκείου
681 1257 845 1293 θεράποντος
860 1260 914 1286 ὑπὸ

128 1294 219 1330 μόνοις
232 1299 287 1329 τοῖς
301 1299 405 1325 ἐκείνου
427 1300 508 1334 ὀιρθα)
515 1303 584 1335 μοῖς,
601 1303 625 1329 οἳ
644 1304 690 1329 καὶ
705 1303 771 1339 πρὸς
786 1305 914 1339 τηλικαύ-

126 1349 176 1376 την
198 1342 259 1376 ὄψιν
276 1343 391 1377 ὴξίωντο
404 1345 569 1378 διαϐλέπειν,
588 1348 685 1383 ἡγίασε
705 1351 809 1378 στάσιν.
825 1352 914 1387 "Amp

127 1387 216 1414 ίδᾰντα
232 1389 277 1415 τὸν
300 1391 412 1426 ξυμεὼν
425 1392 500 1428 πόθῳ
517 1402 546 1420 τε
562 1396 611 1429 τῆς
631 1395 678 1422 ἐπὶ
695 1396 740 1422 τὸν
757 1397 852 1424 στύλον
865 1399 914 1426 ἁν-

125 1433 185 1460 όδον
213 1435 304 1468 πόθον,
324 1437 370 1462 καὶ
395 1439 496 1474 σπονδῇ
524 1440 642 1475 σπουδὴν
667 1443 850 1477 προσλαϐεῖν·
867 1446 914 1472 Kal.

125 1481 189 1511 τοὺς
214 1481 445 1517 εὐδοκιμωτέρους
467 1485 522 1512 τῶν
544 1486 671 1521 μαθητῶν
699 1490 912 1524 συγκαλέσαντα,

124 1525 174 1560 τὴν
187 1526 261 1553 θείαν
275 1528 367 1559 αὐτοῖς
379 1530 407 1554 ὲν
420 1530 555 1564 πνεύματι
569 1532 761 1566 ταπεινώσεως
777 1535 914 1571 ἐξηγήσα-

126 1570 188 1597 σθαι
208 1571 280 1606 6ῲιν,
297 1574 411 1604 ἀξιῶσαί
436 1584 465 1601 τε
489 1576 600 1607 τούτους
623 1578 718 1613 ἑορτὴν
740 1570 912 1615 ὲκείνηνντὴν

123 1615 231 1651 ἡμέραν
247 1617 323 1650 ἄγειν
338 1617 478 1653 λαμπρὰν,
496 1621 571 1656 etiam
593 1621 656 1657 θείῳ
673 1625 721 1658 τὴν
739 1625 853 1658 καρδίαν
867 1627 914 1653 εὑ-

125 1662 334 1695 φραινομένουῑ,
346 1664 375 1690 τὺ
395 1665 444 1698 μὲν
460 1666 504 1691 διὰ
521 1667 550 1692 τὸ
563 1669 676 1702 φρικτὸν
691 1670 740 1703 τῆς
755 1671 913 1705 ἐπιδημίας,

123 1705 154 1752 τὸ
169 1706 196 1752 δε
210 1707 254 1733 διὰ
271 1707 300 1733 τὸ
312 1708 449 1743 ὑπερφυὲς
462 1711 512 1744 τῆς
526 1713 719 1747 χρηστότητος.
741 1715 772 1740 'H
790 1715 818 1741 δὲ
835 1714 878 1751 ἦν,
897 1718 913 1752 ὴ

124 1751 255 1786 ἐπαύριον
267 1753 316 1788 τῆς
335 1754 536 1790 Πεντηκοστῆς,
552 1757 615 1783 καθ’
625 1759 658 1792 ἣν
673 1759 720 1786 καὶ
734 1760 782 1795 τὴν
798 1762 838 1792 εἰς
851 1751 914 1794 τοὺς

123 1797 242 1832 Χριστοῦ
270 1800 395 1834 μαθητὰς
415 1802 580 1837 ἑορτάζομεν
607 1804 654 1830 τοῦ
682 1805 840 1841 Πνεύματος
866 1808 912 1834 τοῦ

124 1843 202 1891 ἁγίου
229 1845 395 1880 ἐπιδημίαν·
418 1849 477 1874 κατ’
493 1849 578 1884 αὐτὴν
597 1850 650 1886 γὰρ
671 1852 835 1885 ἐπιφανέντα
864 1855 913 1891 τὴν

122 1890 232 1926 ἡμέραν
250 1892 324 1927 αὐτῷ
341 1894 386 1920 καὶ
401 1893 444 1921 τὶν
458 1895 559 1930 Κύριον
576 1897 655 1932 ἡμῶν
669 1899 715 1925 καὶ
726 1898 791 1925 Θεὸν
805 1901 915 1934 ἁγιάσαι

122 1935 172 1970 τὴν
187 1938 280 1964 στάσιν
296 1939 379 1965 αὐτοῦ
395 1940 443 1975 τὴν
463 1942 509 1967 ἐπὶ
529 1942 576 1969 τοῦ
593 1943 699 1976 στόλου,
714 1946 763 1980 τὴν
780 1948 913 1982 μυστικὴν

123 1983 167 2010 ἐπ’
198 1983 281 2010 αὑτοῦ
312 1984 408 2012 θυσίαν
442 1989 671 2022 προσαγαγόντα,
705 1988 749 2017 οἷα
783 1993 913 2026 συγγενές

123 2037 149 2054 τι
179 2029 275 2061 σκεῦος
303 2032 358 2062 τοῖς
382 2033 541 2064 ἀποστόλοις
572 2035 697 2070 εὑρόντα,
738 2037 786 2063 καὶ
815 2047 913 2073 συγγε-

122 2073 185 2105 νοῦς
211 2075 286 2109 αὺτῷ
312 2076 424 2111 χάριτος
449 2078 564 2110 ἐκείνοις
590 2081 774 2114 μεταδιδόντα.
804 2084 913 2119 Ταύτην

122 2120 138 2146 ὁ
168 2120 217 2154 μὲν
247 2121 362 2148 δέδωκεν
393 2124 502 2160 ἐντολὴν
536 2127 592 2157 τοῖς
619 2129 838 2163 ἐπισημοτέροις,
858 2130 912 2157 τῶν

123 2165 256 2199 ἀδελφῶν,
286 2167 347 2202 ἥτις
371 2169 446 2204 παρὰ
474 2172 505 2206 τῇ
537 2173 602 2208 μονῇ
630 2174 677 2200 καὶ
701 2175 740 2205 εἰς
764 2174 844 2210 δεῦρο
864 2184 913 2212 τη-

125 2212 223 2246 ρεῖται.

161 2261 228 2292 ρις’-
244 2259 299 2294 Τῆς
315 2259 337 2285 δ’
354 2260 484 2296 ἐπιούσης
501 2263 644 2300 Κυριαχῆς
660 2265 714 2300 (εἴη
731 2266 752 2293 δ’
767 2266 800 2293 ὃν
817 2267 832 2302 ἡ
848 2267 913 2302 ἑξῆς

123 2303 173 2338 τῆς
188 2305 399 2340 Πεντηκοστῆς),
415 2307 484 2340 μετὰ
498 2308 547 2340 τὰς
560 2310 673 2342 ἑωθινὰς
694 2311 776 2347 ᾠδὰς,
795 2313 843 2344 τὰς
864 2314 913 2348 μὲν

123 2349 173 2384 τῆς
192 2349 276 2384 μονῆς
293 2350 379 2382 πύλας
398 2353 454 2384 τοῖς
468 2353 566 2385 ἔξωθεν
591 2357 705 2390 φοιτῶσι
724 2358 831 2385 κελεύει
846 2359 910 2386 καθ-

124 2394 198 2427 άπαξ
211 2395 424 2432 ἀποκλεισθῆναι
434 2406 440 2413 ·
453 2399 534 2431 αὐτος
549 2400 578 2426 δὲ
592 2403 655 2432 τοὺς
668 2403 799 2438 ἀδελφοὺς
810 2405 914 2439 πάντας

125 2441 298 2475 συναγαγὼν,
310 2443 369 2478 Θεῷ
385 2453 415 2470 τε
429 2446 575 2479 θυμιάσας,
590 2448 638 2474 καὶ
649 2449 712 2482 γόνυ
725 2451 815 2478 κλῖναι
831 2453 914 2480 πᾶσιν

122 2487 214 2518 αὐτοῖς
236 2489 380 2522 ἐπιτάξαςι
393 2491 514 2525 κεφαλὴν
532 2493 601 2526 μετὰ
619 2494 674 2520 τῶν
692 2497 860 2533 γονάτωντῇ
877 2500 911 2534 γῇ

122 2534 170 2560 καὶ
181 2531 257 2565 οὗτος
270 2535 390 2570 ἐρείσας,
404 2536 508 2572 δάκρυᾲ
522 2547 551 2564 τε
564 2540 597 2565 τὰ
610 2540 656 2566 καὶ
670 2531 913 2581 θυμιάματος-θ)εῷ

124 2581 226 2615 μᾶλλον
252 2582 319 2617 ἡδίω
344 2583 390 2609 καὶ
411 2584 580 2621 εὐωδέστεραι
603 2586 712 2622 θερμῶς
737 2590 911 2625 ἐπισπείσας,

122 2626 186 2660 ἄχρι
206 2627 304 2653 πολλοῦ
326 2629 513 2663 προσηύξατο¹
530 2631 575 2657 ἐπὶ
589 2632 659 2659 τέλει
677 2633 705 2659 δὲ
719 2634 770 2669 τῆς
786 2636 870 2670 εὐχῆς
883 2638 913 2664 τὸ

130 2671 217 2706 ’Λμὴν
235 2672 325 2699 αὐτῶν
338 2674 515 2707 ὲπειπόντων,
532 2676 650 2709 ἀναστὰς
669 2678 765 2713 πρῶτα
780 2681 830 2713 μὲν
842 2690 910 2716 συγ-

122 2715 244 2752 χώρησιν
256 2718 346 2750 αὐτοῖς
360 2720 449 2755 πάσης
464 2721 557 2752 ἁπλῶς
569 2722 731 2758 ἀντιλογίας,
749 2726 796 2752 καὶ
811 2728 912 2760 παντὸς

122 2759 227 2795 οὗτινος
241 2761 287 2790 οὖν
315 2765 437 2793 ἑκουσίου
455 2766 471 2801 ἢ
487 2769 515 2795 ἐν
530 2769 626 2805 ἀγνοίᾳ
639 2770 740 2798 ἐδίδου·
761 2770 820 2800 εἶτα
840 2759 912 2810 παρέ

967 251 1039 286 pulis
1068 251 1204 287 Symeon,
1239 253 1374 281 inlallibili
1407 253 1564 281 futurorum
1595 254 1751 290 cognitione

967 297 1149 326 informatus:
1167 299 1249 332 Ecce,
1262 300 1361 334 inquit,
1388 307 1499 327 rursum
1527 300 1570 327 vir
1597 301 1667 328 alius
1697 301 1752 328 huc

967 344 1092 376 ventilat,
1106 345 1154 379 qui
1168 345 1271 380 lignum
1290 346 1485 380 usuipraesenti
1499 354 1633 381 perquam
1644 352 1750 381 aptum,

967 389 995 416 in
1021 390 1092 418 ostio
1122 391 1244 419 ﬂuminis
1261 385 1355 425 habet,
1379 397 1511 428 rogatque
1540 400 1570 420 ut
1594 393 1681 428 ipsum
1705 401 1752 421 ac—

967 434 1111 468 cipiamus.
1130 436 1180 464 Pes
1206 438 1317 465 saucius
1331 445 1388 464 non
1418 438 1542 465 modicos
1554 438 1614 464 viro
1635 438 1750 466 dolores

966 485 1087 514 generat.
1106 489 1157 508 nec
1173 482 1288 510 transire
1302 483 1357 510 huc
1369 483 1474 518 absque
1486 484 1562 518 gravi
1584 483 1679 510 labore
1702 492 1751 518 pa-

967 525 1044 553 titur.
1057 526 1142 554 Simul
1156 527 1212 564 bmc
1222 528 1295 555 dicta
1307 533 1382 561 sunt,
1395 529 1475 556 simul
1492 530 1621 564 pnefatus
1633 529 1674 557 vir
1684 537 1752 557 eone

966 573 1047 604 stitit,
1070 574 1228 608 supplicans
1242 575 1318 603 ﬂexis
1330 576 1456 615 genibus,
1483 576 1535 603 fixo
1562 576 1639 604 humi
1659 577 1749 608 vultu,

969 618 1039 645 nihil
1049 627 1103 646 non
1116 627 1210 655 agens,
1226 629 1281 655 quo
1301 626 1329 649 et
1355 622 1499 649 dolerib’us
1518 622 1658 649 levaretur
1683 630 1751 650 suus

965 673 1024 700 pes,
1044 670 1071 693 ct
1083 667 1187 702 lignum
1201 668 1274 702 quod
1285 669 1403 696 habebat
1413 673 1601 703 acceptaretur
1615 677 1630 696 a
1641 674 1750 700 sancto;

965 710 1083 745 duplicis
1107 712 1163 738 voti
1190 720 1268 747 aeque
1297 721 1409 748 compos
1440 713 1497 741 fieri
1532 714 1656 749 cupiens,
1681 714 1750 741 Tum

965 757 1082 792 Symeon
1098 758 1202 792 palmea
1214 766 1263 786 sua
1280 759 1353 793 virga
1365 759 1461 794 pedem
1474 759 1602 786 affectum
1621 759 1750 794 percutit,

964 807 992 830 et
1006 803 1147 837 percussio
1176 804 1340 831 mirabiliter
1366 805 1392 831 ei
1418 805 1524 832 sanatio
1542 804 1613 832 facta
1635 808 1694 835 est;
1718 804 1750 830 li-

964 857 1102 884 gnumque
1127 849 1211 876 etiam
1245 854 1438 884 apportatum:
1464 850 1559 884 quoin
1587 853 1750 884 praesentem

964 894 1136 921 necessitatis
1149 893 1340 923 inexcusabilis
1359 902 1435 923 usum
1447 896 1585 930 adaptato,
1616 895 1747 923 columna

964 940 991 968 in
1009 948 1079 973 eam,
1099 948 1266 976 quamnunc
1283 940 1418 974 videmus,
1434 941 1631 968 sublimitatem
1655 945 1746 969 erecta

963 991 1005 1014 est
1020 987 1088 1023 (δι).

999 1032 1060 1059 HS.
1083 1032 1139 1060 Hoc
1154 1033 1235 1061 modo
1250 1041 1312 1060 cum
1329 1033 1375 1061 illa
1390 1032 1518 1060 omnibus
1534 1033 1658 1068 partibus
1677 1035 1750 1059 esset

964 1079 1084 1114 perfecta
1099 1100 1105 1112 ,
1132 1080 1242 1107 circiter
1267 1081 1362 1108 horam
1386 1078 1450 1108 ‘diei
1488 1080 1597 1107 tertiam
1623 1078 1751 1114 apparuit,

963 1125 1097 1156 Christus,
1126 1125 1232 1152 inﬁnita
1255 1126 1417 1160 angelorum
1443 1131 1532 1152 turma
1563 1125 1696 1159 stipatus;
1722 1124 1749 1151 in

964 1170 1015 1198 hac
1034 1175 1087 1197 tam
1103 1171 1280 1198 desiderabili
1305 1179 1385 1205 quam
1401 1170 1542 1198 tremenda
1565 1170 1748 1205 apparitione,

963 1217 1042 1252 panis
1057 1224 1089 1243 ac
1112 1216 1166 1243 vini
1188 1217 1359 1251 spiritualem
1378 1216 1482 1244 faciens
1498 1215 1664 1243 oblationem
1680 1215 1750 1250 (ipse

964 1267 1055 1289 autem
1080 1267 1139 1289 erat
1156 1263 1202 1297 qui
1227 1262 1362 1289 offerebat
1385 1267 1412 1288 et
1436 1261 1615 1295 olli-rebatur)
1648 1260 1750 1288 famulo

964 1316 1023 1341 suo,
1038 1309 1116 1343 cujus
1131 1309 1216 1335 solius
1232 1309 1303 1335 oculi
1324 1309 1369 1335 tali
1387 1308 1491 1335 visione
1508 1307 1681 1339 fruebantur,
1697 1312 1751 1334 sta-

964 1354 1048 1381 tionis
1058 1355 1156 1382 futurae
1170 1355 1261 1382 locum
1274 1354 1472 1381 sanetilicabat.
1490 1354 1538 1381 llis
1550 1354 1617 1381 visis
1632 1353 1750 1384 Svmeon

963 1400 1102 1428 desiderio
1120 1400 1321 1428 conscendendi
1349 1400 1377 1427 in
1402 1400 1556 1427 columnam
1582 1399 1750 1426 desiderium

964 1447 1078 1479 addens,
1109 1449 1137 1473 et
1158 1445 1281 1473 studium
1302 1445 1411 1479 studio;
1446 1445 1605 1473 convocatis
1632 1445 1752 1480 probatae

963 1493 1049 1529 magis
1065 1493 1128 1520 vitae
1154 1492 1287 1519 fratribus
1311 1492 1431 1519 divinam
1449 1492 1584 1520 visionem
1610 1491 1636 1518 in
1653 1490 1750 1526 spiritu

964 1539 1128 1566 humilitatis
1152 1538 1308 1572 enarravit;
1329 1542 1512 1573 precatusque
1526 1542 1578 1570 est,
1598 1541 1627 1564 ut
1652 1537 1752 1572 spiritu

964 1585 1051 1612 divini
1076 1584 1183 1612 timoris
1196 1584 1356 1620 gaudentes,
1373 1584 1464 1611 lucem
1485 1584 1559 1611 illam
1576 1591 1658 1618 quam
1677 1582 1753 1610 lesti-

963 1630 1105 1657 vissimam
1132 1634 1259 1665 agerent;
1288 1638 1351 1657 cum
1381 1630 1484 1657 timore
1506 1629 1616 1664 quidem
1641 1632 1753 1664 propter

965 1675 1147 1702 reverentiam
1165 1675 1300 1702 Dominici
1322 1675 1468 1706 adventus,
1485 1683 1548 1702 eum
1567 1674 1668 1709 gaudio
1686 1681 1753 1701 vero

964 1725 1078 1755 propter
1092 1721 1288 1748 abundantiam
1302 1721 1446 1748 bonitatis.
1459 1721 1525 1748 Erat
1543 1721 1565 1748 is
1581 1720 1640 1748 dies
1655 1718 1753 1754 postri-

964 1765 1009 1793 die
1031 1766 1218 1798 Pentecostcs,
1246 1775 1300 1801 qua
1322 1767 1469 1794 adventum
1486 1766 1610 1802 Spiritus.
1623 1766 1709 1794 sancti
1725 1766 1753 1793 in

964 1812 1115 1846 discipulos
1124 1812 1227 1840 Christi
1238 1813 1410 1840 celebramus
1424 1821 1430 1840 :
1445 1813 1490 1840 illo
1503 1820 1623 1848 namque
1639 1812 1697 1848 ipso
1708 1813 1754 1840 die

964 1858 1189 1886 manifcslavitse
1206 1859 1256 1893 ipsi
1275 1859 1418 1892 Dominus,
1446 1863 1473 1886 et
1499 1859 1645 1886 stationem
1671 1867 1754 1893 super

965 1905 1121 1932 columnam
1144 1906 1326 1937 consecravit,
1354 1906 1500 1942 mysticum
1523 1906 1624 1933 ibidem
1650 1905 1754 1932 sacrifi-

958 1950 1038 1977 cium
1051 1950 1186 1983 olferrns;
1204 1955 1232 1977 et
1254 1950 1332 1985 quasi
1348 1959 1395 1978 vas
1409 1951 1553 1978 electionis
1570 1949 1701 1985 apostolis
1715 1950 1752 1976 si-

964 1995 1028 2022 mile
1042 1996 1201 2026 invenisset,
1212 1995 1450 2023 similcmillorum
1465 1995 1579 2030 gratiam
1592 1995 1675 2022 etiam
1688 1995 1753 2021 huic

964 2040 1137 2075 impertiens.
1155 2041 1218 2068 Ilzec
1234 2048 1316 2075 porro
1331 2041 1465 2068 fratribus
1478 2040 1651 2075 spectatioris
1665 2039 1753 2066 virtu-

964 2087 1000 2114 tis
1013 2087 1075 2113 data
1091 2087 1249 2121 praeceptio,
1275 2087 1308 2114 ad
1333 2095 1454 2122 praesens
1479 2094 1566 2121 usque
1593 2090 1701 2121 tempus
1724 2086 1751 2113 in

964 2133 1132 2160 monasterio
1152 2133 1225 2168 viget
1248 2132 1316 2160 152l.

1001 2271 1062 2298 HG.
1072 2271 1182 2298 Postera
1193 2271 1346 2303 Dominica,
1356 2279 1416 2306 qua:
1424 2275 1483 2298 erat
1491 2273 1751 2306 postPcntecostcu,
1792 2287 1797 2295 -

963 2316 1072 2351 hynutis
1102 2316 1245 2345 matutinis
1273 2316 1427 2348 absolutis,
1460 2320 1556 2352 portas
1591 2316 1752 2344 monasterii

964 2362 1147 2397 undequaque
1162 2362 1254 2390 claudi
1281 2370 1396 2398 peregre
1422 2362 1636 2390 adventantibus
1654 2363 1752 2398 jubet;

965 2409 1123 2443 coactisque
1138 2408 1282 2444 discipulis
1305 2409 1446 2441 omnibus,
1472 2414 1535 2444 post
1558 2410 1681 2437 oblatum
1698 2410 1753 2436 Deo

965 2454 1118 2488 incensum,
1139 2456 1256 2490 imperat
1280 2460 1310 2483 ut
1330 2464 1417 2492 genua
1435 2459 1569 2489 curvent;
1587 2456 1645 2490 ipse
1660 2460 1752 2482 autem

965 2508 1020 2528 non
1040 2501 1211 2534 sictantum,
1226 2502 1274 2529 sed
1303 2507 1330 2529 et
1356 2503 1446 2537 capite
1471 2502 1548 2529 humi
1575 2505 1689 2533 stratus,
1714 2501 1754 2528 la-

965 2554 1124 2581 crymasquc
1142 2547 1196 2574 Deo
1213 2546 1348 2582 gratiores
1358 2551 1440 2582 atque
1456 2546 1530 2573 omni
1555 2546 1668 2573 incenso
1683 2545 1752 2573 odo-

964 2592 1081 2619 ratiores
1112 2593 1255 2620 ferventer
1294 2593 1400 2625 libans,
1433 2593 1460 2620 in
1496 2593 1613 2620 multum
1645 2597 1753 2627 tempus

964 2638 1117 2666 orationem
1127 2639 1270 2673 protraxit.
1281 2639 1321 2666 Ad
1333 2639 1414 2674 hujus
1426 2639 1506 2666 linem
1522 2638 1754 2674 subjungentibus

967 2683 1111 2718 discipulis
1126 2684 1223 2717 Amen,
1242 2685 1436 2712 surrexitille:
1450 2693 1482 2713 ae
1499 2686 1618 2721 primum
1638 2685 1752 2720 quidem

965 2729 1058 2757 delicti
1077 2731 1276 2765 cujuscunque,
1297 2739 1344 2758 seu
1359 2732 1510 2759 deliberate
1526 2739 1574 2760 seu
1596 2739 1646 2766 per
1673 2731 1752 2766 igno-

966 2777 1083 2803 rantiam
1100 2777 1212 2805 admissi
1223 2778 1331 2805 veniam
1347 2778 1413 2813 ipsis
1427 2778 1518 2812 dedit;
1532 2777 1632 2806 deinde
1647 2777 1752 2805 adhor-

158 2855 216 2891 (51,
226 2856 272 2887 52)
284 2857 380 2895 Colligi
391 2859 470 2888 datur
484 2868 515 2888 cz
528 2860 627 2889 duobus
638 2862 705 2892 hisce
721 2862 793 2898 locis,
805 2865 960 2900 scriptorem
971 2874 1022 2894 non
1037 2867 1179 2896 admodum
1196 2868 1278 2896 multo
1291 2872 1348 2904 post
1364 2868 1467 2897 cuiue.
