1966 3068
215 141 285 180 3099

214 202 263 230 lud
280 202 308 230 in
322 202 400 230 lucro
417 210 528 237 ponere,
541 202 614 236 quod
630 201 727 234 dabat;
740 201 873 229 advocato
884 201 1007 235 diseipu-
1023 205 1043 230 A

215 248 306 276 lorum
329 248 375 275 uni
392 247 450 282 (qui
466 247 583 282 Symeon
604 246 816 281 appellabatur),
838 255 894 273 non
916 246 1005 274 solum

215 295 329 330 petitam
348 292 546 328 indulgentiam
566 292 659 326 dedit;
675 292 734 325 sed,
750 297 780 319 ut
791 292 908 319 affectus
921 291 1005 318 animi

216 341 288 369 data;
308 341 394 367 venia:
409 340 574 374 coniunctus
598 339 711 367 fratrem
726 339 836 374 plenius
851 338 1008 365 consolare-

217 390 282 414 tur:
300 386 382 420 Cape,
395 386 495 420 inquit,
514 394 599 412 unum
620 394 652 413 ex
667 386 821 413 benedictis
832 386 961 421 panibus,
980 390 1008 413 et

216 431 312 460 abiens
333 439 395 459 cum
420 431 479 458 istis
498 436 575 466 porta
594 432 771 468 presbytero;
785 436 813 459 et.
837 431 957 458 dimittet
981 431 1007 458 ei

216 476 290 504 Deus
303 481 447 511 peccatum
465 485 471 503 :
489 484 551 503 nam
565 477 647 504 simul
672 481 755 511 atque
780 477 951 511 amplexatus
961 485 1009 512 pa-

216 529 278 549 nem
297 521 389 551 fuerit.
403 521 566 556 exspirabit.
589 521 844 556 Accepitconlinuo
857 521 1009 556 discipulus

217 566 263 594 ille
277 575 376 601 panem
392 575 424 593 ac
440 567 560 601 portavit
578 576 584 594 ε
604 567 637 594 ad
655 568 732 599 cuius
749 567 921 601 praesentiam
936 574 1009 602 :eger

215 613 382 648 resipiscens
400 613 508 647 sibique
519 613 653 646 redditus,
666 613 756 640 libens
769 613 903 640 ambabus
919 613 1008 639 mani-

216 659 269 686 bus
287 667 384 694 panem
407 659 618 693 apprehendens
641 659 782 687 osculatus
807 663 859 691 est,
878 665 960 694 atque
981 659 1010 686 in

217 706 276 741 ipso
292 706 418 740 amplexu
431 705 558 740 spiritum
573 704 713 732 reddidit:
728 705 844 732 dixisses
857 705 1010 740 emigrandi

217 751 375 779 facultatem
393 756 456 778 ante
472 759 526 778 non
538 751 665 778 obtinere
678 751 812 785 potuisse,
831 751 878 778 sed
896 751 928 778 ad
950 759 1011 786 gra-

217 797 292 824 viora
309 797 470 825 sustinenda
488 797 625 825 violenter
646 797 808 830 detentum;
825 798 913 825 donec
929 805 944 824 a
959 797 1010 833 Sy-

217 852 409 879 meone,quem
419 845 523 872 scilicet
533 844 709 879 blasphemus
717 844 880 879 impetierat,
889 853 903 872 e
912 852 1010 879 corpo-

220 897 248 916 re
263 889 413 916 excedendi
426 889 505 916 venia
517 892 722 924 apportaretur.
735 889 822 923 Atque
834 889 885 917 hoc
898 890 1009 924 quidem

218 934 267 961 Dei
280 943 350 969 opus
361 940 414 967 est,
430 935 495 962 hinc
509 936 646 970 promissa
662 944 710 963 sua
727 936 867 970 implentis
881 939 909 962 et
924 936 1011 962 hono-

218 980 296 1007 riﬁce
308 980 487 1014 gloriﬁcantis
501 981 573 1013 illos,
586 981 632 1016 qui
646 981 734 1016 ipsum
746 981 899 1016 gloriﬁcare
911 989 1012 1016 propo-

219 1027 301 1054 situm
317 1027 437 1060 habent,
455 1027 518 1054 inde
533 1036 600 1055 vero
613 1028 777 1063 corrigentis
800 1028 1012 1062 revocantisque

219 1073 254 1100 ad
268 1072 383 1107 frugem,
397 1081 445 1108 per
461 1073 592 1100 intlictam
610 1073 676 1100 huic
697 1074 798 1100 misero
811 1080 931 1108 poenam,
951 1073 1012 1100 illos

219 1118 266 1153 qui
281 1118 374 1154 inique
385 1123 469 1154 agunt
479 1127 487 1147 ;
498 1119 526 1146 id
536 1127 602 1146 vero
617 1119 755 1154 quomodo
772 1119 828 1152 flat,
842 1119 1012 1146 narrandum

219 1172 274 1192 lIOD
295 1169 347 1192 εει.

256 1209 317 1237 122.
343 1209 464 1245 Contigit
480 1210 509 1237 in
523 1210 591 1238 locis
605 1211 755 1241 montanis,
773 1210 901 1238 feminam
917 1219 1013 1246 quam-

219 1255 281 1282 dam
299 1263 395 1290 parcre
412 1256 544 1283 infantem
561 1261 615 1284 tam
631 1264 745 1289 caecum,
761 1260 791 1284 ut
804 1257 947 1283 oculorum
961 1264 1014 1283 ne-

219 1309 273 1337 que
291 1307 383 1336 partes
399 1303 469 1336 imte,
491 1310 581 1338 neque
604 1303 697 1336 orbes,
713 1311 803 1337 neque
826 1303 940 1338 vestigia
958 1303 1013 1330 ulla

220 1347 248 1374 in
266 1347 334 1375 facie
350 1356 479 1383 expressa
492 1349 665 1376 viderentur.
686 1349 758 1376 iiinc
778 1352 907 1383 parentes
931 1356 1010 1376 acer-

220 1391 328 1421 bissimi
350 1393 455 1421 doloris
483 1395 537 1422 telo
561 1394 658 1427 saucii,
685 1394 813 1422 tollentes
826 1402 955 1429 puerum,
975 1395 1014 1421 la-

221 1446 329 1474 crymas
339 1440 422 1466 etiam
437 1440 471 1468 ab
486 1440 574 1468 oculis
585 1440 653 1467 nihil
665 1441 697 1467 ad
713 1448 741 1467 se
752 1440 928 1467 atlinentium
940 1441 1014 1468 ciere

221 1486 370 1516 valentem.
387 1486 420 1513 ad
433 1487 523 1514 virum
538 1492 663 1514 sanctum
682 1487 847 1518 accelerant,
861 1487 969 1515 unicam
986 1488 1013 1515 in

221 1529 375 1564 desperatis
389 1538 476 1565 spem.
489 1531 556 1558 Cum
576 1535 667 1558 autem
682 1531 819 1559 enitentes
834 1532 861 1558 in
880 1538 1012 1566 montem,
1029 1544 1049 1572 ο

223 1576 358 1610 tantisper
368 1576 491 1603 laborem
506 1576 614 1604 itineris
624 1577 717 1611 quiete
737 1577 864 1609 levaturi,
877 1578 1017 1606 subsedis-

222 1627 301 1654 sent,
319 1626 437 1649 cernunt
453 1627 479 1658 to
498 1622 693 1650 suavissimum
721 1624 908 1658 spectaculum
928 1625 1017 1652 oculis

222 1673 368 1705 parentum
381 1669 413 1703 ί),
428 1673 546 1696 cernunt
558 1677 674 1704 puerum
687 1669 789 1697 habere
801 1671 897 1698 oculos
911 1676 1018 1699 naturae

223 1722 372 1749 congruos,
399 1715 514 1749 acieque
532 1720 607 1742 recte
630 1715 757 1743 ordinata
776 1716 877 1744 intueri
893 1725 899 1744 :
918 1725 950 1744 ac
971 1725 1016 1745 se-

223 1760 313 1795 posita
334 1760 408 1786 omni
435 1768 522 1792 mora,
539 1761 711 1788 contentiore
735 1762 821 1796 gradu
842 1762 876 1789 ad
892 1767 1016 1790 sanctum

223 1805 366 1838 festinant,
381 1807 542 1833 nuntiantes
555 1806 774 1835 misericordiam
793 1813 822 1835 et
838 1809 976 1836 mirabilia
991 1810 1016 1837 ei

224 1859 282 1880 sua.
300 1853 338 1880 [ta
356 1861 414 1881 non
429 1861 491 1881 raro
502 1855 588 1888 gratia
602 1854 730 1890 Symeoni
745 1854 853 1882 coalitus
869 1855 931 1882 data
949 1863 1018 1890 prte-

224 1900 308 1926 vertit
327 1900 475 1928 adventum
492 1901 626 1928 medelam
641 1901 805 1936 petentium,
823 1898 945 1935 spectata
968 1910 1018 1929 eo-

226 1951 287 1971 rum
310 1945 395 1973 animi
409 1947 643 1981 promptitudine;
662 1951 690 1974 et
710 1946 867 1981 priusquam
882 1946 932 1981 ipsi
947 1948 1017 1982 peti-

224 1989 328 2016 tionem
354 1998 432 2017 suam
457 1993 648 2023 enuntiarent,
664 1991 710 2018 illa
725 1992 828 2018 donum
845 1992 1015 2019 conferebat.

225 2032 326 2061 Verum
345 2035 407 2069 quis
421 2039 502 2063 tanta:
514 2036 540 2063 in
559 2036 676 2063 dicendo
693 2036 827 2063 facundia:
847 2040 929 2071 atque
951 2044 1020 2064 con-

225 2080 366 2112 tentionis,
381 2085 411 2107 ut
425 2082 587 2109 varietatem
605 2090 637 2109 ac
650 2081 854 2109 multitudinem
869 2082 1017 2109 miraculo-

225 2131 286 2151 rum
302 2125 362 2160 ejus
377 2125 545 2153 sufﬁcienter
559 2127 698 2160 exponat?

261 2171 322 2197 125.
341 2171 438 2198 Mulier
454 2172 579 2206 quaadam
594 2173 621 2198 in
637 2172 731 2199 Rhoso
748 2171 804 2207 (57)
819 2171 923 2199 Ciliciae
937 2171 1015 2204 urbe,

819 148 849 179 S.
870 147 1059 178 SYMEONIS
1078 145 1257 176 JUNIORIS

1028 875 1048 902 Β

1421 150 1434 159 ι

1059 200 1137 226 τοῦτο
1155 199 1249 233 σαφῶς
1274 198 1426 234 κερδαίνειν
1448 198 1526 231 είδὼς
1543 198 1557 226 ὂ
1570 197 1672 232 δίδωσι)
1691 198 1745 225 τῶν
1765 200 1844 235 interr

1056 246 1111 273 τῶν
1139 246 1187 272 ἕνα
1214 245 1342 276 καλέσας,
1368 243 1481 279 Συμεὼν
1508 244 1558 280 τὴν
1582 245 1782 280 προσηγορίαν,
1801 245 1847 280 οὐχ

1057 292 1151 324 ἁπλῶς
1174 291 1266 317 δίδωσι
1288 291 1401 326 ταύτην,
1425 290 1482 317 ἀλλ’
1498 291 1542 317 ἵνα
1557 290 1603 317 καὶ
1619 290 1741 323 διάθεσις
1760 291 1847 326 ψυχῆς

1056 339 1089 372 τῇ
1103 335 1254 372 συγγνώμῃ
1269 337 1369 371 προσῇ,
1386 335 1432 362 τὸν
1447 336 1562 370 ἀδελφὸν
1577 336 1624 362 ἐπὶ
1646 336 1728 363 πλέον
1750 337 1850 372 πληρο-

1059 382 1193 418 φοροῦσα,
1209 381 1290 415 ’⁷Ενα,
1300 382 1378 417 φησὶ,
1390 381 1446 408 τῶν
1455 382 1504 416 τῆς
1513 381 1639 416 εὐλογίας
1648 383 1738 417 ἄρτων
1750 382 1846 413 λαϐὼν,

1056 429 1135 456 ἄπιθι
1165 429 1214 456 σὺν
1244 429 1336 460 αὐτοῖς
1371 429 1492 463 κομίξων
1520 428 1559 464 τῷ
1587 429 1779 465 πρεσϐυτέρῳ,
1804 430 1849 456 καὶ

1037 507 1039 509 _
1059 475 1226 510 ἀφεθήσεται
1240 474 1314 510 αὑτῷ
1331 475 1348 510 ἡ
1363 474 1487 510 ἁμαρτία
1502 475 1578 510 παρὰ
1588 475 1669 502 Θεοῦ·
1686 475 1850 510 ἀσπασάμε-

1059 529 1103 552 νος
1117 520 1171 556 γὰρ
1188 521 1234 547 τὸν
1254 520 1337 556 ἄρτον
1357 520 1438 552 εὐθὺς
1459 521 1659 548 ἀναπαύσεται.
1685 521 1738 547 Τοῦ
1757 521 1785 547 δὲ
1807 521 1850 548 τὸν

1060 567 1142 602 ἄρτον
1153 567 1252 593 αὐτίκα
1264 566 1394 597 λαϐόντος
1409 566 1457 593 καὶ
1472 567 1647 601 κομίσαντος,
1663 567 1730 603 πρὸς
1745 567 1794 602 τὴν
1805 567 1851 594 αὖ·

1060 612 1107 640 τοῦ
1120 612 1270 648 παρουσίαν
1287 613 1390 644 ἐκεῖνος
1401 612 1567 649 ἀνενεγκὼν,
1579 614 1704 648 ἀσμένως
1715 623 1744 640 τε
1759 614 1851 649 χερσὶν

1061 659 1231 694 ἀμφοτέραις
1242 657 1388 691 δεξάμενος
1403 658 1451 684 καὶ
1464 658 1591 693 φιλήσας,
1606 660 1801 686 συναποδίδωσι
1814 660 1852 695 τῷ

1062 704 1201 740 ἀσπασμῷ
1227 704 1275 730 καὶ
1298 703 1327 730 τὸ
1351 703 1470 738 πνεῦμα,
1494 703 1619 739 καθάπερ
1641 705 1796 740 ἐκδημῆσαι
1816 706 1853 742 μὴ

1063 749 1298 784 συγχωρούμενον,
1322 748 1391 775 ἀλλὰ
1420 749 1467 775 καὶ
1495 749 1636 784 βιαιότατα
1661 751 1852 785 κατεχόμεκον,

1063 796 1110 822 καὶ
1135 795 1314 830 χαλεπώτατα
1340 795 1452 830 πάσχον,
1469 795 1520 827 ἕως
1545 796 1620 830 παρὰ
1643 797 1689 822 τοῦ
1711 797 1784 824 θείου
1804 798 1853 824 Συ-

1065 841 1148 877 μεὼν,
1166 842 1205 872 είς
1223 841 1252 867 ὃν
1270 840 1369 876 δηλαδὴ
1388 843 1435 867 καὶ
1455 841 1488 868 τὰ
1505 843 1554 877 τῆς
1571 843 1758 878 βλασφημίας,
1774 846 1789 878 ἡ
1807 845 1853 871 λύο

1065 897 1106 919 σις
1133 887 1268 922 ἀφίκοιτο.
1292 886 1371 912 Ἀλλὰ
1398 886 1476 913 τοῦτο
1507 888 1556 922 μὲν
1585 889 1753 923 πληροῦντός
1782 891 1855 917 ἐστιν

1063 934 1167 961 οἰκείαν
1193 933 1240 959 τοῦ
1267 932 1336 959 Θεοῦ
1356 932 1497 959 κάνταῦθα
1514 935 1690 969 ἐπαγγελίαν,
1711 937 1758 962 καὶ
1780 936 1856 971 φιλο-

1062 981 1149 1016 τίμως
1177 981 1335 1014 δοξάζοντος
1362 979 1425 1010 τοὺς
1454 979 1536 1006 αὐτὸν
1555 980 1675 1013 δοξάζειν
1695 983 1856 1017 προῃρημέ-

1063 1035 1125 1058 νους
1135 1035 1142 1042 ·
1157 1026 1224 1061 πρδς
1237 1027 1265 1053 δὲ
1278 1027 1325 1052 καὶ
1337 1026 1398 1058 τοὺς
1411 1025 1549 1057 ἀσυνέτως
1564 1026 1685 1060 ἔχοντας,
1700 1027 1743 1053 διὰ
1756 1027 1805 1062 τῆς
1817 1030 1857 1061 είς

1064 1073 1167 1099 ἐκεῖνον
1189 1073 1306 1108 πληγῆς,
1329 1071 1543 1107 σωφρονίζοντος
1555 1081 1562 1088 ·
1585 1073 1674 1100 ὲκεῖνο
1690 1073 1737 1101 καὶ
1754 1074 1812 1106 πῶς
1825 1075 1855 1101 οὺ

1063 1117 1206 1153 διηγητέον
1220 1126 1226 1132 ·

1102 1209 1171 1244 φιβ’.
1186 1210 1288 1245 Συνέϐη
1307 1210 1378 1237 κατὰ
1392 1211 1442 1246 τὴν
1457 1211 1565 1246 ὀρεινὴν
1576 1210 1695 1245 γυναῖκά
1709 1219 1771 1238 τινα
1792 1219 1857 1239 παι-

1063 1255 1119 1282 δίον
1133 1257 1221 1282 τεκεῖν
1236 1256 1306 1283 οὖτω
1317 1257 1426 1291 τυφλὸν,
1441 1257 1478 1288 ὡς
1500 1257 1568 1292 μηδὲ
1596 1257 1743 1292 ὀφθαλμῶν
1754 1257 1859 1293 πυθμέ-

1064 1309 1124 1332 νας,
1146 1302 1214 1336 μτλδὲ
1244 1302 1414 1336 κοιλότητας,
1433 1303 1500 1338 μηδὲ
1530 1303 1590 1338 ἴχνη
1607 1303 1709 1330 τούτων
1723 1303 1763 1339 τῷ
1780 1312 1860 1339 προσ-

1065 1345 1132 1381 ώπῳ
1146 1347 1358 1374 ἐντετυπῶσθαι.
1379 1347 1475 1378 Βέλους
1490 1348 1581 1374 τοίνυν
1596 1349 1759 1384 πικρότερον
1772 1349 1797 1376 οἱ
1813 1358 1859 1376 τε·

1065 1393 1158 1424 κόντες
1171 1392 1328 1428 βαλλόμενοι
1345 1393 1379 1420 τὰ
1408 1393 1560 1430 σπλάγχνα,
1588 1395 1686 1430 φόρτον
1720 1395 1855 1430 ἀράμενοι

1064 1438 1094 1465 τὸ
1110 1438 1218 1473 βρέφος,
1233 1439 1338 1474 δάκρυα
1354 1439 1401 1466 καὶ
1416 1439 1499 1474 μηδὲν
1514 1441 1698 1475 προσήκουσιν
1711 1441 1861 1476 ὀφθαλμοῖς

1065 1486 1149 1511 κινεῖν
1174 1484 1333 1519 δυνάμενον,
1357 1486 1434 1520 παρὰ
1451 1486 1496 1512 τὸν
1515 1486 1586 1513 θεῖον
1607 1486 1738 1522 ὥρμηντο
1764 1487 1862 1514 τοῦτον

1066 1530 1161 1565 ἄνδρα,
1180 1530 1229 1565 τὴν
1249 1529 1333 1564 μόνην
1349 1531 1377 1556 ἐν
1393 1531 1544 1565 ἀμηχάνοις
1557 1530 1662 1557 ἐλπίδα.
1686 1531 1730 1562 Ὡς
1750 1529 1796 1557 οὖν
1812 1532 1862 1558 ἀν-

1069 1575 1152 1606 ιόντες
1164 1575 1209 1601 διὰ
1227 1575 1272 1601 τοῦ
1288 1575 1368 1609 ὅρους
1383 1575 1522 1608 ἐκάθισαν,
1535 1576 1607 1602 ὥστε
1625 1577 1670 1602 τὸν
1683 1577 1716 1603 ὲκ
1734 1577 1784 1611 τῆς
1798 1576 1862 1603 ὁδοῦ

1068 1622 1147 1648 πόνον
1181 1621 1268 1656 βραχύ
1292 1631 1319 1648 τι
1346 1622 1539 1652 διαναπαῦσαι,
1573 1622 1673 1658 ὁρῶσιν
1699 1622 1739 1657 (ὢ
1760 1622 1862 1656 γονέων

1066 1668 1213 1702 ὀφθαλμοῖς
1230 1667 1339 1702 ἡδίστου
1363 1668 1534 1703 θεάματοςί)
1561 1667 1673 1703 ἔχοντας
1701 1668 1738 1702 τῷ
1761 1669 1862 1704 παιδίῳ

1066 1713 1129 1744 τοὺς
1146 1713 1301 1748 ὀφθαλμοὺς
1315 1714 1384 1741 κατὰ
1411 1715 1501 1748 φύσιν,
1515 1715 1663 1748 ὑγιαίνοντί
1679 1724 1707 1741 τε
1724 1714 1862 1750 βλέμματι

1069 1758 1216 1793 βλέποντας
1228 1768 1234 1775 ·
1256 1760 1303 1786 καὶ
1325 1761 1494 1796 παραχρῆμα
1521 1761 1708 1796 συντονωτέρᾳ
1727 1761 1796 1796 πρὸς
1814 1761 1863 1788 τὸν

1070 1806 1148 1840 ἅγιον
1178 1807 1211 1842 τῇ
1231 1807 1328 1842 πορείᾳ
1348 1807 1479 1842 ἐχρῶντο,
1504 1807 1722 1841 ἀπαγγέλλοντες
1746 1808 1780 1834 τὰ
1799 1807 1863 1843 ἐλέη

1068 1853 1114 1878 καὶ
1135 1852 1170 1878 τὰ
1191 1852 1331 1886 θαυμάσια
1357 1852 1452 1879 αὑτοῦ.
1465 1852 1558 1884 Οὕτως
1577 1854 1592 1888 ἡ
1614 1853 1767 1889 παράὺτῷ
1782 1855 1863 1889 χᾰρις

1067 1898 1170 1925 ἄνωθεν
1191 1899 1240 1934 τὴν
1263 1899 1317 1925 τῶν
1332 1899 1481 1925 αἰτούντων
1496 1899 1627 1930 πολλάκις
1643 1900 1743 1933 ἔφθανε
1758 1908 1864 1935 παρου-

1069 1944 1140 1977 σίαν,
1163 1945 1196 1979 τῇ
1219 1946 1268 1978 τῆς
1296 1945 1411 1979 καρδίας
1440 1945 1583 1980 ἑτοιμασίᾳ
1611 1945 1794 1980 προσέχουσα,
1815 1946 1864 1972 καὶ

1068 1989 1132 2023 πρὶν
1145 1988 1161 2023 ἦ
1173 1989 1222 2023 τὴν
1233 1989 1339 2024 αἴτησιν
1355 1990 1474 2021 ἐκείνους
1488 1989 1593 2021 θέσθαι,
1606 1991 1673 2024 αὐτὴ
1691 1992 1740 2026 τὴν
1757 1990 1866 2026 δωρεὰν

1069 2033 1255 2068 ἐκπληροῦσα.
1278 2034 1358 2061 Ἀλλὰ
1386 2034 1427 2066 τίς
1445 2033 1516 2061 οὕτω
1537 2034 1644 2068 γλῶττα
1672 2034 1788 2069 περιττὴ
1816 2035 1865 2061 καὶ

1069 2080 1219 2115 φιλότιμος,
1231 2080 1268 2112 ὡς
1282 2080 1312 2106 τὸ
1332 2080 1453 2107 ποικίλον
1465 2080 1570 2107 ἐκείνου
1584 2079 1639 2107 τῶν
1653 2079 1801 2115 θαυμάτων
1816 2080 1866 2107 καὶ

1068 2125 1208 2157 πολυειδὲς
1225 2126 1324 2158 ἱκανῶς
1341 2127 1517 2161 παραστῆσαι
1526 2135 1532 2159 ;

1105 2175 1173 2206 ρκγ’.
1191 2173 1261 2208 Γυνὴ
1272 2173 1328 2208 γάρ
1345 2181 1386 2204 τις
1404 2174 1433 2199 ὲν
1450 2173 1548 2208 Ῥοσῷ,
1565 2173 1707 2207 πόλειλτῆς
1720 2173 1866 2205 Κιλικίας,

225 2215 382 2243 Theotecm
397 2218 543 2252 appellata,
554 2218 608 2252 jam
623 2218 686 2245 inde
700 2226 715 2245 a
727 2218 818 2252 puella
832 2217 949 2244 datmoni
964 2218 1013 2245 ob-

1068 2217 1154 2253 δνομα
1184 2217 1329 2250 Θεοτέκυα,
1349 2218 1481 2253 δαιμονίῳ
1511 2218 1648 2254 πνεύματι
1680 2219 1799 2254 κάτοχος
1830 2221 1866 2246 ὲκ

224 2261 318 2294 noxia,
341 2262 471 2290 eumdem
494 2263 662 2297 procedente
686 2268 765 2290 aetate
791 2263 867 2290 velut.
888 2263 1017 2290 comitem

225 2301 365 2338 habebat;
378 2315 430 2334 nec
444 2316 459 2334 a
473 2315 534 2335 sese
548 2316 668 2342 unquam
684 2309 869 2339 recedentem,
890 2309 945 2335 imo
957 2317 1018 2343 gra-

225 2352 338 2380 vissime
352 2353 435 2380 etiam
449 2353 606 2381 turbantem
620 2359 647 2381 et
657 2354 778 2389 linguam
791 2354 976 2381 miserabilem
990 2355 1017 2382 in

226 2399 338 2426 modum
350 2399 509 2427 laniantem.
520 2399 733 2428 Cohabitavcrat
744 2401 789 2428 illa
803 2401 862 2428 viro
870 2401 927 2436 jam
939 2401 1018 2428 annis

225 2444 333 2480 viginti,
347 2445 492 2473 sterilitate
507 2451 535 2473 et
546 2447 679 2474 diemonis
696 2447 839 2474 vexatione
866 2447 1016 2482 castigata;

225 2499 343 2526 eumque
359 2491 434 2519 nulla
447 2491 560 2520 daretur
583 2501 596 2519 a
611 2493 702 2527 poenis
724 2493 852 2525 cessatio,
869 2493 1016 2528 impatiens

225 2537 358 2572 longioris
372 2538 584 2565 cohahitationis
597 2539 640 2566 vir
653 2546 720 2566 suus
749 2538 823 2565 illam
846 2538 1013 2573 repudiavit.

226 2582 351 2615 Quatuor
363 2588 424 2618 post
436 2584 493 2611 haec
504 2585 664 2612 ellluxerant
678 2587 753 2619 anni,
773 2587 833 2613 viro
844 2589 911 2614 alias
925 2586 1018 2616 nullas‘

227 2630 337 2663 nuptias
353 2630 501 2661 ambiente,
522 2631 632 2665 quando
648 2632 693 2658 illa
709 2632 741 2658 ad
758 2639 883 2660 sanctum
900 2635 1016 2669 Syrtico-

224 2681 288 2701 nem
303 2669 420 2710 eiusque
451 2675 693 2710 inexpugnabilem
718 2675 852 2702 adversus
881 2676 1015 2710 hujusce-

224 2720 300 2748 modi
317 2721 388 2748 mala
401 2714 532 2749 viriutem
547 2721 680 2756 confugit.
693 2720 818 2755 Cumque
834 2722 1011 2758 propiusjam

225 2765 362 2794 abesseta
384 2768 524 2801 columna,
553 2772 746 2803 spectaretque
767 2773 893 2795 sanetum
923 2773 951 2796 et
975 2770 1009 2797 ab

1074 2265 1168 2295 παιδὸς
1199 2264 1345 2299 γενομένη,
1363 2264 1511 2299 σύγχρονόν
1534 2273 1563 2291 τε
1587 2264 1639 2300 τῆς
1663 2265 1773 2301 ἡλικίας
1802 2265 1863 2292 ὥς·

1071 2318 1125 2345 περ
1153 2305 1220 2336 αὖτὸ
1251 2310 1298 2336 καὶ
1338 2311 1474 2345 μηδέποτε
1511 2310 1741 2346 διαζευγνύμενον
1777 2311 1870 2346 αὐτῆς

1069 2356 1181 2391 ἔχουσα,
1198 2355 1266 2383 ἀλλὰ
1292 2356 1386 2388 δεινῶς
1417 2356 1504 2391 αὐτὴν
1530 2357 1723 2392 καταῤῥῆσσον
1739 2357 1789 2383 καὶ
1812 2358 1871 2392 τῆς

1069 2402 1193 2436 γλώττης
1208 2402 1332 2428 οἴκτιστα
1345 2402 1564 2437 παραπτόμενον.
1580 2402 1653 2437 Αὕτη
1671 2402 1717 2429 καὶ
1740 2403 1870 2430 εἰκοστὸν

1070 2448 1130 2479 ἔτος
1155 2448 1233 2483 ἀνδρὶ
1261 2448 1456 2483 συνοικήσασα,
1476 2449 1522 2474 καὶ
1542 2448 1656 2483 ἀτεκνίᾳ
1672 2448 1742 2482 μετὰ
1761 2448 1814 2483 τῆς
1834 2449 1871 2475 ἐκ

1069 2494 1115 2521 τοῦ
1136 2494 1262 2530 δαίμονος
1274 2494 1406 2530 ἐπηρείας
1421 2495 1438 2529 ἡ
1454 2494 1591 2521 Θεοτέκνα
1611 2494 1813 2529 μαστιζομένη,
1827 2495 1870 2526 ὡς

1072 2541 1200 2576 οὐδεμίαν
1235 2541 1347 2577 εὕρισκε
1370 2540 1417 2567 τοῦ
1443 2540 1545 2572 πάθους
1568 2540 1739 2575 ἀπαλλαγὴν,
1771 2541 1869 2568 οὐκέτι

1072 2587 1192 2622 φορητῆς
1208 2586 1292 2620 οὒσης
1308 2587 1405 2621 ἐκείνῳ
1428 2587 1477 2620 τῆς
1493 2587 1689 2620 συνοικήσεως,
1709 2585 1869 2612 ἀπολέλυτο

1072 2633 1137 2667 παρ’
1154 2632 1248 2659 αὑτοῦ.
1264 2633 1402 2668 Τετάρτου
1415 2632 1504 2658 τοίνυν
1527 2631 1629 2666 μεταξῦ
1645 2631 1870 2667 διαρρεύεαντος

1071 2679 1176 2713 χρόνου,
1188 2680 1202 2705 ὁ
1219 2679 1267 2711 μὲν
1279 2679 1350 2713 ἀνὴρ
1366 2677 1500 2713 δευτέρων
1517 2678 1547 2704 οὐ
1562 2677 1712 2712 πεπείρατο
1724 2677 1839 2712 γάμων.
1851 2678 1868 2711 ἡ

1067 2725 1095 2751 δὲ
1109 2726 1178 2760 πρδς
1196 2725 1242 2752 τον
1256 2725 1326 2752 θεῖον
1341 2724 1454 2760 Συμεὼν
1467 2724 1646 2758 καταφεύγει,
1660 2723 1708 2750 καὶ
1723 2723 1774 2757 τὴν
1789 2723 1869 2758 ἄμι-

1064 2780 1110 2806 χον
1125 2772 1230 2799 ἐκείνου
1254 2772 1325 2799 κατὰ
1347 2771 1402 2798 τῶν
1421 2771 1548 2798 τοιούτων
1567 2770 1654 2806 ἰσχύν.
1673 2770 1751 2796 Ἐπεὶ
1766 2770 1795 2796 δὲ
1815 2770 1870 2805 ἠδη

336 2822 486 2866 Ilo-emanet
503 2823 667 2866 miraculum‘
681 2825 844 2866 ,ςπλοοητὶίίο
865 2834 882 2853 ιι
906 2826 1011 2855 Νἱταυιο
1033 2837 1114 2864 supra
1131 2831 1211 2857 etiam
1229 2829 1373 2866 dedimus§
1389 2830 1418 2863 7;
1435 2830 1466 2856 de
1481 2829 1575 2857 Rheso
1588 2833 1675 2856 autem
1694 2836 1741 2855 seu
1757 2827 1873 2855 “bona

225 2856 289 2883 urbe
300 2856 421 2885 similiter
434 2863 520 2887 actum
533 2867 614 2897 supra
631 2864 668 2887 est
681 2859 693 2895 ξ
713 2859 739 2886 2.
