1966 3068
135 162 204 196 3101

647 167 735 197 VITA
755 167 779 196 Α
797 166 1016 198 NICEPHORO
1035 169 1269 202 CONSCRIPTA

1703 173 1773 206 3102

134 218 183 246 τοῦ
195 218 293 246 στύλου
306 219 421 255 πλησίον
436 219 520 253 ἔλθοι,
535 220 584 248 ἴδοι
595 230 625 248 τε
640 221 686 248 τὸν
711 221 797 258 μέγαν
813 222 860 248 καὶ
877 220 923 248 ὑπ’

990 230 1037 257 pso
1064 229 1238 260 spectaretur
1268 226 1406 260 vicissim,
1431 234 1486 254 non
1523 227 1614 255 ferens
1645 227 1771 257 diabolus

135 264 218 292 αὑτοῦ
233 265 353 302 Θεαθείη,
368 267 417 303 τὴν
446 267 584 303 ἐγγύτητα
609 267 639 294 τὸ
655 268 795 302 δαιμόνιον
811 267 858 294 καὶ
876 267 927 302 τὴν

137 309 201 338 οέαν
230 311 325 348 ὥσπερ
350 313 400 340 οὑκ
418 314 541 348 ἔνεγκον,
558 314 658 350 ἤρξατο
675 314 770 346 δεινῶς
785 313 928 349 ὲκμαίνειν

136 358 184 385 καὶ
215 358 326 395 βρύχειν
347 361 470 396 ἐσχάτως
485 370 514 388 τε
530 362 578 397 τὴν
608 362 725 396 γυναῖκα
749 361 927 396 σπαράττειν,

137 403 193 436 καὶ,
212 405 244 431 Ὢ
262 404 316 439 βία,
326 407 448 441 κράζειν,
459 407 554 442 ἄγριόν
567 415 592 433 τι
609 407 656 433 καὶ
673 407 770 442 κομιδῇ
792 406 926 442 μεμηνὸς,

137 448 164 475 τί
183 457 229 484 μοι
255 451 323 485 πρὸς
348 451 378 477 σὲ
399 452 525 478 τοσοῦτον
549 452 716 487 ἡμάρτηται,
731 452 771 478 ὅτι
795 461 828 487 με
844 452 930 488 χωρί-

138 495 195 526 (at:
210 496 259 531 τῆς
287 498 405 532 ἐμαυτοῦ
425 499 562 533 ἓγυναικός
576 508 582 531 ;
598 499 613 525 ό
634 499 730 534 μιαρὸς
751 498 790 534 τῷ
821 498 878 525 ὄντι
894 499 929 526 τὰ

140 542 226 577 μιαρὰ
245 543 441 578 φθεγγόμενος,
461 545 520 571 Ἵνα
534 545 561 571 τί
581 545 620 577 δὲ,
636 545 715 579 φησὶ,
731 545 779 572 καὶ
793 545 878 571 παῖδα
890 545 930 571 δί·-

139 587 191 619 δως
211 587 296 621 αὐτῇ,
316 589 410 616 ἇπαιδι
426 591 569 623 τοσούτους
586 590 615 624 ἐξ
630 591 696 625 ἐμοῦ
709 591 822 625 χρόνους
837 599 927 625 μεμε-

140 634 261 670 νηκυίας
288 635 390 662 Ἐδόκει
424 636 478 671 γὰρ
506 637 538 671 τῇ
569 636 681 670 γυναικὶ
714 636 876 672 τηνικαῦτα,
893 636 931 668 ὡς

141 679 210 713 μετὰ
240 679 327 706 ταῦτα
356 681 464 716 νήψισα
488 681 623 716 ἐξηγεῖτο,
654 682 736 708 αὐτὸν
767 681 861 716 ὥσπερ
883 682 928 708 τδν

139 725 216 760 ἇγιον
231 725 345 759 λέγοντα
363 727 474 753 τοιαῦτα
506 728 571 763 ὁρᾷν
585 736 592 743 ·
604 728 640 754 Σὺ
657 728 716 763 μὲν,
734 728 843 764 πνεῦμα
863 738 932 762 ⁴πον-

138 771 215 806 ηρὺν,
229 772 262 798 ὲκ
278 772 328 807 τῆς
346 773 474 805 γυναικὸς
491 773 538 800 καὶ
561 773 626 800 ἄκον
654 773 815 810 ἀπελαθήσῃ
837 782 844 790 ·
862 773 931 808 αὐτὴ

139 816 166 843 δὲ
179 816 247 850 πρὸς
262 817 311 843 τὸν
325 818 427 844 οἶκείον
448 818 608 854 ἐπιστρέψει
636 819 730 853 ἄνδρα,
745 819 792 846 καὶ
819 819 929 845 παιδίον

139 862 230 894 αὐτοῖς
253 863 300 890 τοῦ
333 864 459 896 ἐπιόντος
488 864 566 896 ἔτους
598 865 754 900 γενήσεται.
777 863 806 890 '0
823 865 871 900 μὲν
886 863 932 890 οὖν

979 277 1160 305 congressum
1172 276 1200 298 et
1215 277 1362 307 aspectum
1381 272 1471 305 illum,
1495 273 1580 308 coepit
1608 274 1772 301 terribiliter

979 315 1083 349 furere,
1101 317 1242 351 frendere,
1254 326 1286 346 ac
1299 319 1443 346 mulierem
1469 319 1643 354 discerpens,
1657 319 1680 347 Ο
1696 319 1771 348 vim!

979 363 1140 397 vociferari,
1166 369 1194 392 et
1221 365 1320 400 agresti
1347 373 1463 400 prorsus
1489 367 1571 394 modo
1602 366 1773 394 furibundus

980 410 1153 437 exclamare:
1171 411 1248 444 Quod
1267 420 1359 439 meum
1374 417 1482 440 tantum
1501 414 1529 441 in
1541 419 1566 441 te
1574 417 1773 448 peecalum,ut

980 462 1012 481 ex
1023 455 1075 482 hac
1091 462 1151 482 mea
1167 463 1208 483 me
1217 457 1332 484 muliere
1350 457 1480 493 ableges?
1496 458 1529 484 Et
1540 458 1772 493 quemadmodum

981 499 1071 527 isthoc
1090 501 1245 528 scelusnon
1255 501 1380 536 loquitur
1392 503 1445 529 nisi
1458 503 1561 530 scelera
1574 512 1580 530 :
1593 504 1658 536 Cur,
1672 503 1771 538 inquit,

980 545 1148 573 fecunditate
1166 547 1241 574 illam
1255 547 1353 580 donas,
1370 552 1410 576 tot
1421 549 1476 583 jam
1491 550 1570 576 annis
1586 549 1693 576 artibus
1704 548 1774 576 meis

981 599 1014 619 ac
1043 593 1153 620 tcclmis
1184 593 1384 621 infecundam?
1409 594 1562 622 Videbatur
1588 599 1680 622 autem
1708 599 1774 623 tunc

983 639 1115 674 temporis
1128 639 1179 666 sibi
1198 640 1308 672 mulier,
1319 640 1360 667 uti
1376 640 1477 667 deinde
1492 641 1607 668 liberata
1619 641 1770 670 enarravit.

982 686 1147 722 Symeonem
1161 685 1263 713 intueri
1284 686 1369 713 veluti
1394 686 1435 712 sic
1459 686 1705 713 interminantem:
1732 686 1773 713 Tu

981 731 1106 766 quidem,
1116 732 1236 766 pessime
1248 731 1373 766 spiritus,
1383 731 1426 759 vel
1436 731 1540 759 invitus
1553 740 1585 759 ex
1599 732 1650 759 hac
1659 732 1776 759 muliere

982 778 1114 813 abigeris,
1128 777 1187 812 ipsa
1202 785 1268 805 vero
1288 777 1321 804 ad
1339 777 1470 804 maritum
1498 786 1581 805 suum
1607 783 1774 809 revertetur,

982 830 1010 852 et
1026 824 1099 850 filius
1108 824 1173 858 ipsis
1184 831 1255 851 .itino
1268 824 1392 858 proximo
1403 829 1545 851 nascetur.
1557 825 1668 851 Dzemon
1678 824 1775 858 igitur,

985 874 1042 897 tum
1059 870 1111 896 alia
1127 869 1213 896 multa
1228 870 1322 897 insana
1339 878 1370 897 ac
1384 869 1520 897 diabolica
1537 878 1613 897 more
1632 878 1683 896 suo
1702 869 1777 897 voci-

140 908 258 945 χαλεπδς
275 910 380 945 δαίμων
394 912 508 942 ἐκεῖνος,
523 911 590 937 ἄλλα
606 919 635 937 τε
661 910 745 936 ’πολλᾶ
767 910 870 945 μανικὰ
885 910 933 936 καὶ

990 916 1136 948 Γετίὼίηυτ,
1157 921 1214 942 tum
1240 915 1309 943 illud
1331 916 1484 951 priceipuc:
1504 916 1550 943 Vae
1572 915 1639 942 mihi
1657 923 1776 950 nequam

140 954 303 990 δαιμονιώόη
328 955 438 990 κράζων
453 953 498 990 ἦν,
518 953 613 991 ὥσπερ
638 956 722 986 εἰκὸς,
738 956 806 982 Οὐαί
831 965 877 991 μοι
892 955 931 991 τῷ

140 1000 220 1035 κακῷ
243 1002 333 1036 οἰκέτῃ
349 1002 355 1027 l
376 1001 436 1027 οὐαὶ
458 1001 496 1037 τῷ
512 1002 584 1029 κατὰ
605 1002 672 1028 πολὺ
689 1001 788 1036 δρῶντι
803 1001 833 1028 τὸ
847 1001 931 1028 ἀκού-

141 1055 197 1073 σιον
208 1046 226 1074 ἃ.
239 1048 446 1083 προστέταγμαι
459 1048 465 1075 !

177 1092 244 1128 ρκδ’.
259 1093 351 1120 Ταῦτα
362 1094 490 1128 ἔκραζεν,
505 1095 556 1122 ὅσα
570 1095 617 1121 καὶ
640 1095 748 1130 ὀργάνῳ
773 1097 806 1131 τῇ
822 1095 933 1129 γυναικὶ

141 1139 293 1175 χρώμενος,
314 1140 360 1167 καὶ
388 1140 484 1176 κύκλῳ
503 1140 550 1167 τοῦ
578 1141 675 1167 στύλον
690 1143 792 1176 ταύτην
808 1142 933 1173 ἐλεεινῶς

143 1187 272 1220 περιῆγε,
289 1187 414 1222 καθάπερ
428 1187 482 1213 ἀπὸ
503 1186 651 1222 προσώπου
676 1188 784 1222 φεύγων
806 1187 853 1213 τοῦ
883 1188 934 1214 Συ-

145 1233 229 1269 μεὼν,
241 1236 288 1261 καὶ
303 1235 356 1261 ἀπὸ
375 1234 422 1261 τοῦ
438 1235 466 1260 ὲν
478 1234 553 1269 αὐτῷ
569 1234 723 1269 πνεύματος
739 1234 932 1269 ἐλαυνόμενος-

142 1281 229 1314 τὲλος,
259 1281 378 1316 Ἔξειμι,
394 1281 468 1315 μέγα
496 1281 617 1316 βοήσας,
648 1280 751 1316 ἀπῆλθε
786 1281 933 1317 σωφρόνως

143 1327 259 1362 ἔχουσαν
275 1327 359 1362 αὐτὴν
372 1327 559 1358 ἀπολελοιπώς
572 1335 579 1342 ·
595 1327 664 1362 προς
679 1327 712 1362 ἢν
735 1327 748 1353 ὁ
765 1326 835 1361 iam;
883 1327 933 1352 Συ-

145 1372 230 1409 μεὼν,
251 1373 396 1407 Ἐπάνηκε,
408 1373 499 1407 γύναι,
514 1373 589 1408 παρὰ
604 1372 649 1398 τὸν
671 1372 737 1398 ἴδιον
753 1371 847 1405 ἄνδρα,
861 1371 925 1406 ἔφη·

145 1422 244 1456 συνέσῃ
262 1420 317 1455 γὰρ
334 1419 409 1454 αὐτῷ
425 1419 472 1451 τοῦ
486 1419 592 1451 λοιποῦ,
607 1419 654 1446 καὶ
677 1418 781 1450 κοιλίας
796 1418 826 1450 ἐξ
850 1418 933 1445 αὐτοῦ

144 1466 250 1500 καρπος
265 1465 340 1491 ἔσται
357 1473 408 1492 σοι.
430 1465 462 1491 Ἡ
479 1465 530 1500 μὲν
546 1463 593 1492 οῦν
609 1464 678 1492 κατὰ
695 1463 744 1496 τὰς
761 1464 871 1495 ἐντολὰς
886 1463 933 1490 τοῦ

145 1511 226 1546 ἁγίου
260 1512 327 1546 πρὸς
352 1511 397 1538 τὸν
422 1511 507 1546 ἄνδρα
532 1511 728 1542 ἐπανελθοῦσα,
750 1509 877 1545 ἀσμένως
903 1518 933 1536 τε

146 1558 211 1593 παρ’
225 1557 308 1584 αὑτοῦ
324 1558 504 1592 εἰσδεχοεῖσα,
520 1557 567 1584 καὶ
583 1557 688 1584 παιδίον
710 1555 757 1582 τοῦ
773 1556 935 1591 ἐπιγενομέ-

146 1612 192 1631 νου
205 1603 328 1630 ἐνιαυτοῦ
342 1605 453 1636 τέξασα,
472 1603 510 1638 τῷ
531 1604 642 1639 μεγάλῳ
671 1603 751 1630 πάλιν
776 1603 843 1629 αὐτὸ
867 1602 936 1637 μετὰ
950 1593 971 1622 C

145 1649 193 1676 τοῦ
221 1649 338 1683 συζύγου
368 1649 512 1684 προσάγει,
530 1649 614 1684 εὐχῆς
629 1650 659 1676 ὃν
680 1649 785 1675 ἐκείνου
802 1649 904 1684 μᾶλλον
919 1649 936 1684 ἢ

147 1695 201 1722 τῶν
216 1695 301 1729 αὐτῆς
316 1694 420 1720 ὠδίνων
437 1694 557 1728 καρπόν.
573 1694 713 1728 Προσάγει
733 1694 822 1719 τοίνυν
831 1694 861 1719 το
873 1702 938 1720 παι-

147 1738 204 1764 δίον
233 1738 271 1772 τῷ
298 1738 438 1770 δεδωκότι,
454 1737 581 1772 καθάπερ
608 1738 872 1773 ὲγκαλλωπιςομένη
897 1737 935 1772 τῷ

147 1784 237 1819 δώρῳ,
253 1785 300 1811 καὶ
322 1785 408 1821 ταύτῃ
430 1785 475 1811 τον
493 1784 595 1820 δοτῆρα
611 1785 711 1819 μᾶλλον
725 1785 741 1820 ἢ
757 1785 864 1820 γλώττῃ
885 1793 938 1820 κη-

150 1831 294 1866 ρύττουσα.
316 1830 382 1857 Εἶτα
403 1831 451 1858 καὶ
475 1830 566 1858 οἴκαδε
595 1831 676 1858 πάλιν
702 1831 829 1865 εὐλογίας
856 1833 938 1866 τυχδν

149 1877 294 1911 ἐπανάγει,
313 1877 360 1904 καὶ
386 1877 521 1904 ἀντίδοσιν
536 1879 551 1912 ἡ
565 1877 633 1912 γυνὴ
648 1878 784 1911 τοσαύτης
799 1878 846 1904 καὶ
868 1877 940 1904 οὕτω

149 1923 273 1958 ποικίλης
297 1922 458 1958 εὐεργεσίας
475 1922 516 1958 (οὗ
539 1923 592 1958 γὰρ
614 1923 646 1957 δὴ
662 1923 788 1949 συνοίκου
813 1923 940 1957 δαίμονος

148 1969 308 2004 ἀπήλλακτο
325 1968 416 2003 μόνον,
433 1968 501 1996 ἀλλὰ
525 1969 573 1995 καὶ
587 1968 627 2004 τῷ
646 1968 726 2004 ἀνδρὶ
741 1969 918 1995 ἀνασέσωστο
932 1975 939 1983 ο

150 2016 219 2050 πρὸς
235 2015 274 2048 δὲ,
290 2015 339 2041 καὶ
356 2015 438 2042 παῖδα
452 2014 482 2047 ἐξ
496 2015 693 2050 ἑαυτῆς,›ὂπερ
715 2015 822 2042 οὐδέπω
841 2016 941 2051 πρότε-

156 2069 213 2096 ρον,
231 2060 304 2095 ῐδοι)·
322 2059 456 2087 ἀντίδοσιν
474 2059 565 2086 τοίνυν
590 2060 701 2094 ἀγαθῶν
717 2059 864 2092 τοσούτων,
895 2060 941 2086 dv-

154 2107 260 2142 ίστησιν
279 2107 373 2133 εἰκόνα
404 2107 474 2133 οἴκοι
502 2106 549 2133 τοῦ
573 2105 686 2140 Συμεών
703 2115 711 2122 ·
727 2106 826 2142 χρυσοῦ
842 2106 890 2140 μὲν
905 2105 942 2137 ὡς

152 2153 170 2187 ἡ
183 2153 341 2188 προαίρεσις
358 2150 430 2187 εἶχεν
444 2153 495 2179 οὐκ
509 2152 674 2188 εὺποςιοῦσα,
688 2152 702 2178 ὃ
717 2152 744 2178 δὲ
762 2152 864 2188 χρυσοῦ
888 2161 941 2187 μα-

152 2199 211 2234 κρῷ
228 2198 388 2234 τιμιώτερον
404 2199 494 2225 πίστιν
518 2199 713 2233 εἰσενεγκοῦσα
735 2199 884 2234 τοσαύτην,
902 2199 943 2230 ὡς

153 2245 184 2272 οὗ
198 2244 384 2280 δαιμονῶντας
408 2245 487 2279 μόνον
510 2246 557 2271 καὶ
573 2245 681 2276 πολλοῖς
712 2245 827 2272 πάθεσιν
853 2245 942 2276 ἄλλοις

154 2289 362 2324 συνεχομένους,
373 2289 440 2316 ἀλλὰ
455 2290 501 2316 καὶ
517 2291 602 2326 αὐτὴν
611 2291 657 2317 ἐπὶ
669 2291 789 2326 πέμπτῳ
801 2291 848 2317 καὶ
860 2291 942 2318 δεκά-

152 2346 192 2372 τῳ
202 2337 412 2374 ἐτειαῐμόρῤουν
432 2338 556 2373 καθαρᾶς
570 2339 628 2365 ἐκεῖ
643 2341 733 2374 τυχεῖν
752 2341 797 2366 καὶ
823 2348 943 2374 περιφα-

154 2383 218 2415 νοῦς
245 2383 403 2419 θεραπείας.
425 2384 519 2416 Οὕτως
542 2385 625 2411 αὑτοῦ
648 2386 695 2412 καὶ
719 2385 768 2412 θέα
803 2385 880 2421 ψιλὴ,
896 2386 944 2412 καὶ

155 2430 286 2465 σφραγὶς,
304 2430 352 2456 καὶ
365 2429 475 2465 ῥάϐδος,
489 2431 536 2456 καὶ
551 2431 647 2463 τύπος,
657 2431 704 2457 καὶ
715 2431 804 2465 λόγος,
819 2431 866 2457 καὶ
879 2431 944 2466 κλῆ-

154 2485 208 2509 σις,
223 2477 270 2503 καὶ
287 2477 313 2503 εἰ·
326 2485 352 2502 τι
365 2476 429 2503 ἄλλο
444 2476 498 2502 τῶν
515 2477 620 2503 ἐκείνου
640 2477 740 2508 παντὸς
757 2477 838 2513 ἤρκει
863 2479 941 2513 γενέ-

154 2522 216 2550 σθαι
233 2522 334 2554 πάθους
347 2523 502 2558 ἀπαλλαγή.

190 2623 257 2654 ρκε⁷.
280 2617 345 2646 Εἷτά
366 2627 408 2651 τις
430 2618 580 2655 αἱμόρρους
599 2619 690 2655 ἑτέρα,
706 2620 738 2647 ἐκ
756 2629 828 2652 τινος
847 2621 946 2655 κώμης

153 2665 282 2692 Μυλιτῶν
305 2665 466 2700 λεγομένης,
494 2666 553 2698 ἔτος
581 2667 632 2702 ἤδη
659 2667 751 2700 τρίτον
774 2666 814 2702 τῷ
834 2666 945 2702 χαλεπῷ

154 2711 242 2746 τούτῳ
260 2711 341 2738 πάθει
357 2711 519 2747 πιεζομένη,
541 2712 682 2746 πρόσεισιν
697 2713 729 2738 ἐκ
743 2712 797 2739 τῶν
812 2712 946 2740 ὀπισθίων

153 2757 193 2793 τῷ
217 2757 341 2792 Συμεὼν,
366 2757 438 2784 κατὰ
458 2757 506 2793 τὴν
527 2758 678 2794 αἰμόρρουν
695 2759 814 2793 ἐκείνην,
833 2759 882 2794 τὴν
899 2759 947 2786 τοῦ

155 2802 223 2839 ἐμοῦ
248 2803 367 2838 Χριστοῦ
390 2804 568 2839 τολμήσασαν
590 2804 725 2840 ἅψασθαι·
759 2806 806 2832 καὶ
831 2805 899 2840 ὁμοῦ
917 2814 945 2832 τε

154 2847 249 2884 ψαύει,
265 2848 312 2875 καὶ
322 2849 451 2884 τυγχάνει
466 2849 514 2884 τῆς
528 2849 686 2886 θεραπείας.
704 2851 732 2878 Ὀ
744 2851 798 2888 γὰρ
814 2853 895 2886 αὐτὸς
912 2853 945 2890 ἦν

155 2894 202 2924 καὶ
218 2894 266 2923 νῦν
287 2895 437 2935 Δεσπότης,
454 2895 548 2935 ὥσπερ
568 2898 627 2932 cui
648 2898 682 2925 δι’
697 2898 790 2934 αὑτοῦ,
812 2899 884 2936 οὕτω
903 2901 947 2929 διὰ

986 963 1083 989 servol
1099 962 1230 993 \':E'lttilll,
1243 961 1289 996 qui
1317 966 1347 989 ut
1361 962 1511 996 plurimum
1533 967 1636 997 praeter
1651 962 1778 989 volunta-

987 1013 1040 1037 tem
1056 1015 1143 1035 meam
1159 1016 1219 1043 ago,
1237 1008 1311 1043 quod
1323 1008 1490 1042 imperatum
1501 1006 1559 1035 est!

1024 1099 1083 1125 liti.
1106 1098 1183 1125 Hunc
1195 1098 1222 1124 in
1235 1097 1346 1124 modqu
1362 1097 1515 1128 clamitans,
1528 1104 1577 1132 pro
1594 1096 1778 1124 instrumento

987 1145 1102 1172 edenda:
1119 1145 1194 1172 vocis
1221 1145 1337 1171 muliere
1369 1151 1445 1174 usus,
1487 1143 1593 1170 circum
1620 1143 1777 1169 columnam

989 1191 1139 1218 miserabili
1157 1191 1314 1225 spectaculo
1330 1191 1415 1225 ipsam
1432 1189 1532 1224 agebat
1547 1189 1643 1224 ;quasi
1659 1189 1778 1223 fugitans

988 1245 1002 1264 a
1020 1237 1088 1264 facie
1102 1237 1201 1269 sancti,
1224 1237 1338 1271 ejusque
1353 1236 1467 1270 spiritus
1485 1235 1586 1262 virtute
1601 1234 1698 1262 cedere
1717 1235 1778 1262 loco

988 1287 1109 1310 coaetus.
1128 1283 1253 1316 Denique
1282 1282 1367 1308 altum
1395 1281 1535 1312 clamans,
1557 1281 1650 1313 Exeo;
1683 1280 1777 1313 exivit,

988 1327 1084 1355 relicta
1100 1329 1215 1355 muliere
1236 1328 1339 1354 rectius
1355 1335 1384 1354 se
1402 1327 1535 1359 habente;
1555 1327 1588 1354 ad
1609 1334 1690 1362 quam
1714 1334 1779 1353 san-

988 1378 1050 1402 ctus
1067 1373 1205 1409 Symeon:
1224 1373 1305 1406 Redi,
1328 1373 1428 1408 inquit.
1449 1373 1559 1405 mulier,
1587 1373 1619 1400 ad
1648 1372 1778 1399 maritum

990 1425 1085 1452 tuum;
1102 1427 1166 1446 cum
1185 1419 1246 1454 ipso
1268 1419 1495 1446 oon5uctudincm
1509 1418 1639 1454 deinceps
1653 1417 1778 1448 habebis,

988 1469 1016 1492 et
1029 1466 1133 1500 prolem
1145 1473 1179 1492 ex
1196 1465 1242 1492 illo
1254 1465 1405 1500 coneipies.
1432 1464 1572 1492 Obediens
1604 1468 1698 1503 sancto
1718 1472 1779 1490 mu-

990 1510 1051 1542 lier,
1067 1510 1185 1537 revertit
1200 1510 1232 1537 ad
1248 1511 1337 1537 virum
1352 1517 1443 1542 suum,
1460 1510 1577 1537 comiter
1594 1510 1628 1536 ah
1643 1509 1688 1536 illo
1705 1509 1782 1536 exci-

988 1556 1075 1591 pitur,
1094 1555 1179 1582 fllium
1197 1563 1270 1583 anno
1299 1556 1462 1590 insequente
1488 1556 1560 1590 parit
1580 1562 1681 1589 :qucm
1702 1559 1729 1582 et
1746 1555 1781 1582 ad

988 1610 1116 1633 magnum
1143 1601 1318 1636 Sytneoncm,
1338 1602 1417 1636 cujus
1444 1609 1556 1636 precum
1582 1602 1675 1635 potius
1700 1608 1782 1635 quam

994 1647 1036 1674 sui
1055 1648 1124 1673 uteri
1153 1647 1273 1674 fructum
1305 1647 1468 1682 reputabat,
1497 1655 1549 1674 una
1576 1655 1638 1674 cum
1666 1647 1783 1682 conjuge

989 1692 1113 1723 adducit,
1143 1693 1225 1725 eique
1251 1692 1298 1726 qui
1325 1692 1440 1718 dederat
1467 1691 1543 1718 illum
1571 1691 1663 1722 olTert,
1686 1691 1782 1718 laetitia

989 1741 1073 1771 atque
1089 1737 1184 1771 plausu
1201 1736 1328 1763 indicans
1343 1737 1559 1772 magnitudinem
1589 1735 1673 1767 doni;
1700 1740 1782 1770 atque

990 1781 1043 1808 hoc
1059 1786 1139 1816 pacto
1169 1781 1221 1808 viri
1243 1782 1331 1809 sancti
1352 1781 1452 1809 famam
1484 1782 1567 1809 latius
1591 1789 1673 1816 quam
1688 1782 1781 1816 lingua

990 1828 1172 1863 propagabat.
1185 1829 1249 1856 Post
1266 1829 1324 1855 haec
1339 1828 1438 1855 mulier
1453 1828 1584 1856 donatum
1594 1827 1646 1855 sibi
1666 1835 1784 1862 puerum

991 1876 1103 1906 domum
1119 1876 1239 1908 reducit,
1259 1882 1286 1904 et
1299 1877 1533 1904 remunerationis
1548 1876 1608 1904 loco
1627 1883 1677 1910 pro
1699 1875 1784 1902 tantis

993 1923 1203 1959 tamqueyariis
1215 1923 1361 1950 beneficiis
1379 1924 1481 1958 (neque
1497 1923 1571 1950 enim
1599 1922 1687 1949 solum
1702 1929 1717 1949 a
1739 1929 1785 1949 co-

992 1969 1132 1997 habitante
1161 1969 1215 1996 sibi
1243 1969 1368 1997 dzemone
1391 1969 1532 2001 immunis,
1552 1969 1600 1995 sed
1626 1968 1725 1996 marito
1743 1968 1786 1996 in-

993 2019 1068 2051 tcgre
1096 2019 1193 2042 sanata
1224 2016 1353 2042 restituta
1369 2015 1431 2047 fuit,
1449 2015 1483 2042 ad
1499 2015 1558 2042 haec
1585 2023 1653 2050 puer
1674 2022 1785 2049 quoque

993 2069 1026 2088 ex
1037 2069 1068 2089 ea
1082 2061 1156 2096 quod
1175 2069 1316 2096 nunquam
1332 2066 1406 2093 ante,
1421 2066 1464 2088 est
1475 2061 1649 2096 prognatus).
1667 2060 1785 2096 elﬁgiem

994 2108 1140 2143 Symeonis
1156 2108 1230 2135 domi
1240 2115 1296 2135 suae
1313 2107 1419 2134 statuit.
1435 2107 1468 2134 Et
1485 2115 1583 2134 aurum
1599 2107 1725 2142 quidem,
1755 2111 1786 2134 ut

994 2157 1054 2180 erat
1076 2153 1140 2180 vita:
1155 2153 1289 2184 conditio,
1307 2161 1360 2180 non
1381 2153 1561 2188 suppetebat;
1585 2161 1683 2180 verum
1711 2153 1786 2188 quod

995 2207 1064 2226 auro
1077 2199 1238 2234 pretiosius,
1257 2199 1338 2226 talem
1353 2199 1486 2226 alIcrebat
1504 2198 1596 2231 iidem,
1610 2203 1639 2226 ut
1655 2206 1710 2226 non
1731 2198 1786 2226 dm—

960 2265 982 2292 D
997 2246 1114 2273 moniaci
1134 2249 1239 2272 tantum
1254 2245 1392 2280 variisque
1407 2245 1511 2272 morbis
1522 2244 1693 2275 dctenti,sed
1702 2245 1785 2272 etiam

997 2292 1095 2319 mulier
1108 2291 1232 2326 quaedam
1248 2299 1335 2319 annos
1353 2292 1408 2326 jam
1419 2291 1577 2327 quindecim
1592 2291 1696 2318 ﬂuxum
1724 2299 1787 2319 san-

996 2338 1091 2374 guinis
1106 2346 1186 2374 passa
1200 2339 1346 2366 sanitatem
1356 2337 1438 2365 isthic
1454 2338 1507 2365 loci
1519 2337 1707 2364 omnimodam
1724 2345 1787 2372 per—

996 2383 1311 2418 fectamqueinvenerit.
1327 2384 1364 2410 Ita
1388 2383 1440 2410 viri
1468 2383 1556 2410 sancti
1573 2383 1615 2410 vel
1640 2383 1732 2410 tenuis
1761 2383 1787 2410 in

997 2430 1115 2466 imagine
1141 2435 1280 2465 aspectus,
1312 2431 1419 2466 signum
1444 2431 1544 2462 crueis‘,
1573 2430 1660 2464 virga.
1688 2429 1787 2460 forma,

996 2476 1122 2508 verbum.
1138 2476 1287 2508 invocatio,
1307 2481 1336 2504 et
1364 2477 1388 2503 si
1405 2476 1470 2512 quid
1492 2476 1567 2503 aliud
1596 2483 1689 2503 rerum
1715 2475 1788 2502 illius

996 2527 1079 2553 esset,
1096 2523 1249 2550 sutlicicbat
1266 2523 1380 2550 cuilibet
1408 2523 1569 2550 morborum
1583 2522 1676 2558 generi
1697 2521 1789 2556 depel-

997 2567 1089 2595 leudo.

1034 2621 1094 2648 1‘25.
1114 2621 1217 2649 Deinde
1237 2621 1449 2649 haemorrhoissa
1465 2621 1562 2651 altera.
1581 2628 1613 2647 ex
1625 2627 1693 2655 pago
1718 2627 1786 2654 quo-

997 2667 1059 2694 dam
1074 2667 1228 2703 Mylitorum
1251 2667 1336 2699 dicto,
1350 2675 1433 2702 grave
1463 2667 1605 2702 sanguinis
1625 2665 1788 2702 proﬂuvium

995 2714 1049 2748 jam
1060 2713 1178 2740 triennio
1187 2720 1300 2748 passa,a
1311 2718 1388 2747 tergo
1403 2713 1634 2747 appropinquavit
1647 2712 1788 2748 Symeoni.

996 2759 1151 2794 exemplum
1173 2765 1268 2786 secuta
1286 2758 1505 2786 hacmorrhoisste
1516 2758 1590 2786 illius
1614 2758 1789 2793 evangelicae.

998 2809 1109 2841 tangere
1122 2804 1265 2833 Christum
1277 2813 1367 2832 meum
1385 2813 1476 2838 ausae,
1499 2813 1582 2840 quem
1597 2804 1681 2833 simul
1703 2809 1732 2832 et
1748 2808 1787 2831 te.

999 2853 1060 2888 tigit
1075 2857 1101 2880 et
1116 2852 1264 2883 sanitatem
1278 2852 1410 2880 obtinuit.
1429 2851 1504 2880 Idem
1523 2852 1626 2887 quippe
1644 2851 1789 2884 Dominus.

999 2898 1234 2938 quemadmodum
1249 2897 1388 2926 isticolim
1404 2905 1454 2934 per
1476 2905 1505 2926 se
1521 2897 1589 2934 ipse,
1618 2897 1654 2924 ita
1670 2896 1715 2924 hic
1740 2902 1789 2937 per
