1966 3068
141 129 211 159 3105

642 128 731 160 VlTA
749 129 774 159 Α
792 127 1010 159 NICEPHORO
1030 126 1270 159 CONSCRIPTA.

1694 127 1768 160 3106

864 195 976 226 CAPUT
993 196 1062 223 XVI.

402 258 435 287 In
449 259 562 286 caritate
575 266 689 286 annona
704 258 867 294 frumentum
887 254 1047 290 multiplicat
1062 259 1086 281 et
1099 255 1144 282 diu
1162 259 1298 282 conservat
1320 255 1501 282 imminutum.

173 318 231 350 ρκη¹
266 315 370 342 Ἐκεῖνο
394 315 422 342 δὲ
451 317 510 348 πῶς
535 317 585 343 οὐκ
604 317 678 349 ἄξιον
701 317 857 352 προσθεῖναι
872 317 927 346 τοῖς
944 316 965 343 Α

137 361 309 396 ἑίρημένοιςς
327 361 366 387 ὅτι
385 362 450 396 μηδὲ
467 362 558 396 ὀλίγου
573 363 638 389 ποτὲ
669 362 741 389 σίτου
757 362 795 397 τῷ
810 362 927 397 ταμιείῳ

136 408 186 442 τῆς
203 407 285 442 μονῆς
307 407 549 442 ὑπολελειμμένου,
565 408 594 434 τὸ
612 407 660 442 μὲν
678 408 724 434 καὶ
743 408 810 442 πρὸς
824 408 853 434 τὸ
867 417 928 434 στε-

137 455 180 480 νὸν
199 455 246 488 τῆς
261 454 402 489 παρούσης
422 456 446 480 οἱ
470 455 590 489 μαθηταὶ
607 455 711 490 διαίτης
725 455 881 490 ἀχθόμενοι,
898 455 929 481 τὸ

137 501 163 526 δὲ
186 501 233 526 καὶ
255 501 323 534 πρὸς
346 501 375 527 τὸ
397 500 491 535 μέλλον
507 498 562 535 (εἷα.
582 502 637 533 τοῖς
657 501 835 536 μικροψύχοις
857 501 929 535 φιλεῖ

139 546 311 580 συμβαίνειν)
339 547 467 581 ὁρῶντες,
494 546 687 580 προσελθόντες
712 547 786 581 αὑτῷ
818 546 926 579 πάντες,

137 595 268 626 τέσσαρες
286 592 331 617 ἐπὶ
351 591 497 626 τριάκοντα
516 592 565 627 ἤδη
581 593 626 618 τὸν
642 593 757 628 ἀριθμὸν
775 593 861 624 ὄντες,
882 593 928 624 οὒς

138 637 191 663 ἀπὶ
206 637 341 671 διαςςὸρων
362 638 456 664 ἰάσατο
481 639 573 665 παθῶν
593 639 609 674 ἦ
626 638 756 673 πληγῶν,
785 639 929 674 ἐπιτρέψαι

139 683 229 714 αὐτοῖς
254 683 346 717 ἠξίουν
376 683 526 718 λαμϐάνειν
553 683 587 709 τὰ
611 684 830 718 προσφερόμενα,
851 680 929 719 ἐφ’ᾧ

139 728 265 763 αὐτάρκη
279 737 309 754 τε
328 729 360 754 τδ
378 729 477 763 παρὸν,
493 729 560 755 ἀλλὰ
575 729 621 755 καὶ
639 730 706 764 πρὸς
721 730 750 755 τὸ
765 729 861 764 μέλλον
878 730 929 756 αὐ-

139 776 196 806 τοῖς
210 773 280 801 εῖναι
295 776 327 801 τὰ
342 775 489 808 ἀναγκαῖα,
507 776 587 801 Ὥστε
607 775 637 801 σὲ
659 775 706 801 καὶ
722 775 785 806 τοὺς
800 776 848 810 τῆς
861 776 929 810 ἡμε-

140 818 232 852 τέρας,
250 818 326 852 φασὶ,
345 819 482 854 σωτηρίας
499 820 612 854 μισθοὺς
632 821 807 855 κομίσασθαι,
830 821 872 847 ἵνα
892 821 928 856 μὴ

140 865 179 899 ’τῷ
196 864 265 902 ἆγαμ
280 865 390 900 σκληρῷ
408 874 436 891 τε
453 868 500 892 καὶ
515 867 636 901 ἐπιπόνῳ
650 869 699 901 τῆς
717 867 790 902 παρὰ
804 867 843 893 σοὶ
855 868 929 899 ἀγω-

140 909 192 943 γῆς
219 910 422 943 ἐκκακήσαντες
446 910 550 936 ἐνθένδε
572 911 791 946 ἀπαναστῶμεν·
813 913 855 938 σοὶ
875 912 930 947 γὰρ

140 951 211 985 οἶδας
227 955 265 980 ὅτι
281 955 328 980 καὶ
341 955 456 989 σώματα
483 956 530 982 καὶ
554 956 643 992 ψυχὰς
655 956 757 983 ἑαυτῶν
767 957 928 991 ἁνεθέμεθα.

147 999 177 1027 '0
203 1001 230 1027 δὲ
253 1001 332 1036 πράῳ
349 1002 387 1036 τῷ
401 1001 472 1036 ἤθει,
488 1003 631 1037 πραοτέρῳ
652 1003 680 1029 δὲ
697 1004 743 1030 καὶ
766 1004 931 1038 φρονήματι,

142 1046 325 1082 μικροψυχίαν
347 1047 437 1078 αὐτοῖς
460 1042 554 1083 ἡρέμα
576 1049 790 1084 προσονειδίσας,
807 1048 866 1076 εἶτα
885 1051 932 1077 καὶ

140 1093 179 1124 είς
191 1093 344 1128 ὑπόμνησιν
360 1094 438 1128 ἐνῆγε
453 1095 505 1120 τῶν
522 1093 569 1120 τοῦ
588 1094 656 1120 Θεοῦ
675 1094 932 1130 Θαυμασίων,’ὅπως

141 1139 191 1172 μὲν
208 1139 233 1164 οἱ
254 1139 300 1165 τοῦ
315 1139 435 1174 Χριστοῦ
457 1139 587 1174 μαθηταὶ.
610 1139 657 1165 τοῦ
673 1140 783 1173 ’πρώτου
800 1141 932 1174 Ποιμένος

139 1184 187 1211 καὶ
208 1185 384 1217 Διδασκὰλου,
405 1185 443 1220 τῷ
466 1185 520 1211 τῶν
543 1184 628 1219 ὄχλων
645 1185 742 1221 πλήθει
757 1186 821 1212 ποτὲ
839 1187 933 1221 δυσχε-

141 1230 279 1265 ραίνοντες
295 1229 361 1264 εἷεν,
377 1231 420 1258 διά
440 1240 468 1257 τε
484 1232 533 1267 τὴν
554 1232 650 1266 ἄφιλον
673 1233 791 1267 ἐρημίαν
812 1232 930 1268 ἐκείνην,

140 1277 187 1302 καὶ
200 1277 249 1311 τὴν
267 1276 321 1302 τῶν
338 1277 428 1312 ἄρτων
443 1277 548 1303 ἔνδειαν
561 1285 568 1293 ·
586 1278 660 1309 ὅπως
687 1278 716 1304 δὲ
741 1278 821 1304 πέντε
839 1278 932 1313 ἄρτοις

140 1322 220 1353 αὐτὸς
233 1323 374 1358 χορτάσειε
392 1324 626 1359 πεντακισχιλίους
641 1324 749 1358 ἄνδρας,
763 1323 802 1350 ἔτι
820 1324 866 1350 καὶ
880 1323 933 1350 δώ-

139 1368 206 1394 δεκα
228 1368 355 1402 κοφίνους
377 1369 479 1401 αὐτοῖς,
497 1370 530 1396 τὰ
549 1369 756 1405 περισσεύματα
767 1369 822 1396 τῶν
842 1369 932 1403 ἄρτων

140 1413 357 1448 ὑπολιπόμενος’
375 1414 449 1445 ὅπως
466 1414 494 1440 δὲ
511 1415 592 1442 πάλιν
613 1414 706 1449 ἄρτοις
726 1413 795 1440 ἑπτὰ
809 1414 931 1449 κορέσειε

138 1459 384 1495 τετρακισχιλίους,
422 1460 486 1487 ἄνευ
510 1460 648 1495 γυναικῶν
669 1461 714 1486 καὶ
732 1459 855 1486 παιδίων.
878 1459 933 1490 Καὶ

139 1505 187 1533 νῦν
204 1505 236 1531 σὺ
258 1504 282 1532 εί
307 1506 400 1539 αὐτὸς,
424 1507 501 1542 φησὶ,
522 1507 536 1533 ὁ
559 1506 692 1538 Βασιλεύς
713 1514 763 1541 μου
776 1506 823 1532 καὶ
839 1507 852 1531 ὁ
865 1505 932 1536 Θεός

141 1559 203 1586 μου,
219 1550 247 1582 ὃς
265 1551 421 1579 ἐπιϐλέπων
437 1553 484 1579 ἐπὶ
495 1553 544 1588 τὴν
562 1552 701 1588 ὑπομονὴν
717 1551 807 1587 ἡμῶν,
821 1550 930 1577 ἐπιϐλέ-

139 1597 200 1631 ψεις
212 1598 260 1623 καὶ
276 1598 305 1624 οὺ
319 1599 447 1633 παρόψει.
464 1599 499 1625 Σὺ
514 1599 568 1634 γὰρ
582 1599 626 1625 διὰ
637 1599 685 1633 τῆς
699 1599 745 1625 τοῦ
760 1598 807 1624 σοῦ
823 1598 932 1632 Προιρή-

139 1651 187 1669 του
210 1644 346 1675 διδάσκεις
366 1653 398 1679 με
417 1644 554 1679 γλώττης,
583 1646 643 1671 Οὐκ
667 1645 753 1671 ἔστιν
765 1643 928 1677 ὑστέρημα,

139 1688 283 1723 λεγούσης,
307 1689 368 1722 τοῖς
395 1689 592 1723 φοϐουμένοις
619 1697 665 1722 σε,
686 1690 735 1716 καὶ
758 1690 827 1722 τοὺς
845 1688 930 1722 ἐκζη-

139 1735 268 1768 τοῦντάς
293 1743 331 1763 σε
354 1736 499 1770 μηδαμῶς
531 1736 793 1768 ἐλαττωθήσεσθαι
819 1734 931 1768 παντὸς

140 1779 308 1816 ἀγαθοῦηΕξ
326 1780 353 1806 δὲ
371 1781 408 1816 μὴ
421 1781 506 1816 ταύτῃ
520 1780 594 1807 δοκεῖ
614 1781 660 1806 καὶ
675 1781 741 1815 ἡμῖν
760 1780 806 1816 [an
823 1780 887 1815 ὑμῖν
897 1779 929 1815 η,

141 1812 333 1860 σπαράττῗμαι
351 1826 399 1861 μὲν
419 1826 469 1851 ὅσα
483 1825 531 1852 καὶ
547 1826 637 1861 πατὴρ
654 1826 688 1852 τὰ
706 1826 857 1861 σπλάγχνα,
876 1825 931 1852 ὥσ·

140 1878 194 1906 περ
202 1871 286 1904 εἰκὸς,
298 1872 344 1898 καὶ
354 1871 414 1898 λίαν
425 1871 500 1905 ἁλγῶ
509 1872 558 1907 τὴν
568 1865 713 1903 διάζευξιν.
723 1872 816 1906 Ὅμως
828 1873 930 1899 ἀνεῖται

139 1918 217 1944 πᾶσα
228 1917 292 1952 ὑμῖν
306 1918 374 1950 ὁδὸς,
387 1915 410 1944 ὦ
421 1917 502 1944 τέκνα
514 1919 560 1944 καὶ
572 1917 680 1952 ἀδελφοί
689 1926 695 1933 ’
711 1919 858 1953 πορευτέον
868 1918 932 1944 ἑκά-

141 1972 197 2000 στῳ
209 1963 302 1990 λοιπὸν
315 1964 348 1999 ἣν
362 1963 494 1999 βούλοιτο.

177 2010 247 2045 ρκο’.
264 2010 335 2045 Πρὸς
350 2010 436 2037 ταῦτα
449 2010 510 2037 δυσὶ
525 2010 623 2037 πάθεσι
639 2009 744 2042 τούτοις
765 2011 789 2037 οί
806 2009 928 2045 μαθηταὶ

141 2056 216 2090 φόϐῳ
233 2056 280 2081 καὶ
291 2056 363 2091 χαρᾷ
379 2055 564 2091 μερισθέντες,
579 2056 609 2081 τὺ
625 2055 673 2089 μὴν
699 2055 743 2082 διὰ
765 2055 815 2090 τὴν
840 2055 929 2081 ἐπιτί-

142 2109 238 2135 μησιν,
251 2101 281 2127 τὸ
294 2101 322 2128 δὲ
338 2102 445 2133 καὶτὰς
461 2101 647 2137 χρηστοτέρας
661 2101 840 2135 ἐπαγγελίας,
853 2101 931 2127 αὐτοὶ

142 2146 193 2183 μὲν
217 2147 283 2180 γόνυ
312 2147 469 2180 κλίναντες,
500 2147 622 2174 αἰτοῦσιν
648 2147 729 2178 εὐθὺς
755 2147 930 2182 συγχώρησιν

141 2194 190 2220 καὶ
205 2193 390 2227 λαμϐάνουσιν
407 2202 415 2210 ·
431 2194 445 2220 ὁ
461 2194 490 2220 δὲ
504 2193 549 2220 τὸν
565 2193 680 2228 ἀδελφὺν
697 2193 839 2220 Ἀντώνιον
851 2192 932 2220 καλέ-

142 2247 191 2270 σας
207 2235 294 2274 (οὗτος
308 2239 362 2274 γὰρ
373 2237 406 2274 ἦν
429 2240 443 2266 ό
470 2240 516 2266 ἐπὶ
542 2240 589 2267 τοῦ
619 2239 733 2272 σιτῶνος
750 2238 928 2280 τεταγμένος)

141 2285 296 2317 ἐκέλευσεν,
318 2285 344 2310 εἴ
357 2285 408 2310 πού
432 2293 505 2316 τινες
515 2286 543 2311 ὲν
557 2285 632 2319 αὐτῷ
646 2286 741 2312 κόκκοι
754 2282 819 2318 εἶεν,
837 2283 930 2311 συλλέ-

1016 310 1076 337 128.
1095 310 1164 337 Illud
1182 317 1265 345 porro
1288 310 1334 346 qui
1359 310 1418 337 fieri
1434 313 1525 345 potest
1550 313 1580 336 ut
1604 310 1769 347 supradictis

979 362 1034 383 non
1059 356 1222 390 adiungam?
1236 355 1296 382 Non
1318 356 1371 382 nisi
1386 356 1500 390 exiguus
1522 355 1689 391 quandoque
1712 356 1772 383 fru-

978 403 1064 429 menli
1077 410 1210 430 numerus
1225 403 1253 429 in
1267 403 1368 430 horreo
1383 403 1544 429 monasterii
1563 403 1687 438 reliquus
1700 406 1769 435 erat,

978 455 1041 475 cum
1065 447 1193 482 discipuli
1210 448 1307 482 partim
1333 448 1368 475 ob
1393 448 1535 482 prmseutis
1555 455 1670 475 annona:
1700 448 1771 475 cari-

979 499 1063 522 talem
1090 494 1182 526 anxii,
1209 494 1308 528 partim
1327 494 1361 521 de
1385 494 1479 521 futuro
1509 494 1559 529 (uti
1587 486 1770 528 pusillanimis

979 542 1049 570 solet
1071 542 1210 574 accidere)
1225 542 1347 573 solliciti,
1364 545 1540 568 accesserunt
1557 541 1590 567 ad
1608 541 1769 576 Symconem
1796 544 1800 572 ξ

980 589 1061 615 simul
1086 596 1192 620 omnes,
1216 589 1271 623 jam
1297 592 1417 622 quatuor
1443 590 1471 614 et
1503 586 1614 621 triginta
1643 593 1770 618 numero,

979 642 1097 669 quorum
1111 634 1306 661 diversimodis
1323 632 1536 668 tegritndinibus
1554 632 1771 666 vulneribusque

979 680 1134 706 medicatus
1158 680 1204 706 ille
1227 679 1335 711 fuerat;
1363 679 1523 713 ﬂagitabant
1546 682 1637 705 autem
1660 678 1773 704 faculta-

980 729 1036 752 tem
1054 725 1106 752 sibi
1126 724 1185 751 ﬁeri
1205 724 1359 759 accipiendi
1374 724 1428 756 illa,
1444 732 1505 758 quae
1522 723 1726 756 atterebantur;
1743 727 1773 749 ut

979 770 1114 797 baberent
1137 771 1211 806 quod
1234 770 1363 805 pnescnti
1378 775 1406 797 et
1424 770 1523 797 futurae
1542 770 1700 797 necessitati
1716 769 1773 797 δαί-

980 816 1095 843 ticeret:
1113 816 1148 843 Ut
1170 816 1266 843 salutis
1288 823 1397 850 quoque
1420 820 1523 842 nostrre
1539 816 1703 847 mercedem,
1731 814 1773 841 in.-

980 861 1096 896 quiunt,
1122 866 1262 896 reportes;
1295 869 1330 889 ne
1355 861 1471 888 nimium
1502 869 1599 889 severo
1619 861 1773 888 laborioso—

981 915 1035 942 que
1046 907 1118 942 apud
1135 912 1161 934 te
1178 907 1242 934 vita:
1255 907 1382 935 instituto
1397 907 1544 934 exanimati
1559 908 1624 934 hinc
1647 907 1774 934 disceda-

982 961 1063 980 mus:
1078 953 1252 988 tibiquippc,
1268 958 1298 980 ut
1312 953 1369 987 ipso
1383 953 1467 986 nosti,
1488 961 1603 988 corpora
1628 954 1733 988 pariter
1746 958 1775 980 et

948 997 969 1024 B
983 1000 1090 1027 animas
1109 1006 1218 1027 nostras
1241 1001 1441 1029 connniSimus.
1468 1000 1585 1027 Sanctus
1610 1005 1701 1027 autem
1728 999 1775 1027 be-

983 1045 1067 1080 nigno
1079 1046 1166 1078 vultu,
1183 1046 1344 1081 benigniore
1372 1047 1454 1074 etiam
1479 1047 1581 1079 animo,
1597 1045 1775 1080 pusillanimi-

983 1095 1066 1118 tatem
1097 1091 1165 1126 ipsis
1192 1092 1324 1126 paulatim
1349 1092 1530 1126 exprobrans,
1551 1092 1585 1118 ad
1613 1092 1774 1118 memoriam

983 1136 1121 1163 revocavit
1135 1137 1272 1164 mirabilia
1285 1145 1300 1164 a
1316 1137 1372 1164 Deo
1383 1137 1503 1171 praestita
1514 1145 1614 1172 opera;
1635 1137 1774 1171 quomodo

983 1190 1082 1217 nempe
1096 1183 1226 1217 discipuli
1238 1183 1351 1215 Christi,
1367 1183 1449 1218 primi
1460 1183 1582 1210 Pastoris
1592 1188 1674 1218 atque
1690 1183 1774 1218 Magi-

983 1228 1045 1262 stri,
1065 1227 1319 1262 turbisaliquando
1335 1229 1517 1262 sequentibus
1532 1234 1645 1263 propter
1659 1228 1775 1256 inamoe-

983 1280 1046 1299 nam
1062 1272 1241 1300 solitudinem
1255 1281 1413 1308 patrumque
1423 1273 1542 1308 inopiam
1560 1274 1692 1309 indignati
1706 1274 1774 1301 fuis~

983 1323 1064 1345 sent:
1081 1319 1220 1353 quomodo
1240 1323 1334 1346 autem
1358 1319 1487 1346 Christus
1512 1319 1634 1354 quinque
1655 1319 1775 1354 panibus

983 1365 1097 1391 totidem
1112 1365 1255 1392 hominum
1268 1366 1354 1393 millia
1368 1374 1495 1401 pascens,
1514 1366 1661 1400 reliquerit
1690 1366 1774 1393 ctiam

983 1411 1129 1438 duodecim
1144 1411 1290 1445 cophinos,
1308 1412 1342 1438 iis
1356 1420 1417 1447 quae
1434 1412 1627 1439 redundabant
1645 1413 1773 1447 oppletis;

982 1460 1010 1483 ct
1022 1457 1162 1491 quomodo
1175 1464 1272 1484 rursus
1281 1462 1390 1492 septem
1406 1458 1526 1492 panibus
1538 1462 1656 1492 quatuor
1676 1457 1773 1490 millia,

982 1504 1103 1538 exceptis
1124 1503 1236 1531 feminis
1251 1505 1412 1539 puerisque,
1441 1507 1602 1532 saturasset.
1631 1504 1701 1531 Tum
1729 1504 1774 1531 in-

982 1549 1052 1583 quit,
1064 1548 1221 1576 Etiamnum
1236 1554 1264 1576 tu
1281 1551 1338 1584 ipse
1351 1557 1390 1581 es,
1403 1549 1461 1576 Rex
1477 1557 1556 1576 meus
1568 1549 1676 1576 etDeus
1685 1556 1773 1582 meus,

982 1594 1030 1628 qui
1045 1595 1159 1629 respicis
1178 1595 1338 1630 patientiam
1353 1600 1485 1628 nostram,
1512 1595 1715 1629 respiciesque,
1746 1598 1775 1622 et

983 1647 1040 1665 non
1068 1640 1214 1674 despicies.
1244 1641 1285 1667 Tu
1310 1640 1385 1667 enim
1416 1648 1467 1675 per
1496 1648 1527 1667 os
1554 1640 1700 1675 Propheta:
1733 1640 1774 1668 tui

984 1686 1068 1713 doces
1083 1695 1137 1718 me,
1150 1687 1286 1714 dicentis:
1299 1688 1359 1714 Non
1388 1692 1426 1714 est
1441 1688 1530 1722 inopia
1552 1687 1704 1714 timentibus
1727 1691 1774 1720 te;

982 1735 1006 1757 et
1020 1731 1182 1766 inquircntcs
1198 1736 1223 1758 te
1232 1740 1282 1759 non
1291 1733 1444 1760 minuentur
1469 1731 1541 1760 omni
1561 1733 1626 1760 bono
1644 1734 1678 1760 ".
1694 1732 1774 1766 Quod

981 1777 1004 1804 si
1020 1777 1098 1804 vobis
1124 1785 1234 1813 quoque
1255 1779 1292 1806 ita
1311 1787 1372 1806 esse
1398 1787 1454 1806 non
1481 1779 1620 1812 videatur,
1635 1780 1774 1807 lacerarcr

981 1822 1124 1850 nonaliter
1137 1831 1218 1858 quam
1234 1828 1312 1858 pater
1324 1825 1477 1852 visceribus
1490 1826 1570 1858 meis,
1580 1829 1610 1852 ut
1621 1832 1671 1860 par
1682 1829 1734 1858 est,
1744 1829 1774 1854 et

981 1872 1113 1904 perquam
1125 1870 1222 1897 acerba
1235 1870 1303 1897 mihi
1315 1872 1452 1906 separatio
1465 1872 1555 1899 futura
1569 1877 1652 1899 esset.
1667 1872 1774 1900 Nihilo-

981 1915 1072 1943 minus
1083 1917 1157 1943 nulla
1170 1917 1247 1944 vobis
1259 1917 1408 1945 interclusa
1419 1919 1461 1945 via
1475 1923 1527 1951 est,
1539 1918 1588 1945 ﬁlii
1599 1919 1751 1954 fratresque
1763 1927 1772 1954 ;

981 1962 1061 1990 abeat
1079 1963 1196 1998 quisque
1210 1971 1264 1998 quo
1293 1965 1385 1991 animo
1411 1965 1563 1992 collibitum
1579 1973 1628 1992 suo
1643 1965 1739 1992 fuerit.

1017 2009 1077 2037 1‘29.
1095 2010 1144 2037 llis
1158 2011 1275 2043 auditis,
1287 2012 1396 2046 gemino
1407 2011 1502 2046 agitati
1518 2011 1619 2038 ailectu
1631 2011 1772 2046 discipuli,

982 2054 1090 2082 timoris
1109 2055 1207 2089 altero,
1231 2056 1319 2083 altero
1345 2057 1448 2091 gaudii,
1475 2056 1523 2083 illo
1541 2056 1576 2084 ob
1605 2056 1772 2091 increpatio-

980 2109 1054 2135 nem,
1070 2101 1124 2129 hoc
1136 2102 1172 2128 ob
1184 2102 1380 2136 promissioncs
1401 2102 1542 2137 benignas,
1556 2107 1672 2130 curvant
1684 2110 1773 2138 genua

982 2154 1014 2174 ac
1024 2146 1130 2174 veniam
1143 2147 1328 2182 deprecantur
1343 2155 1371 2175 et
1387 2149 1546 2183 impetrant.
1564 2149 1683 2184 Symeon
1706 2156 1773 2177 vero

982 2191 1097 2219 fratrem
1128 2192 1280 2220 Antonium
1317 2192 1392 2228 (erat
1419 2192 1444 2219 is
1471 2200 1486 2219 a
1517 2200 1548 2219 re
1573 2192 1772 2228 frumentaria)

981 2238 1127 2265 advocavit
1155 2238 1304 2274 jussitque,
1330 2239 1353 2265 si
1377 2246 1431 2273 qua
1459 2246 1542 2273 grana
1576 2243 1772 2273 superessent,

983 2284 1099 2311 collecta
1117 2284 1151 2311 ad
1166 2292 1196 2311 se
1208 2284 1320 2312 afferre.
1335 2284 1382 2311 llle
1394 2275 1457 2319 post
1472 2285 1596 2311 sedulam
1612 2285 1772 2320 inquisitio-

142 2332 226 2365 ξαντα
241 2331 309 2366 πρὸς
323 2331 404 2357 αὑτὸν
429 2331 561 2365 ἐνεγκεῖν.
577 2331 630 2358 Τοῦ
645 2331 673 2357 δὲ
698 2331 796 2366 κομιδῇ
821 2330 929 2364 ὀλίγους

982 2336 1044 2356 nem
1057 2330 1174 2364 paucula
1185 2329 1309 2364 qumdam
1326 2329 1438 2356 inventa
1452 2330 1580 2357 manibus
1595 2330 1627 2357 ad
1641 2339 1771 2366 magnum

142 2376 279 2412 εὑρόντος,
298 2377 338 2407 είς
353 2377 447 2411 χεῖράς
465 2384 494 2402 τε
509 2375 549 2410 τῷ
563 2376 673 2411 μεγάλῳ
696 2376 869 2411 κομίσαντος,
886 2375 927 2406 είς

141 2421 255 2456 οὐρανὸν
282 2421 406 2456 ἀνασχὼν
427 2422 540 2455 ἐκεῖνος,
559 2421 588 2448 'U
601 2422 666 2453 Θεὸς
679 2423 693 2448 ὁ
717 2422 926 2458 παντοκράτωρ,

142 2465 229 2498 εἶπεν,
242 2467 255 2493 ὁ
271 2466 361 2497 διδοὺς
377 2467 407 2492 οὐ
437 2467 550 2501 κτήνεσι
577 2467 667 2502 μόνον,
696 2467 756 2493 οὐδὲ
770 2468 827 2498 τοῖς
850 2474 927 2493 νεοσ-

142 2513 200 2543 σοῖς
219 2513 272 2538 τὼν
287 2513 415 2547 κοράκων
431 2513 487 2544 τοῖς
500 2512 726 2548 ἐπικαλουμένοις
744 2521 785 2546 σε,
798 2513 866 2540 ἀλλὰ
881 2513 928 2539 καὶ

141 2558 216 2594 πάσῃ
245 2558 328 2593 σαρκὶ
341 2558 442 2594 τροφὴν
459 2559 561 2591 αὐτῶν,
578 2559 593 2585 ὁ
607 2559 653 2585 διὰ
668 2559 810 2594 σπλάγχνα
826 2560 930 2594 οίκτιρ-

143 2604 201 2640 μῶν
217 2613 275 2636 σου,
288 2605 303 2630 ὁ
317 2604 360 2630 διὰ
383 2605 483 2640 πολλὴν
511 2605 629 2632 ᾶόυσσον
652 2605 702 2640 τῆς
723 2605 930 2640 φιλανθρωπίας

143 2658 190 2676 σου
211 2650 303 2686 ἄρτοις
325 2650 427 2684 ὀλίγοις
448 2650 568 2686 χιλιάδας
586 2650 711 2685 κορέσας,
728 2650 809 2681 αὐτὸς
823 2650 870 2676 καὶ
885 2650 930 2676 τὺν

142 2697 246 2730 βραχὺν
263 2695 356 2722 τοῦτον
370 2695 506 2729 πλήουνον
522 2697 607 2729 σῖτον,
624 2696 664 2728 είς
695 2696 773 2728 δόξαν
801 2695 929 2727 αἰνέσεως

142 2750 200 2772 σου.
215 2742 255 2773 είς
273 2742 448 2777 εὐχαριστίαν
464 2742 529 2769 λαοῦ
547 2751 603 2776 σου,
627 2743 667 2774 είς
692 2741 928 2778 μεγαλοπρέπειαν

139 2787 188 2814 τοῦ
203 2787 333 2822 ὀνόματός
347 2796 404 2815 σου.

174 2844 196 2860 ¹¹
217 2844 288 2871 l’sal.
310 2851 401 2876 xum,
432 2844 472 2871 ll.

983 2374 1091 2404 Patrem
1106 2375 1276 2410 apportavit:
1288 2376 1336 2410 qui
1354 2375 1381 2402 in
1397 2375 1496 2403 cmlum
1506 2376 1602 2403 oculos
1614 2376 1771 2404 intendens:

982 2420 1065 2453 Deus,
1079 2421 1180 2455 inquit,
1197 2422 1383 2456 omnipotens,
1398 2423 1444 2457 qui
1464 2430 1518 2449 non
1531 2426 1636 2449 tantum
1661 2423 1773 2458 jumen—

983 2467 1018 2494 tis
1044 2468 1181 2502 pullisque
1207 2475 1352 2495 corvorum
1382 2468 1574 2496 invocantibus
1585 2473 1621 2501 te,
1636 2469 1684 2496 sed
1697 2471 1772 2497 omni

983 2513 1067 2540 etiam
1095 2513 1170 2540 carni
1195 2513 1244 2541 das
1269 2521 1360 2541 escam
1388 2521 1480 2547 suam;
1513 2515 1559 2549 qui
1583 2522 1634 2548 per
1664 2515 1772 2542 viscera

982 2558 1179 2585 misericordia:
1194 2563 1256 2591 tuae,
1265 2566 1316 2593 per
1330 2559 1444 2586 multam
1457 2559 1591 2586 bonitatis
1612 2563 1665 2585 tua:
1693 2559 1772 2594 abys-

981 2611 1053 2636 sum,
1068 2600 1192 2640 pauculis
1205 2605 1323 2639 panibus
1339 2605 1468 2633 saturasti
1495 2605 1640 2632 hominum
1665 2605 1771 2632 millia:

981 2650 1040 2678 haec
1051 2658 1161 2686 quoque
1177 2658 1263 2686 pauca
1278 2651 1411 2678 frumenti
1425 2651 1538 2687 granula
1568 2651 1721 2686 multiplica
1736 2651 1772 2678 ad

985 2697 1102 2732 gloriam
1117 2697 1218 2731 laudis,
1229 2697 1262 2725 ad
1274 2697 1422 2732 gratiarum
1444 2697 1580 2728 actionem
1611 2696 1718 2733 populi,
1735 2695 1771 2724 ad

984 2743 1155 2779 majestatem
1170 2743 1289 2772 nominis
1314 2743 1364 2771 tui.
