1966 3068
200 109 270 141 310⁵1

813 103 844 138 S.
865 107 1055 139 SY‘MEONIS
1073 107 1254 139 JUNlORIS

1768 105 1829 142 3108

238 161 299 192 130.
311 164 351 192 Ita
362 168 501 200 precatus,
519 163 653 191 carbones
666 162 809 198 poposcit;
840 170 920 197 quos,
943 163 992 190 ubi

1079 162 1128 198 ρλ’.
1147 162 1238 189 Ταῦτα
1247 161 1478 197 προσευξάμενος,
1487 162 1534 189 καὶ
1540 161 1680 199 ἄνθρακας
1692 163 1830 200 ἐνεχθῆναι

201 213 322 243 suiiitum
339 213 482 248 in‘jccerat,
497 211 575 238 fratri
592 209 714 238 Antonio
725 218 779 237 una
790 217 854 237 cum
870 209 994 244 granulis

200 259 230 287 in
246 266 344 286 manus
355 258 449 290 tradit,
460 261 488 284 et
507 266 514 283 :
529 256 614 289 Vade,
632 255 731 290 inquit,
743 255 834 283 διιΗίιο
849 256 992 289 horreum,

201 309 284 339 atque
297 303 426 339 projectis
441 302 504 329 istic
517 302 594 329 hisce
613 301 750 336 granulis,
769 300 877 328 ﬁrmato
889 301 992 328 ostium

201 358 235 378 ac
249 350 385 378 reccdito.’
400 349 477 376 Fecit
494 349 517 376 is
533 353 563 375 ut
579 349 745 382 imperatum
765 352 841 374 erat:
859 347 992 382 postridie

201 400 292 423 autem
307 396 396 430 primo
405 395 530 422 diluculo
540 394 630 421 eidem
639 401 654 420 a
669 393 810 428 Symeone
822 393 991 428 przecipitur,

201 441 234 469 ad
251 442 380 467 horreum
411 440 516 472 redeat,
531 440 641 466 visurus
668 447 724 474 quo
751 446 796 466 res
812 438 993 466 frumentaria

200 487 262 514 loco
276 487 328 514 sit:
351 490 466 514 noverat
477 487 579 521 quippe
607 494 705 521 preces
730 493 795 513 suas
817 492 993 520 nequaquam

200 533 311 560 steriles
327 532 396 559 fore.
415 526 467 559 lvit
478 533 572 567 jussus
584 532 678 567 (quam
694 531 894 566 inexplicabilis
915 531 994 558 boni-

200 583 243 606 tas
260 583 325 610 tua,
341 578 450 606 Christe
462 578 481 613 ι)
497 586 529 605 ae
547 578 651 612 reperit
674 578 804 604 horreum
830 575 991 612 oppletissi-

199 633 275 652 mum
295 625 445 656 frumento,
464 624 602 651 fructibus
619 631 682 651 vere
692 623 761 650 citra
780 622 993 654 laborem,eitra

199 678 293 698 semen
326 671 533 698 oecasionemre
554 670 641 702 natis;
655 669 711 695 sola
733 669 857 696 oratione
887 669 994 702 agrico-

204 716 336 743 lationem
348 722 374 743 et
387 716 618 743 stercorationem
631 715 785 750 supplentc.
803 714 878 749 Opus
894 714 921 741 id
941 714 993 741 fuit

201 762 278 790 illius
291 763 415 797 profecto
431 770 540 794 manus,
569 768 631 796 quae
659 761 817 796 prodigium
845 760 873 787 in
896 761 993 788 multi-

199 807 347 842 plicatione
363 814 464 842 panum
480 811 592 841 operata
619 811 679 839 est;
698 814 760 840 qua:
787 806 815 832 in
841 806 992 834 solitudine

202 861 324 880 mensam
339 853 490 886 instruxit;
504 860 565 888 qua:
576 860 678 879 manna
689 852 723 879 de
738 853 809 880 cmlo
825 852 915 887 pluit;
931 860 992 887 quae
1009 841 1028 868 Β

199 906 232 926 οι
245 899 319 926 arida
334 903 422 934 petra,
440 907 495 926 non
509 899 598 926 solum
608 906 697 934 aqum,
713 898 760 926 sed
778 899 866 934 ipsius
881 906 992 934 quoque

199 945 290 972 mellis
301 945 402 972 fontem
415 946 522 972 elicuit.

237 991 298 1018 151.
308 991 465 1027 Discipulus
480 992 575 1027 igitur,
593 991 720 1018 miraculi
737 991 927 1026 magnitudine
940 991 992 1018 ob-

201 1037 382 1072 stupefactus,
398 1038 538 1065 curriculo
550 1037 583 1065 ad
611 1038 772 1072 magistrum
794 1041 937 1072 properat,
965 1037 992 1064 id

203 1083 277 1119 quod
290 1083 392 1110 factum
406 1088 466 1111 erat
482 1084 668 1111 annuntians:
682 1083 729 1118 qui
745 1091 807 1110 mox
821 1091 883 1110 cum
911 1083 995 1110 disci-

202 1130 275 1164 pulis
294 1129 404 1163 publice
431 1136 524 1156 coram
536 1130 592 1156 Deo
631 1128 707 1156 ﬂexit
731 1137 832 1164 genua,
850 1129 993 1156 incensum

201 1175 312 1207 obtulit,
325 1173 499 1203 Dominicam
526 1175 682 1202 orationem
705 1174 845 1207 recitavit,
872 1174 995 1201 ecelesti-

201 1228 255 1255 que
270 1221 399 1248 invocato
413 1220 493 1247 Patre
507 1219 631 1256 (quicum
649 1219 702 1254 ipsi
718 1219 754 1246 ob
781 1220 904 1254 insignes
934 1220 994 1246 vir-

202 1271 275 1294 tutes
284 1266 467 1298 familiaritas,
480 1266 568 1301 qualis
585 1265 671 1293 (ilium
689 1265 779 1297 decet,
795 1265 992 1300 intercedebat,

201 1311 335 1346 cujusque
347 1308 461 1338 liberale
471 1311 574 1338 donum
582 1318 702 1345 prmsens
710 1310 899 1338 munificentia
908 1311 993 1346 erat),

202 1356 299 1391 dignas
320 1357 345 1383 ei
361 1365 411 1391 pro
430 1361 506 1383 tanto
530 1356 667 1384 beneﬁcio
695 1356 798 1391 gratias
822 1357 993 1391 persolvens,

202 1406 286 1436 atque
313 1402 486 1436 prrccipiens,
500 1402 612 1429 easdem
632 1402 747 1437 singulis
771 1401 883 1429 Sahbati
897 1402 996 1430 diebus

203 1448 232 1474 in
259 1447 358 1474 horreo
376 1447 677 1479 iteraricrcremonias,
705 1447 863 1482 similesque
885 1447 997 1475 benefa-

203 1493 274 1520 ctori
296 1493 397 1527 gratias
419 1493 516 1525 reddi;
539 1492 678 1519 mandavit
705 1497 736 1520 ut
759 1493 903 1528 pinsendis
920 1493 997 1528 pani-
1011 1510 1034 1541 ε

202 1537 258 1565 bus
283 1539 382 1566 darent
403 1546 526 1573 operam.
551 1546 603 1565 nec
621 1539 656 1565 ab
680 1539 790 1573 incepto
813 1546 934 1573 unquam
948 1539 996 1566 dc-

204 1584 345 1617 sisterent,
362 1592 499 1611 memores
511 1592 620 1618 semper
630 1584 760 1611 salutaris
773 1584 846 1611 illitis
858 1584 997 1619 prreecpti,

205 1629 280 1664 quod
297 1629 438 1657 Christum
453 1630 479 1656 in
495 1630 628 1656 fratribus
642 1629 702 1656 vult
716 1629 801 1665 pasci.
816 1630 895 1657 lllise
909 1630 1000 1656 accin-

205 1681 275 1710 gunt
292 1676 381 1710 operi,
406 1683 457 1703 nec
470 1676 615 1710 patiuntur
637 1676 765 1702 manibus
780 1676 867 1702 ullum
888 1683 903 1702 a
921 1676 998 1703 subi-

204 1721 295 1758 geuda
319 1721 408 1748 farina
423 1722 510 1748 otium
526 1721 640 1748 concedi
665 1722 712 1748 diu
728 1727 883 1756 noctuque;
902 1721 999 1748 diebus

206 1767 280 1793 enim
300 1767 327 1794 in
352 1768 446 1794 labore
472 1768 619 1795 transactis
639 1768 879 1803 conjungebantur
892 1773 997 1801 noctes,

207 1811 383 1847 faciebatquc
402 1813 517 1840 candela
531 1818 560 1840 ut
572 1814 626 1841 diei
638 1814 740 1841 lumine
754 1822 824 1849 opus
838 1814 999 1848 neutiquam

207 1857 374 1892 indigerent.
402 1859 469 1886 Cum
507 1865 598 1887 autem
627 1864 667 1886 tot
693 1860 726 1887 ad
750 1865 875 1887 sanctum
900 1861 998 1893 turbae,

207 1908 236 1930 et
258 1904 350 1938 plures
366 1909 448 1940 atque
471 1905 564 1940 plures
591 1907 618 1933 in
639 1907 698 1934 dies
721 1906 910 1934 conﬂuerent:
932 1907 999 1934 illud

207 1949 290 1975 etiam
311 1950 397 1985 magis
411 1950 527 1978 fortasse
554 1951 686 1986 przcdicto
707 1952 840 1979 miraculo
861 1952 1001 1979 admiran-

208 1994 274 2020 dum
299 1995 385 2028 venit,
401 1987 474 2031 quod
497 1997 665 2024 frumentum
687 1997 753 2024 illud
768 2002 822 2024 tam
845 1998 933 2032 plenis
944 2005 1001 2025 nia-

207 2043 290 2069 nibus
302 2042 434 2074 ablatum,
448 2041 674 2077 inﬁnitorumque
685 2043 828 2070 hominum
844 2043 1000 2071 necessitati

208 2087 376 2122 impensum,
395 2087 577 2115 nihilominus
602 2096 651 2123 per
674 2093 730 2116 tres
745 2088 893 2116 continuos
912 2096 1000 2116 annos

206 2132 359 2159 suﬂ'ccerit.
578 2156 595 2162 ε

243 2178 305 2204 152.
326 2176 392 2204 Post
417 2177 476 2205 lucc
490 2177 603 2206 humani
627 2178 737 2213 generis
757 2179 855 2213 hostis,
877 2180 998 2216 priorem
1012 2174 1038 2209 1)

206 2229 286 2249 suam
300 2230 363 2249 eum
382 2220 516 2258 Symeone
533 2224 636 2250 luctam
656 2225 828 2258 recordatus,
842 2230 888 2253 aut
905 2227 998 2261 potius

209 2268 348 2302 antiquam
367 2268 471 2295 cladem
490 2277 618 2304 reparare
635 2270 762 2305 cupidus,
774 2279 858 2298 unum
879 2280 895 2299 e
907 2271 999 2300 fratri-

208 2308 262 2338 bus
271 2311 432 2344 invadit,vel
441 2313 536 2346 allicit,
544 2319 591 2341 aut
598 2315 676 2349 quasi
684 2315 805 2342 vinctum
816 2317 908 2347 trahit.
917 2325 999 2352 quem

210 2362 305 2394 aptum
322 2358 458 2393 imprimis
474 2360 602 2394 pessimis
616 2361 675 2388 suis
687 2362 939 2391 machinationibus
955 2371 1000 2391 re-

210 2404 335 2439 periebat
346 2425 354 2438 ,
368 2405 478 2432 natione
486 2403 623 2438 lsaurum,
635 2408 844 2436 nonienelatura
854 2409 998 2444 Angulam,

209 2449 283 2485 quod
307 2450 399 2486 lingua
424 2450 537 2486 Syriaca
569 2451 677 2487 pigrum
706 2454 882 2489 interpretari
909 2455 999 2482 aiunt.

210 2494 288 2522 Haud
301 2499 401 2523 tamem
425 2496 483 2523 scio
501 2501 594 2524 utrum
615 2498 642 2525 id
672 2499 698 2526 ei
723 2500 843 2527 nominis
862 2500 942 2528 initio
965 2501 1001 2528 sit

210 2541 340 2573 inditum,
366 2541 441 2576 quod
474 2547 569 2578 postea
601 2544 737 2579 ejusmodi
762 2541 851 2573 factus
872 2551 934 2580 est;
966 2555 1001 2574 an

210 2586 311 2614 deinde
323 2587 503 2615 conformiter
519 2587 651 2624 operibus
666 2590 692 2618 id
720 2590 773 2618 sibi
790 2592 999 2626 comparaverit.

210 2632 291 2660 Hunc
306 2633 390 2668 igitur
406 2633 547 2669 ingressus
562 2636 746 2669 cacodzcmon,
765 2638 920 2665 universam
945 2639 1001 2665 fra-

210 2682 284 2706 trum
308 2680 534 2708 communitatem
551 2689 601 2716 per
625 2682 715 2717 ipsum
732 2683 851 2710 concitat
869 2683 1002 2712 adversus

210 2730 351 2758 sanctum;
374 2725 421 2760 qui
447 2727 550 2761 pariter
575 2727 665 2762 posita
682 2726 849 2757 verecundia
870 2737 902 2757 ac
924 2737 1003 2758 reve-

210 2770 300 2796 rentia
325 2769 414 2805 ipsum
436 2771 570 2800 adeuntes
593 2774 683 2807 :Quaa
704 2774 754 2801 ista
781 2779 839 2804 tua.
861 2773 1000 2809 inquiunt,

213 2817 266 2840 tam
285 2822 367 2850 supra
391 2817 503 2844 modum
528 2819 614 2847 eﬂ'usa
644 2820 859 2847 misericordia?
887 2821 1001 2848 ubinam

1043 209 1195 241 κελεύσας,
1211 203 1337 244 θυμίαμά
1352 217 1382 234 τε
1403 207 1509 240 τούτοις
1532 209 1680 242 ἐπιϐαλὼν,
1695 211 1743 237 καὶ
1767 218 1830 246 μετα

1043 253 1098 281 τῶν
1112 257 1222 281 κόκκων
1237 254 1277 289 τῷ
1293 253 1400 288 ἀδελφῷ
1424 254 1591 290 ἐγχειρίσας,
1614 254 1753 282 ’Δπελθὼν
1763 275 1770 288 ,
1786 256 1830 282 θυ-

1046 299 1143 334 μίασον
1158 300 1187 326 ἐν
1202 299 1241 334 τῷ
1252 299 1355 332 σιτῶιτ,
1369 299 1431 335 ἔφη,
1445 299 1493 326 καὶ
1501 300 1613 332 τούτους
1629 301 1659 328 ὲν
1672 301 1747 336 αὐτῷ
1761 301 1830 338 διαρ-

1044 345 1137 381 ρίψας,
1145 345 1193 377 τὰς
1201 345 1286 381 θύρας
1297 346 1401 378 ἐπιθεὶς
1411 346 1600 382 ἀναχώρησον.
1609 347 1637 374 '0
1647 347 1697 383 μὲν
1704 345 1750 374 οὖν
1758 347 1829 383 ἕδρα-

1045 400 1091 418 σεν
1106 391 1144 423 ὡς
1161 392 1358 426 προστέτακτο.
1372 392 1429 426 Τῆς
1444 392 1575 427 ἐπιούσης
1589 393 1654 427 περὶ
1663 392 1774 428 πρώτην
1786 383 1829 426 ἐῶ,

1044 438 1195 473 ὲπιτραπὲν
1209 437 1286 468 αὖθις
1300 437 1374 473 αύτῷ
1395 437 1472 473 παρὰ
1488 438 1534 464 τοῦ
1549 438 1662 473 Συμεὼν
1677 439 1722 465 τὴν
1736 439 1830 467 σιτῶνα

1047 472 1114 510 [δεῖν
1129 485 1204 516 ὅπως
1219 484 1274 520 ἔχοι
1292 472 1364 520 (ᾔδειν
1376 472 1442 520 γὰργ
1454 485 1504 511 οὐκ
1518 472 1614 518 ἄγονον
1631 472 1734 517 ἐκεῗνος
1759 485 1829 522 αὐτῷ

1043 531 1094 566 τὴν
1120 530 1204 566 εὐχὴν
1231 530 1390 566 ἐσομένην),
1405 531 1530 558 ἀπελθὼν
1551 531 1612 566 (τῆς
1643 532 1830 567 ἀνεκφράστου

1045 584 1102 608 σου,
1120 576 1220 611 Χριστὲ
1240 576 1361 610 βασιλεῦ,
1376 577 1559 612 χρηστότητος
1571 577 1591 612 !)
1606 577 1728 613 εὑρίσκει
1741 578 1830 605 τοῦτον

1045 619 1593 658 σίτουσαφῶςύποπεπλησμένον,καρπῶν
1609 623 1736 658 ἀμόχθων
1751 624 1831 657 ὅντως

1044 667 1093 693 καὶ
1109 666 1237 703 ἀσπόρων
1249 667 1298 695 καὶ
1311 668 1361 704 ἀνη
1368 668 1463 703 ρότων,
1480 669 1565 704 μόνης
1581 669 1665 704 εὐχῆς
1681 671 1830 704 γεωργίων,

1045 714 1092 739 καὶ
1107 714 1156 748 τῆς
1185 713 1311 740 ἐντεῦθεν
1336 714 1487 750 ποιότητος,
1504 714 1586 750 ἔργον
1605 715 1697 751 χειρδς
1712 713 1831 751 ἀκριϐῶς

1045 759 1163 794 ἐκείνης,
1181 757 1215 795 ἧς
1240 760 1270 786 τὸ
1292 760 1362 787 κατὰ
1386 761 1449 792 τοὺς
1475 759 1578 796 ἄρτους
1600 761 1693 796 οοιῦμα
1708 761 1830 799 auidis-1

1046 805 1142 840 ἐρήμῳ
1171 806 1306 840 τράπεζα,
1323 806 1354 832 τό
1383 814 1412 832 τε
1444 806 1474 838 ἐξ
1497 806 1613 840 ούρανοῦ
1632 803 1734 842 μάννα,
1756 808 1831 844 καὶὴ

1044 851 1098 877 ἀπὸ
1130 852 1242 886 στερεᾶς
1271 851 1386 886 πέτρας·
1405 851 1454 887 οὐχ
1479 851 1575 884 ὓδατος
1591 853 1682 888 μόνον,
1701 853 1770 881 ἀλλὰ
1788 855 1832 881 καὶ

1044 895 1126 922 αὐτοῦ
1142 897 1248 931 μέλιτος
1263 895 1367 931 βλύσις.

1082 987 1147 1022 ρλα’.
1169 987 1197 1014 '0
1210 987 1334 1023 μαθητὴς
1345 986 1434 1015 τοίνυν
1445 981 1483 1023 τῷ
1495 987 1542 1015 τοῦ
1558 987 1697 1025 θαύματος
1725 991 1834 1026 μεγέθει

1043 1033 1241 1067 καταπλαγεὶς,
1258 1034 1384 1068 πρόσεισι
1408 1034 1446 1069 τῷ
1463 1035 1616 1071 διδασκάλῳ
1639 1035 1788 1072 δρομαίως,
1805 1038 1835 1064 τὸ

1044 1080 1156 1114 γεγονὸς
1172 1080 1369 1114 ἀπαγγέλλων·
1392 1081 1439 1108 καὶ
1460 1081 1489 1113 ὂς
1512 1082 1602 1108 κοινὸν
1623 1083 1692 1117 μετά
1708 1083 1836 1118 μαθητῶν

1044 1125 1104 1161 Θεῷ
1118 1127 1183 1160 γόνυ
1208 1126 1312 1159 κλίνας,
1328 1127 1457 1162 θυμίαμά
1478 1137 1508 1154 τε
1528 1129 1722 1164 προσαγαγὼν,
1743 1130 1836 1165 τήντε

1045 1171 1213 1207 Δεσποτικὴν
1227 1172 1310 1208 εὐχὴν
1326 1174 1557 1209 προσευξάμενος,
1580 1175 1627 1202 καὶ
1643 1175 1688 1202 τὸν
1710 1176 1740 1202 ὲν
1753 1176 1838 1211 ούρα-

1044 1219 1100 1251 νοῖς
1124 1219 1235 1254 Πατέρα
1248 1219 1366 1251 καλέσας
1387 1220 1465 1255 (πρὸς
1489 1220 1518 1246 ὃν
1541 1220 1586 1247 διὰ.
1606 1221 1656 1256 τῆς
1679 1221 1839 1256 ὑπερφυοῦς

1044 1265 1145 1299 ἀρετῆς
1153 1265 1214 1300 ἔσχε
1223 1265 1272 1300 τὴν
1282 1265 1331 1299 υἱῷ
1341 1267 1532 1300 προσήκουσαν
1538 1267 1702 1302 οἰκειότητα,
1710 1268 1758 1294 καὶ
1765 1264 1794 1294 οὗ
1801 1268 1840 1294 66'-

1046 1319 1088 1341 σις
1101 1310 1190 1346 ἀγαθὴ
1204 1310 1239 1338 τὰ
1248 1311 1392 1346 παρόντα),
1402 1312 1528 1338 τοσούτου
1544 1321 1574 1339 τε
1584 1314 1747 1348 πράγματος
1757 1313 1840 1346 ἀξίως

1046 1349 1258 1391 εὐχαριστῆσας,
1275 1355 1322 1382 καὶ
1342 1356 1428 1388 οὕτως
1444 1357 1496 1383 ἀνὰ
1511 1358 1556 1384 τὸν
1573 1358 1671 1385 σιτῶνα
1686 1358 1752 1394 δρᾷν
1774 1359 1840 1386 ἑκά-

1048 1410 1110 1428 στου
1128 1401 1265 1428 Σαὸϐάτου
1279 1403 1334 1433 τοῖς
1346 1402 1469 1438 ἀδελφοῖς
1482 1404 1679 1437 παραγγείλας,
1692 1405 1740 1431 καὶ
1753 1405 1842 1432 τοιαύ-

1046 1455 1096 1481 την
1122 1447 1296 1482 εὐχαριστίαν
1324 1442 1487 1480 ἀποδιδόναι,
1515 1449 1667 1476 ἐντέλλεται
1695 1450 1725 1477 τὸ
1749 1450 1842 1478 λοιττὺν

1048 1492 1141 1524 αὐτοῖς
1162 1493 1317 1528 ἀρτοποιείν
1338 1495 1387 1528 τὴν
1410 1495 1487 1528 χεῖρα
1503 1494 1639 1529 μηδέποτε
1663 1496 1842 1531 παυομένοις,

1049 1538 1106 1564 ἀλλ’
1127 1538 1170 1564 ἀεὶ
1188 1539 1236 1573 τῆς
1256 1539 1393 1574 μακαρίας
1414 1539 1516 1575 ταύτης
1537 1540 1583 1567 καὶ
1597 1540 1714 1575 Χριστὸν
1729 1541 1773 1568 διὰ
1787 1542 1844 1568 τῶν

1049 1582 1172 1617 ἀδελφῶν
1188 1583 1341 1618 τρεφούσης
1359 1585 1469 1620 ἐντολῆς
1488 1585 1637 1620 ἐχομένοις.
1656 1586 1712 1618 Τὰς
1728 1586 1779 1621 μὲν
1796 1584 1845 1614 οὖν

1049 1630 1142 1664 χεῖρας
1157 1628 1218 1655 οὔτε
1233 1630 1325 1665 ἡμέρα
1345 1630 1406 1665 ἵστη
1429 1631 1479 1665 τῆς
1500 1631 1660 1666 ἀρτοποιίας
1689 1633 1742 1664 τοῖς
1762 1633 1845 1660 ἀδελδ

1050 1676 1120 1708 φοῖς,
1138 1674 1198 1702 οὔτε
1216 1675 1274 1709 νὺξ,
1288 1676 1356 1702 ἀλλὰ
1375 1676 1423 1703 καὶ
1441 1677 1537 1707 νύκτες
1555 1677 1654 1712 μᾶλλον
1675 1679 1740 1714 περὶ
1757 1679 1846 1715 αὐτὴν

1050 1720 1226 1754 πονουμένοις
1245 1721 1363 1756 ἡμέραις
1378 1723 1554 1757 συνήπτοντο,
1571 1725 1618 1750 καὶ
1633 1724 1663 1750 τὸ
1681 1724 1732 1759 τῆς
1745 1725 1846 1758 νυκτὸς

1050 1766 1130 1801 ἔργον
1142 1768 1156 1793 ὁ
1167 1766 1262 1801 λύχνος
1275 1767 1322 1794 τοῦ
1339 1768 1388 1802 τῆς
1404 1769 1511 1803 ἡμέρας
1525 1770 1612 1804 φωτὸς
1624 1772 1755 1806 παρεῖχεν
1767 1771 1846 1798 οὐδὲν

1050 1812 1156 1839 ἐνδέον.Δ
1173 1814 1301 1840 Τοσοῦτοι
1327 1815 1402 1850 παρά
1423 1815 1468 1841 τὸν
1483 1816 1560 1850 ἆγιον
1579 1816 1663 1851 ὄχλοι,
1692 1818 1739 1844 καὶ
1755 1817 1846 1849 οὕτως

1050 1858 1168 1894 ἀριθμοῦ
1185 1860 1325 1894 κρείττους
1346 1861 1390 1887 ἀεὶ
1413 1862 1567 1897 συνέρρεον,
1584 1862 1598 1889 ὁ
1613 1863 1662 1889 καὶ
1679 1863 1724 1890 τοῦ
1738 1864 1846 1899 προλα-

1051 1904 1143 1936 ϐόντος
1158 1904 1228 1940 τάχα
1246 1906 1468 1942 παραδοξότερον,
1488 1908 1529 1934 ὅτι
1551 1909 1598 1934 καὶ
1626 1907 1711 1940 οὕτως
1737 1909 1752 1935 ὁ
1769 1910 1846 1941 σῖτος

1051 1951 1153 1982 ἐκεῖνος
1181 1951 1255 1983 ὅλαις
1281 1953 1376 1987 χερσὶν
1400 1953 1613 1989 ἐκφορούμενος,
1634 1955 1682 1981 καὶ
1696 1954 1847 1986 τοσαύταις

1051 1996 1179 2031 ἐπαρκῶν
1198 1998 1339 2032 μυριάσιν,
1355 1999 1429 2033 ὅμως
1445 2000 1491 2026 καὶ
1506 2001 1545 2030 εὶς
1561 2001 1654 2035 τρίτον
1671 1999 1737 2036 ἑξῆς
1748 2001 1846 2028 ὲνιαυ·

1051 2041 1096 2069 τὸν
1111 2043 1223 2078 ἢρκεσε.

1088 2180 1153 2215 ρλβ’.
1170 2180 1248 2208 Μετὰ
1263 2181 1290 2208 δὲ
1311 2181 1396 2209 ταῦτα
1410 2182 1458 2217 τῆς
1475 2183 1611 2219 προτέρας
1621 2183 1711 2220 πάλης
1723 2184 1850 2221 ἀναμνη-

1052 2226 1125 2258 σθεὶς
1141 2228 1155 2254 ὁ
1171 2228 1277 2262 ἐχθρὸς,
1304 2228 1320 2263 ἢ
1347 2228 1397 2268 τὴν
1423 2229 1542 2256 παλαιὰν
1559 2230 1720 2264 φιλονεικῶν
1742 2232 1851 2266 μᾶλλον

1052 2273 1271 2301 ἀνακαλέσασθαι
1293 2271 1388 2310 ἧτταν,
1411 2275 1556 2302 ὑποδύεται
1568 2277 1623 2303 τῶν
1641 2276 1766 2310 ἀδελφῶν
1784 2273 1849 2311 ενα,

1051 2318 1068 2353 ἢ
1085 2319 1245 2353 ἐπισπᾶται,
1258 2319 1274 2354 ἥ
1290 2320 1433 2354 ἐπάγεται,
1444 2321 1551 2352 οἰκείως
1563 2321 1650 2356 ἑαυτῷ
1660 2322 1761 2358 δηλαδὴ
1774 2325 1851 2358 πρδς

1052 2365 1231 2399 κακοτεχνίαν
1253 2365 1342 2400 εὑρὼν
1356 2366 1462 2401 ἔχοντα,
1481 2367 1607 2401 Ἴσαυρον
1623 2367 1654 2394 τὺ
1672 2369 1762 2402 γένος,
1784 2370 1855 2404 ’Λγ-

1052 2411 1152 2445 γουλᾶν
1176 2411 1226 2446 τὴν
1250 2412 1445 2448 προσηγορίαν,
1461 2412 1476 2439 ὃ
1498 2414 1531 2448 τῇ
1552 2413 1606 2441 τῶν
1625 2413 1719 2448 Σύρων
1733 2415 1853 2451 γλώττῃ

1053 2456 1119 2490 φασὶ
1132 2456 1177 2483 τὸν
1189 2457 1304 2492 ὀκνηρὸν
1318 2457 1508 2493 ὀνομάζεσθαι.
1523 2459 1581 2486 Οὐκ
1604 2457 1673 2493 οἶδα,
1691 2461 1747 2488 εἴτε
1765 2462 1855 2489 τοῦτο

1052 2502 1102 2537 τὴν
1116 2502 1203 2537 ἀρχὴν
1219 2502 1363 2538 κληθέντα,
1379 2503 1393 2529 ὃ
1410 2503 1479 2539 μετὰ
1491 2503 1577 2531 ταῦτα
1591 2506 1708 2539 γεγόνει,
1726 2508 1776 2533 καὶ
1790 2509 1857 2539 τοῖς

1053 2547 1144 2582 ἔργοις
1162 2548 1211 2582 τὴν
1228 2548 1324 2584 κλῆσιν
1341 2549 1454 2585 ὕστερον
1472 2551 1505 2585 τῇ
1524 2550 1624 2585 πράξει
1644 2552 1854 2585 μεταϐαλόντα,

1053 2594 1100 2620 καὶ
1116 2594 1283 2628 κατάλληλον
1303 2596 1360 2626 τοῖς
1376 2594 1466 2630 ἔργοις
1483 2596 1675 2632 ἁρμοσάμενον
1689 2597 1739 2633 τὴν
1760 2607 1858 2634 προσ-

1053 2639 1177 2675 ηγορίαν.
1202 2640 1302 2667 Τοῦτον
1322 2642 1467 2676 τοιγαροῦν
1486 2643 1500 2669 ὁ
1516 2642 1612 2678 ὲχθρὺς
1627 2643 1738 2676 ὑποδὺς,
1756 2646 1858 2672 πᾶσαν

1054 2686 1213 2721 ἐκταράττει
1226 2686 1259 2712 δι’
1275 2687 1357 2713 αὐτοῦ
1369 2687 1409 2722 τῷ
1421 2688 1491 2723 ἁγίῳ
1511 2689 1561 2724 τὴν
1592 2689 1762 2726 ἀδελφότητα
1775 2700 1782 2706 ·
1803 2693 1858 2719 καὶ

1054 2732 1165 2766 ἀναίὂην
1178 2732 1251 2767 αύτῷ
1265 2733 1470 2767 προσελθόντες,
1487 2735 1534 2766 Τίς
1549 2735 1566 2770 ἡ
1582 2736 1700 2771 τοσαύτη
1716 2737 1766 2764 καὶ
1777 2737 1859 2765 οὕτω

1054 2777 1125 2812 πέρα
1153 2778 1200 2804 τοῦ
1217 2778 1339 2813 μετρίου,
1355 2781 1447 2814 φασὶν,
1467 2780 1653 2816 ἐλεημοσύνη;
1675 2782 1726 2808 ποῦ
1746 2783 1776 2809 δὲ
1796 2783 1858 2810 τῶν

1057 2822 1136 2857 ἱερῶν
1151 2823 1233 2851 οἴκων
1250 2824 1266 2860 ἦ
1281 2826 1496 2862 φροντιστηρίων
1509 2826 1600 2862 ψυχῆς
1614 2827 1721 2855 τοιοῦτό
1732 2837 1761 2855 τι
1773 2827 1858 2865 γινό-
