1966 3068
138 116 208 150 3109

636 117 726 148 VITA
746 117 770 146 A
789 114 1009 148 NICEPHORO
1029 94 1273 147 CONSCRIPI‘A.

1695 115 1765 145 5H0

141 182 221 210 μενον
238 172 336 208 ἴσμεν;
352 171 412 208 οὐχὶ
426 173 474 200 καὶ
485 172 567 204 αὐτὸς
587 172 616 200 ὲν
631 172 828 208 Ἰεροσολύμοις
843 173 856 199 ὁ
872 173 930 200 Κυ-

985 177 1117 200 terrarum
1135 173 1163 200 in
1173 172 1259 201 sacris
1279 162 1408 200 domibus
1422 177 1506 208 atque
1522 173 1664 201 asceteriis
1679 174 1770 203 simile

141 219 234 250 οιακός
246 219 304 245 ἐστι
322 219 418 253 τάφος,
433 218 650 253 θαυματουργῶι
665 218 783 251 ἐξαίσιος
799 219 891 254 μήπου
904 227 929 244 τι

140 264 341 300 παραπλησίως
364 264 424 299 ἕχον
447 265 505 290 ἐκεῖ
522 266 578 296 τοῖς
593 264 737 300 ἡμετέροις
755 263 848 296 ἐστίν;
869 263 930 299 οὐχὶ

141 311 194 342 πᾶς
211 312 223 337 ό
242 311 395 345 προσευχῆς
414 310 534 345 προσιὼν
549 311 629 346 χάριν
646 310 661 346 ἢ
677 310 834 346 Θεραπείας,
853 310 930 342 ἰδίαις

141 359 241 393 μᾶλλον
252 359 350 392 χρῆται
361 357 493 388 δαπάναις
503 366 510 389 ;
524 356 678 383 τούναντίον
693 355 742 391 μὲν
754 354 800 382 οὖν
811 356 871 390 οὐχὶ
883 356 930 382 καὶ

139 404 289 439 προσφέρει
304 403 334 429 τὸ
347 404 417 439 κατᾲ
433 402 567 438 δύναμιν;
584 404 642 434 πῶς
656 403 756 435 τοίνυν,
774 403 821 429 καὶ
835 402 928 434 πόθεν,

139 449 156 485 ἢ
189 451 270 485 μέχρι
283 449 390 482 ,πόσου,
409 449 515 481 ἑαυτοῖς
539 449 586 476 καὶ
601 451 657 480 τοῖς
674 448 832 484 προσιοῦσιν
850 449 930 484 ἡμεῖς

140 496 350 530 ἐπαρκέσομενς

175 635 243 670 ρλγ⁷.
259 634 290 661 0i
310 635 360 670 μὲν
381 633 427 663 οὖν
442 633 529 663 ταῦτα
554 636 701 663 καὶπολλὰ
723 636 828 669 τούτοις
849 636 931 672 ὅμοια

139 677 232 707 εἷπον·
263 681 276 706 ὁ
303 681 331 707 δὲ
357 682 452 715 πράως
476 681 630 716 ὑπολαϐὼν,
657 683 712 716 Τῆς
737 683 858 718 μεγάλης
883 682 932 709 καὶ

138 725 218 752 τοῦτο
229 726 274 752 τοῦ
286 726 352 752 Θεοῦ
368 727 543 761 κηδεμονίας,
554 728 616 762 ἔφη,
632 728 695 762 περὶ
708 729 791 762 ἡμᾶς,
810 728 929 763 ἀδελφοὶ,

138 771 169 796 τδ
194 770 230 805 μὴ
255 771 323 805 πρὸς
340 771 484 806 ἀλλοτρίοις
497 773 589 807 χεῖρας
605 773 688 807 ἡμᾶς,
704 773 771 799 ἀλλὰ
793 774 860 808 πρὸς
882 774 931 805 τὰς

138 817 276 852 ἡμετέρας
294 817 394 851 μᾶλλον
409 817 517 853 ἐτέρους
529 819 604 853 ὀρᾷν,
623 820 671 844 καὶ
698 819 728 845 ’τὸ
756 820 792 854 μὴ
807 820 880 851 ὅπως
898 819 931 846 ἄν

139 870 165 889 τι
191 850 238 889 καλ.
266 863 352 898 βραχὺ
379 850 510 899 λάϐοιμεν
538 850 602 900 παρ’
630 865 731 900 ἐτέρων
756 850 855 899 αἰτεῖν,
872 850 930 893 ἄλλ’
946 850 968 877 Β

140 908 263 943 ὰᾳθόνως
281 910 380 944 μᾶλλον
405 908 476 944 ἔχειν
500 910 603 945 ἑτέροις
627 912 700 946 ἡμᾶς
727 911 869 946 ἐπαρκεῖν.
893 913 930 938 Οὐ

140 955 195 989 γὰρ
213 955 242 986 ἐξ
258 951 295 981 ὧν
310 956 387 981 αὐτοὶ
398 955 549 990 κοπιῶμεν,
563 957 619 983 ἀλλ’
633 957 662 989 ἐξ
677 954 714 984 ὧν
729 958 845 993 ἀπονητὶ
864 958 932 993 μᾶλ-

140 1000 185 1027 λον
207 1002 256 1035 τῆς
271 1001 375 1027 ἄνωθεν
391 1002 575 1037 χρηστότητος
605 1002 789 1037 ἀπολαύομεν,
816 1005 931 1035 ἐκείνοις

142 1048 310 1082 παρέχομεν,
335 1047 349 1073 ὃ
365 1049 411 1074 καί
434 1049 614 1076 σπουδαστέον
635 1050 708 1085 ὑμῖν,
727 1051 805 1086 εἴπερ
819 1050 883 1077 ἄλλο
906 1059 932 1077 τι

141 1093 186 1120 διὰ
203 1094 314 1125 παντὸς,
326 1095 372 1121 καὶ
391 1095 480 1130 πάσης
496 1095 578 1128 ἄλλης
591 1095 723 1130 ἐργασίας
737 1097 930 1131 προτιμητέον,

142 1138 256 1174 είτιτῆς
264 1140 367 1166 ἐκείνου
378 1142 452 1176 μέλει
462 1141 610 1177 θεραπείας
621 1142 695 1175 ὑμῖν,
705 1141 751 1168 τοῦ
760 1142 834 1169 ἔλεον
845 1143 932 1169 θέλον-

142 1194 188 1216 τος
205 1186 304 1220 μᾶλλον
316 1188 362 1213 καὶ
373 1188 403 1213 οὐ
416 1187 522 1215 θυσίαν.
543 1188 616 1222 Πρὸς
629 1188 714 1214 ταῦτα
728 1189 774 1214 τοῦ
798 1187 933 1223 ’Λγγουλᾶ

143 1232 320 1268 πειραθέντος
336 1234 504 1269 ἰταμώτερον
517 1235 727 1270 ἀποκρίνασθαι,
744 1235 820 1266 εἰδὼς
836 1236 849 1261 ὁ
862 1235 933 1266 θεῖος

143 1278 212 1314 ἀνὴρ
227 1279 259 1305 δι’
274 1279 378 1306 ἐκείνου
397 1280 580 1307 συσκευάσθαι
601 1281 639 1316 τῷ
655 1281 745 1317 ἐχθρῷ
760 1282 808 1317 τὴν
823 1282 932 1308 ἐπιϐου-

142 1325 202 1359 λὴν,
222 1326 389 1360 ἐπιτιμήσας
416 1327 594 1363 σφοδρότερον
620 1328 669 1354 οὐκ
693 1328 798 1363 ἐκείνῳ.
815 1328 882 1354 ἀλλὰ
895 1328 932 1363 τῷ

143 1370 176 1396 δι’
191 1370 272 1396 αὑτοῦ
295 1371 395 1406 μᾶλλον
408 1373 522 1404 ἀναιδῶς
535 1374 721 1410 φθεγγομένῳ,
741 1372 776 1401 Σὺ
790 1375 849 1409 μὲν,
864 1375 894 1408 ἀγ
901 1384 932 1400 οι·-

143 1415 199 1446 Θοῖς
217 1417 284 1442 πᾶσι
299 1415 410 1450 πολέμιε
424 1418 494 1452 (οὐδὲ
512 1417 565 1453 γὰρ
579 1419 668 1452 ἀγνοῶ
692 1427 737 1445 σου
754 1419 802 1450 rit;
812 1419 933 1453 δολιότηο

143 1461 213 1494 τας),
228 1461 289 1495 ἔφη,
309 1462 354 1488 τὸν
372 1462 543 1498 ταλαίπωρον
554 1463 647 1490 τοῦτον
658 1463 835 1496 ὑπεισελθὼν,
854 1463 933 1499 θορύ-

981 218 1047 254 quid
1063 219 1123 246 ﬁeri
1141 219 1340 246 recordamur?
1354 219 1451 246 Nonne
1474 219 1565 254 ipsum
1581 227 1690 254 quoque
1713 220 1769 248 Do-

981 265 1047 292 mini
1075 265 1233 300 sepulcrum
1258 265 1456 300 Hierosolymis
1484 265 1615 292 inusitata
1639 271 1771 301 operatur

981 311 1135 338 miracula?
1156 311 1280 346 nunquid
1304 316 1395 338 tamen
1420 311 1483 338 istic
1515 319 1565 346 par
1583 312 1648 339 huic
1669 316 1771 339 nostra:

980 358 1216 393 eleemosynarum
1238 357 1368 392 largitio?
1388 357 1484 384 Nonne
1508 365 1557 384 sua
1577 357 1645 384 vivit
1666 358 1771 392 quadra

981 404 1107 438 quiSquis
1130 408 1178 430 aut
1196 403 1334 431 orationis
1347 407 1395 430 aut
1420 403 1480 437 opis
1501 410 1583 434 causa
1598 410 1631 430 eo
1645 402 1772 430 accedit?

981 451 1037 478 imo
1056 450 1130 485 quod
1157 455 1252 478 contra
1274 454 1327 482 est,
1357 457 1448 477 nonne
1475 450 1535 476 istic
1559 449 1641 477 oll‘ert
1665 449 1699 477 de
1721 457 1771 477 suo

981 503 1115 532 quantum
1127 496 1240 531 potest?
1256 495 1400 529 Quomodo
1414 495 1498 530 igitur
1513 503 1565 522 nos
1579 499 1607 522 et
1626 496 1709 527 unde,
1724 499 1772 522 aut

981 551 1125 579 quousque
1149 547 1177 571 et
1191 542 1272 570 nobis
1284 546 1312 569 et
1323 541 1519 569 accedentibus
1529 549 1581 570 nos
1604 541 1771 570 suﬂieiemus

981 597 1118 617 annonam
1128 589 1139 615 ’ἶ

1018 635 1081 662 155.
1101 635 1165 662 llaec
1190 638 1219 662 et
1245 635 1289 662 bis
1308 635 1410 662 similia
1435 634 1489 662 illis
1515 633 1626 661 turbide
1643 632 1771 666 clocutis,

982 682 1076 709 sedate
1094 682 1260 709 subsamens
1277 686 1397 714 sanctus,
1413 681 1453 708 sic
1477 681 1557 707 infit:
1574 680 1609 707 Et
1626 680 1692 706 illud
1713 679 1772 707 sin-

983 728 1086 763 gularis
1102 728 1151 754 Dei
1165 728 1238 754 circa
1255 735 1306 754 nos
1323 727 1518 754 sollicitudinis
1528 727 1636 761 signum
1650 730 1702 757 est,
1719 725 1775 752 fra~

983 778 1054 806 tres,
1077 773 1152 808 quod
1167 781 1222 800 non
1239 781 1273 800 ex
1288 773 1387 800 alienis
1402 773 1529 799 manibus
1544 772 1635 804 nobis,
1651 771 1698 798 sed
1713 771 1774 799 aliis

981 821 1076 855 potius
1090 828 1123 847 ex
1138 820 1243 847 nostris
1258 819 1441 846 victitandum
1457 819 1509 850 sit;
1525 819 1664 853 quodque,
1679 822 1709 845 ut
1725 825 1776 852 pa-

983 874 1044 894 rum
1055 866 1121 901 quid
1136 866 1316 900 accipiamus,
1333 866 1450 893 alienam
1463 866 1611 900 implorare
1625 873 1703 900 opem
1718 872 1774 892 non

983 913 1143 944 debeamus,
1169 912 1216 939 sed
1242 917 1344 939 tantam
1360 912 1511 940 habeamus
1540 919 1634 939 rerum
1655 912 1772 946 copiam,

983 961 1014 984 ut
1030 962 1058 984 et
1076 957 1184 984 caeteris
1195 964 1358 983 succurrere
1370 957 1518 991 possimus.
1532 957 1626 991 Neque
1637 964 1703 983 vero
1716 956 1773 988 illa,

982 1011 1043 1038 qua:
1060 1011 1191 1031 manuum
1206 1009 1363 1032 nostrarum
1383 1012 1466 1039 opere
1482 1004 1713 1039 conquisivimus,
1726 1003 1777 1031 sed

984 1048 1039 1081 illa,
1062 1049 1164 1084 quibus
1187 1049 1255 1077 citra
1279 1050 1402 1077 laborem
1418 1054 1555 1082 nostrum,
1582 1050 1775 1084 suppeditante

983 1095 1077 1122 divina
1092 1095 1228 1128 bonitate,
1242 1096 1372 1128 fruimur,
1384 1095 1530 1131 egentibus
1540 1095 1687 1131 largimur;
1701 1094 1775 1130 quod

983 1145 1010 1168 et
1039 1141 1197 1168 faciendum
1232 1142 1311 1169 nobis
1335 1142 1432 1169 sedulo
1455 1149 1564 1177 semper
1595 1145 1636 1168 est
1663 1141 1686 1168 si
1708 1140 1775 1175 quid

983 1186 1074 1220 aliud;
1098 1191 1126 1214 et
1152 1187 1227 1214 omni
1244 1187 1298 1214 alio
1320 1195 1404 1222 opere
1420 1187 1508 1221 pluris
1534 1185 1737 1216 mstimandum.
1752 1186 1776 1213 si

983 1232 1049 1267 quid
1073 1240 1124 1259 nos
1142 1233 1232 1260 cultus
1253 1232 1327 1260 illius
1342 1233 1437 1267 tangit,
1455 1233 1502 1267 qui
1519 1232 1586 1259 dicit
1604 1241 1609 1258 :
1627 1232 1777 1259 Misericor-

983 1280 1055 1306 diam
1065 1279 1164 1313 volo,rt
1174 1288 1225 1306 non
1241 1279 1401 1313 sacri/icium
1410 1279 1454 1305 “'.
1466 1279 1534 1306 Cum
1547 1279 1666 1314 Angulas
1674 1279 1706 1305 ad
1718 1277 1777 1306 batc

983 1325 1114 1352 incitatus
1135 1325 1322 1352 turbulentius
1352 1333 1514 1360 responsum
1532 1329 1660 1360 pararet,
1676 1331 1778 1359 cogno—

984 1376 1128 1406 sceretquc
1152 1373 1195 1399 vir
1219 1373 1266 1399 Dei
1293 1380 1342 1408 per
1356 1372 1432 1399 illum
1459 1372 1549 1399 moliri
1576 1370 1689 1398 insidias
1713 1377 1777 1398 sua:

984 1417 1149 1450 dmmonem,
1171 1419 1204 1445 ad
1227 1418 1310 1451 hunc,
1327 1418 1514 1454 praetermisso
1535 1417 1617 1445 fratre
1635 1425 1684 1452 per
1699 1417 1778 1451 cujus

984 1472 1015 1491 os
1042 1464 1229 1492 inverecunde
1253 1465 1340 1491 multa
1363 1464 1524 1495 etIuliebat,
1555 1463 1775 1497 inerepationem

144 1503 209 1534 ϐους
226 1504 386 1537 σπουδάζεις
411 1506 457 1532 καὶ
481 1507 603 1542 ταραχὰς
625 1509 779 1542 ἐπεγείρειν
803 1518 858 1544 μοι,
872 1510 931 1535 ἐπεὶ

985 1510 1104 1545 graviter
1129 1515 1318 1538 convertens:
1343 1510 1395 1541 Tu,
1422 1510 1522 1545 inquit,
1546 1509 1625 1536 bonis
1646 1507 1777 1535 omnibus

142 1549 190 1574 καὶ
210 1550 417 1586 συγκεχώρηται
446 1552 539 1586 σαφῶς
568 1553 682 1581 ἄνωθεν.
707 1554 774 1580 Εἶτα
798 1555 846 1581 καὶ
866 1555 933 1590 προς

142 1593 189 1620 ’τὸν
222 1594 369 1628 ’Λγγουλᾶν
401 1597 591 1632 ἐπιστραφεὶς,
629 1599 697 1625 Ἀλλ’
731 1600 792 1626 οὐαί
822 1609 863 1626 σοι
896 1600 933 1636 τῷ

143 1639 275 1676 δυστήνῳ,
292 1641 354 1676 ἔφη,
370 1643 409 1668 ὅτι
427 1643 513 1679 ταύτῃ
533 1645 671 1678 συγγενῶς
685 1645 754 1680 ἔχων
769 1647 885 1681 εὑρέθης
895 1647 934 1681 τῷ

143 1685 281 1719 δυσμενεῖ,
295 1687 332 1718 ὡς
351 1688 398 1713 καὶ
411 1688 519 1724 ὀργάνῳ
545 1698 585 1716 σοι
606 1691 720 1726 χρῆσθαι
736 1692 803 1727 προς
822 1694 871 1728 τὴν
885 1702 934 1720 κα-

143 1731 217 1758 κίαν.
239 1731 318 1766 Ἑξῆς
347 1733 374 1759 δὲ
399 1734 446 1760 καὶ
472 1735 540 1770 πρὸς
562 1736 613 1771 τὴν
640 1736 807 1773 ἀδελφότητα
831 1740 932 1773 πᾶσαν,

144 1775 341 1811 Κοινωνητέον,
372 1780 464 1811 φησιν,
492 1780 524 1805 ὲκ
558 1780 604 1806 τοῦ
635 1781 826 1817 ὑστερήματος
857 1783 931 1818 ὑμῖν,

143 1821 264 1855 ἀδελφοὶ,
294 1822 340 1849 καὶ
364 1822 414 1857 τῆς
443 1824 595 1857 ἀναγκαίας
627 1827 722 1862 χρείας
755 1830 933 1864 κοινωνητέον

142 1867 200 1916 rei;
216 1867 314 1901 ὄχλοις,
332 1869 393 1895 ἐπεὶ
414 1869 463 1896 οὐκ
485 1870 562 1904 ὀλίγα
583 1872 645 1907 ὑμῖν
669 1874 697 1899 ἐν
723 1874 829 1910 ὑστέρῳ
851 1884 934 1911 μετα-

145 1912 267 1946 μελήσει.
529 1923 535 1928 -

985 1555 1097 1583 inimice
1115 1556 1214 1591 (neque
1229 1556 1301 1584 enim
1315 1564 1359 1583 me
1376 1555 1485 1591 fugiunt
1497 1560 1550 1583 tua:
1572 1555 1708 1589 fraudes),
1724 1553 1776 1581 mi-

985 1602 1083 1629 sellum
1099 1602 1173 1628 hunc
1188 1603 1259 1629 clam
1273 1603 1423 1637 ingressus,
1438 1602 1534 1628 turbas
1545 1601 1612 1628 mihi
1630 1601 1779 1628 tumultus-

985 1655 1039 1682 que
1051 1647 1123 1674 ciere
1138 1648 1249 1682 satagis,
1271 1648 1401 1682 quoniam
1423 1648 1496 1674 illius
1517 1647 1636 1674 faciendi
1658 1646 1778 1680 desuper

985 1701 1096 1727 quoque
1113 1692 1228 1719 facultas
1241 1693 1288 1720 tibi
1305 1701 1437 1720 concessa
1448 1697 1500 1719 est.
1514 1692 1583 1719 Tum
1595 1691 1629 1718 ad
1642 1691 1777 1726 Angulam

986 1746 1152 1766 conversus:
1166 1739 1219 1766 Sed
1236 1743 1264 1766 et
1275 1739 1325 1766 tibi
1342 1740 1443 1766 misero
1454 1747 1504 1770 vae,
1518 1739 1618 1773 inquit,
1635 1738 1708 1772 quod
1723 1741 1778 1764 tam

986 1786 1129 1814 familiaris
1146 1787 1218 1813 hosti
1241 1792 1337 1813 nostro
1353 1787 1482 1813 inventus
1504 1784 1552 1817 sis,
1572 1788 1602 1812 ut
1625 1788 1651 1811 te
1672 1782 1779 1810 fraudis

987 1841 1043 1860 sua:
1066 1834 1281 1860 instrumentum
1305 1832 1468 1867 przrbueris.
1485 1831 1609 1864 Denique
1633 1830 1779 1857 universos

988 1880 1086 1907 fratres
1100 1881 1140 1907 sic
1158 1879 1307 1913 alloquitur
1321 1888 1327 1906 ι
1341 1877 1613 1906 Ὀυιηιιιιιιιῐριιηᾱυῐη
1631 1877 1711 1904 nobis
1728 1876 1780 1903 ali-

987 1925 1053 1959 quid
1070 1933 1103 1952 ex
1119 1925 1213 1960 inopia
1225 1929 1321 1952 nostra
1336 1931 1388 1956 est,
1406 1930 1435 1952 et
1450 1933 1483 1952 ex
1499 1924 1562 1953 illis.
1579 1931 1639 1957 quae
1654 1923 1687 1950 ad
1698 1929 1778 1949 usum

143 1958 329 2008 Ἠθοξδξξπίξυφ
356 1959 470 1994 radunt.
495 1962 664 1998 erogandum
693 1966 782 1994 turbis
807 1969 960 2003 :quoniam
982 1979 1033 1999 nos
1055 1973 1122 2000 alias
1146 1981 1200 2000 non
1225 1979 1376 2008 paucorum
1398 1971 1432 1998 ad
1449 1975 1602 1998 extremum
1620 1969 1777 2004 paenitebit.

181 2005 245 2052 ρλδ’,
263 2007 355 2034 Ταῦτα
382 2009 451 2044 πρὸς
471 2011 569 2042 αὐτοὺς
593 2012 689 2046 εἰπὼν,
706 2015 752 2041 καὶ
772 2016 822 2050 τὴν
843 2017 932 2052 ψυχὴν

143 2051 193 2085 τῆς
212 2051 299 2079 αὐτῶν
315 2053 364 2079 οὐκ
373 2052 421 2081 οἶδ’
436 2055 490 2082 εἴτε
505 2058 673 2093 ἀναλγησίας
684 2060 736 2095 χρὴ
759 2061 858 2095 λέγειν,
877 2051 932 2090 εἴτε

147 2096 330 2142 μικροψυχίας
347 2100 544 2134 περιαλγήσας,
559 2103 610 2138 ὁρᾷ
633 2103 697 2139 θείῳ
720 2105 811 2140 ψυχῆς
828 2107 933 2142 ὄμματι

145 2141 272 2177 κείμενον
283 2144 408 2180 καθάπερ
421 2146 451 2172 τὸ
464 2146 534 2174 θεῖον
549 2148 717 2184 Εὑαγγέλιον
734 2152 780 2178 ἐπὶ
793 2153 840 2179 τοῦ
855 2141 933 2180 σιτῶ-
949 2143 972 2170 D

145 2195 201 2218 vo;,
221 2188 267 2214 καὶ
282 2188 319 2220 ὡς
337 2191 540 2225 ἐπεισελθόντες
554 2195 654 2227 ἐνδεεῖς
672 2197 720 2223 καὶ
733 2197 934 2233 διαρπάσαντες

144 2233 211 2259 αὐτὸ
223 2234 343 2268 φύγοιεν,
359 2238 405 2263 καὶ
432 2237 469 2270 ὼς
487 2240 567 2271 αὐτὸς
598 2242 648 2276 μὲν
662 2243 705 2270 διά
719 2253 790 2276 τινος
804 2245 864 2272 ὀδοῦ
878 2246 928 2280 βει-

145 2280 253 2314 σιλικῆς
278 2281 390 2309 ὄπισθεν
407 2284 510 2312 τούτων
533 2287 707 2321 καταδιώκοι,
724 2290 825 2324 φθάσαι
840 2291 868 2318 δὲ
884 2292 933 2327 οὐχ

144 2323 198 2358 οἷός
208 2335 237 2353 τε
252 2326 302 2360 ὣν,
316 2329 348 2355 ἐκ
364 2330 449 2365 μέσης
461 2331 546 2366 αὐτῆς
559 2323 747 2370 ἀναστρέψειε,
764 2336 856 2369 καλῶς
867 2323 933 2364 sud:

145 2380 212 2406 στης
241 2373 348 2408 ἡμέρας
377 2374 476 2411 ἄρτους
492 2378 545 2403 ἀπὸ
559 2379 619 2405 τότε
645 2380 700 2407 τῶν
713 2381 797 2416 τριῶν
811 2383 842 2409 ὲν
859 2382 933 2418 αὐτῷ

144 2417 253 2449 πλείους
284 2419 333 2454 οὺχ
364 2420 437 2455 εὖροι
454 2419 523 2454 ὀὓς
552 2423 778 2459 λαμϐάνων,ἄνω
805 2437 834 2454 τε
865 2417 932 2463 πρὸς

143 2463 210 2490 Θυδν
239 2464 355 2498 βλέπων,
371 2467 418 2492 καὶ
433 2468 481 2502 τὴν
507 2469 611 2497 ἐκεῖθεν
639 2472 730 2503 αὐτοῖς
751 2475 933 2509 ἐπευχόμενος

144 2509 279 2544 εὐλογίαν,
296 2509 354 2537 εἶτα
368 2512 550 2548 διαθρύπτων,
563 2517 702 2552 παρετίθει
714 2521 769 2551 τοῖς
784 2520 931 2555 δεομένοις,

143 2556 191 2582 καὶ
214 2556 251 2588 ὡς
267 2557 384 2584 ἕκαστον
412 2559 522 2594 κλάσμα
549 2562 678 2596 μέγιστος
708 2564 806 2591 αὐτίκα
830 2566 932 2600 γίνοιτο

142 2600 234 2634 ἄρτος.
258 2602 302 2628 Ἐν
325 2603 415 2638 ἑαυτῴ
439 2605 529 2631 τοίνυν
546 2607 699 2642 γενόμενος,
713 2609 759 2635 καὶ
786 2610 932 2644 συμϐαλὼν

142 2646 191 2680 τὴν
211 2646 272 2681 δψιν
299 2649 444 2684 ἀφαίρεσιν
463 2649 532 2678 εἶναι
557 2654 604 2687 τῆς
625 2653 726 2680 ἄνωθεν
754 2655 874 2690 χάριτος,
891 2654 932 2689 οἷς

142 2691 255 2726 ἔμελλον
271 2693 434 2725 ἀνακόπτειν
451 2697 474 2722 οἱ
490 2697 608 2733 μαθηταὶ
621 2699 665 2725 τὸν
678 2700 718 2731 εἰς
732 2701 794 2732 τοὺς
811 2701 932 2736 πένητας

142 2738 226 2770 ἔλεον,
244 2739 348 2772 πάντας
375 2741 473 2774 αὐτοὺς
497 2744 678 2778 συγκαλέσας,
705 2747 752 2773 καὶ
778 2747 931 2783 ἆπερ,ἱ’δοι

143 2784 235 2820 σαφῶς
257 2787 426 2822 ἀπαγγείλας
457 2790 611 2826 προσευχὴν
634 2793 776 2828 ἐπιτρέπει
798 2794 867 2828 μετᾶ
886 2794 931 2822 δα-

203 2843 230 2859 "‘
246 2842 326 2879 Osee,
345 2853 382 2879 νι,
399 2845 429 2879 6;
450 2847 544 2875 Matth.
562 2856 597 2879 lx.
616 2850 657 2877 15.

1024 2021 1084 2048 154.
1113 2021 1165 2049 Ubi
1195 2021 1276 2048 ﬁnem
1308 2020 1419 2048 dicendi
1455 2018 1531 2050 fecit,
1555 2017 1656 2045 acerbo
1690 2017 1776 2045 animi

988 2066 1103 2094 aﬂ‘eetus
1124 2067 1220 2094 dolore
1235 2070 1288 2098 est,
1304 2074 1338 2093 ex
1351 2066 1473 2097 illorum,
1501 2069 1654 2099 stuporeue
1674 2063 1776 2096 dicam,

988 2120 1021 2139 an
1040 2113 1266 2147 pusillanimitate
1280 2112 1406 2139 suborto.
1424 2111 1493 2138 Tum
1510 2110 1778 2145 conspicuturoculo

987 2158 1120 2186 interiore
1146 2166 1255 2186 sacrum
1286 2157 1476 2192 Evangelium,
1504 2157 1591 2184 veluti
1618 2157 1645 2186 in
1673 2156 1774 2183 horreo

985 2203 1097 2238 iacens;
1115 2207 1349 2238 aecurrentesque
1363 2203 1459 2237 inopes
1477 2209 1573 2236 rapere
1588 2201 1654 2228 illud
1681 2209 1713 2228 ac
1729 2201 1772 2229 fu-

986 2256 1066 2283 gere:
1084 2248 1174 2283 ipsum
1190 2253 1281 2275 autem
1293 2256 1322 2275 se
1338 2247 1413 2283 regia
1426 2248 1543 2283 quadam
1556 2248 1600 2274 via
1613 2247 1777 2282 fugientium

986 2295 1071 2330 tergis
1087 2295 1201 2327 instare,
1229 2295 1373 2322 retrahere
1393 2302 1460 2321 vero
1481 2280 1561 2321 bulla
1585 2293 1668 2321 modo
1683 2301 1776 2328 posse,

986 2341 1104 2375 ideoque
1122 2340 1174 2368 iter
1187 2348 1221 2368 ex
1234 2340 1324 2367 media
1337 2340 1381 2367 via
1412 2340 1549 2375 relegere:
1567 2347 1601 2367 ex
1622 2339 1668 2366 illo
1694 2345 1778 2373 porro

986 2391 1110 2421 tempore
1127 2386 1243 2421 singulis
1256 2385 1354 2413 diebus
1367 2390 1424 2414 tres
1441 2393 1497 2413 non
1509 2385 1628 2420 amplius
1638 2385 1666 2411 in
1675 2384 1778 2411 horreo

986 2431 1116 2467 granario
1130 2438 1216 2466 panes
1233 2431 1360 2466 reperiri,
1378 2438 1448 2466 quos
1461 2431 1551 2466 ipsum
1581 2429 1776 2463 accipientem,

986 2483 1018 2503 ac
1027 2483 1138 2503 sursum
1153 2476 1250 2503 oculos
1263 2475 1297 2503 ad
1319 2476 1405 2503 Deum
1431 2475 1633 2505 intendentcm,
1654 2472 1777 2500 ccclesti-

986 2530 1039 2557 quc
1046 2522 1240 2550 benedictione
1250 2522 1464 2556 impertientem,
1473 2521 1592 2555 denique
1603 2519 1773 2554 frangentem

986 2576 1125 2604 apponere
1160 2569 1322 2604 egentibus,
1361 2561 1491 2603 quodque
1527 2571 1620 2594 autem
1654 2565 1775 2592 frustum

986 2613 1121 2641 illico-in
1158 2621 1257 2648 panem
1294 2612 1444 2640 maximum
1474 2611 1611 2640 converti.
1639 2610 1777 2638 Redditus

986 2660 1072 2696 igitur
1085 2660 1150 2692 sibi,
1164 2665 1246 2695 atque
1260 2659 1425 2695 conjiciens,
1441 2659 1576 2686 visionem
1606 2659 1712 2693 signare
1731 2656 1776 2684 di—

985 2706 1056 2733 vina:
1073 2707 1166 2742 gratia:
1181 2706 1360 2738 oblationem,
1374 2709 1520 2740 propterea
1534 2704 1607 2740 quod
1622 2705 1776 2738 eleemosy-

986 2759 1046 2785 nas,
1059 2752 1229 2787 pauperibus
1242 2752 1349 2787 erogari
1365 2751 1471 2783 solitas,
1492 2751 1652 2786 imminutast
1663 2749 1775 2783 vellent;

987 2799 1146 2826 convocatis
1163 2798 1294 2826 omnibus
1309 2806 1370 2834 quae
1381 2798 1434 2826 sibi
1451 2806 1500 2834 per
1514 2798 1648 2826 visioaem
1665 2803 1775 2826 ostensa
