1966 3068
107 150 177 184 3H3

608 152 694 182 VITA
714 153 737 180 Α
757 152 974 182 NICEPHORO
995 152 1237 182 CONSCRIPTA.

1673 153 1744 185 3114

108 210 259 245 πρόδρομος
287 210 364 245 ἡμῶν
392 211 562 247 εἰσελήλυθεν
586 212 600 238 ὁ
620 211 761 246 ἁγαπητλις
788 212 897 246 ἀδελφὸς

954 222 1015 241 mus
1031 212 1100 240 visio
1126 213 1176 239 hac
1199 213 1256 246 ipsa
1286 211 1353 238 mihi
1374 216 1453 239 nocte
1479 211 1634 239 luculenter
1660 219 1742 239 mon-

114 259 252 293 Ὶωάννης,
272 255 301 284 οὗ
318 258 363 284 καὶ
378 258 434 293 βίον
451 259 497 285 καὶ
514 260 615 294 τρόπον
637 259 714 286 αὐτοὶ
730 260 838 291 πάντως
851 261 902 287 οὐκ

111 305 241 336 ἀγνοεῖτε,
258 304 282 330 οἱ
301 304 348 330 καὶ
375 305 501 332 κοινωνὸν
530 304 576 331 τοῦ
600 304 670 330 κατὰ
685 304 751 331 Θεὸν
774 305 832 340 βίου
858 305 902 332 τὶν

108 350 192 384 ἄνδρα
220 351 409 384 πεποιημένω,
431 351 478 377 καὶ
497 350 552 377 τῶν
577 351 767 386 πνευματικῶν
790 351 903 385 ἀγώνων

110 396 282 429 συνᾶμιλλον.
299 397 416 423 Δέκατον
431 397 494 432 γὲρ,
508 397 627 431 ἀδελφοὶ,
646 397 726 423 τοῦτο
737 397 796 429 ἔτος
816 398 902 432 ἀγρυ-

109 443 182 469 πνῶν
197 443 266 478 ὑπὲρ
283 443 337 469 τῶν
352 444 492 478 ὑμετέρων
512 443 617 479 ψυχῶν,
637 444 684 470 καὶ
702 443 828 477 δεόμενος
853 444 900 471 τοῦ

108 488 175 514 θεοῦ
197 489 265 523 μετὰ
284 489 410 525 δακρύων
423 490 472 516 οὐκ
488 490 662 524 ἐπαυσάμην,
679 490 716 521 ὼς
738 489 816 524 λόγον
832 491 899 517 ἁπο-

107 535 198 562 δυῦναι
212 535 315 570 μέλλων
331 536 400 572 ὑπὲρ
417 537 494 572 ὑμῶν
505 545 511 552 ⁸
529 538 590 563 ἐπεὶ
610 538 657 564 καὶ
670 537 764 565 τοῦτον
777 537 833 571 ἐγὼ
852 546 899 571 φο-

108 579 208 614 ϐοῦμαι
222 581 266 607 τὸν
286 582 367 615 φόϐον
387 583 439 613 ἀεὶ.
457 583 494 617 μὴ
510 584 564 609 τῶν
576 584 710 618 ἀφιέντων
725 584 760 610 τὰ
775 582 899 618 πρόὸτιτα

109 627 252 660 μισθωτῶν
274 627 321 654 καὶ
341 628 505 662 φευγόντων,
522 627 562 660 οἷς
578 629 656 663 ὀλίγα
672 629 749 664 μέλει
775 629 839 664 περὶ
852 628 900 654 αὺ-

107 672 171 703 τῶν,
191 674 238 699 καὶ
256 674 286 699 οὑ
302 674 355 700 τῶν
371 674 509 709 ποιμένων
531 671 572 706 εἷς
587 675 701 710 εὑρεθῶ,
717 675 771 702 τῶν
789 675 836 701 καὶ
849 675 900 708 ψυ-

107 719 157 754 χὴν
172 720 256 755 αὐτὴν
276 720 361 754 ἡδέως
374 721 422 755 τῆς
439 722 556 756 ποίμνης
574 721 756 756 προϊεμένων.

953 259 1050 286 stravit
1064 266 1207 286 ascensum
1219 263 1362 289 nostrum;
1377 258 1404 283 in
1418 265 1499 291 quam
1511 260 1539 284 ct
1551 257 1691 292 ingressus
1702 262 1745 284 est

953 297 1071 334 dilectus
1095 306 1180 332 frater
1201 305 1332 336 Joannes,
1353 303 1519 338 prodromns
1540 308 1648 337 noster;
1666 304 1746 339 cujus

953 358 981 380 et
1000 353 1084 379 vitam
1103 356 1132 379 et
1156 359 1246 378 moms
1269 359 1318 378 vos
1345 350 1397 385 ipsi
1418 350 1544 385 ignorare
1571 358 1745 385 nequaquam

954 399 1080 433 potestis,
1106 398 1199 432 quiet
1219 397 1380 432 participem
1406 396 1527 424 cmlestis
1553 397 1617 423 vitm
1644 396 1746 423 fecistis

955 444 1044 476 illum,
1060 448 1087 471 et
1099 443 1127 470 in
1143 443 1280 477 spirituali
1295 443 1419 477 palaestra
1435 441 1571 469 habuistis
1582 441 1747 469 commilito-

954 497 1028 517 nem.
1054 489 1184 516 Decimus
1200 489 1312 523 quippe,
1335 488 1435 515 fratres
1450 488 1515 519 mei,
1539 496 1628 515 annus
1647 488 1745 522 agitur,

950 534 1024 570 quod
1042 534 1151 569 vigilem
1178 542 1228 569 pro
1254 533 1397 560 animabus
1417 533 1527 565 vestris,
1545 541 1596 560 nec
1616 533 1745 560 desierim

950 589 1030 608 orare
1047 581 1131 607 Deum
1145 587 1208 607 cum
1227 579 1367 615 lacrymis,
1385 584 1513 615 tanquam
1534 579 1667 606 rationem
1684 578 1748 605 red-

951 627 1061 654 diturus
1079 635 1130 662 pro
1151 627 1239 654 vobis.
1256 626 1392 659 Quoniam
1409 630 1437 652 et
1455 633 1505 661 ego
1524 633 1664 660 nunquam
1691 632 1746 651 non

951 673 1000 700 illo
1018 673 1142 700 incessor
1157 672 1266 705 timore,
1280 679 1315 699 nc
1331 672 1442 699 illorum
1456 679 1526 699 unus
1543 670 1745 705 deprchendar,

952 719 999 753 qui
1013 719 1137 746 mercede
1149 719 1290 751 conducti,
1305 718 1340 746 de
1351 718 1449 746 ovibus
1463 717 1574 745 solliciti
1587 725 1746 752 perparum,

107 766 216 792 easdem
231 766 373 793 dimittunt
387 771 470 801 atque
483 767 607 802 fugiunt;
629 775 683 795 non
700 775 767 794 vero
783 767 894 794 illorum
914 769 1067 800 pastorum,
1084 765 1132 800 qui
1163 764 1268 792 animas
1301 772 1365 792 suas
1384 773 1434 800 pro
1450 765 1639 792 incolumitate
1654 765 1746 799 gregis

107 813 148 839 sui
166 812 272 839 lubenti
294 813 385 839 animo
399 817 516 847 ponunt.

140 859 208 893 ρλξ.
236 859 317 885 Ἀλλὰ
339 861 372 895 τῇ
394 860 507 894 δυνάμει
540 861 589 895 ’τῆς
613 861 716 887 ἄνωθεν
748 861 898 896 βακτηρίας

108 904 289 939 ῥωννύμενος,
305 906 436 939 γενναίως
452 906 496 932 τὸν
513 907 583 941 θῆρα
603 907 683 941 μέχρι
699 907 767 937 τέως
792 907 838 933 νῦν
851 907 897 940 ἀφ’

989 859 1050 886 157.
1068 858 1196 885 Attamen
1221 857 1335 892 superni
1351 857 1453 885 virtute
1471 858 1562 885 baculi
1581 859 1746 886 corrobora-

953 909 1013 937 tus,
1029 912 1117 939 usque
1130 904 1157 930 in
1171 911 1291 938 praesens
1307 908 1415 938 tempus
1429 903 1516 938 repuli
1535 912 1550 930 a
1572 904 1650 931 vobis
1664 912 1747 939 gene-

106 950 184 984 ὑμῶν
206 951 366 978 ἀπεσόὸουν.
384 951 478 978 Οἴδατε
493 953 548 987 γὰρ
564 953 680 983 ποσάκις
697 952 774 986 ὑμῶν
795 953 824 978 οὐ
841 952 897 978 δια-

951 957 1013 977 rese
1028 949 1114 976 feram
1130 949 1304 976 infernalcm.
1322 949 1415 976 Nostis
1432 950 1506 977 cnim
1524 950 1620 985 probe,
1635 951 1746 985 quoties

107 996 223 1024 θῡλῶσαι
243 999 322 1032 μόνον
342 999 474 1035 ἐπειράθη
490 999 533 1025 τον
549 999 621 1031 νοῦν,
640 1000 688 1026 καὶ
708 999 775 1034 πρὸς
799 999 897 1026 ἐπιθιμ

109 1044 172 1078 μίας
197 1044 331 1078 κοσμικὰς
360 1045 473 1071 ἐλκῦσαι
491 1046 540 1072 καὶ
564 1047 754 1077 κατασπᾶσαι,
772 1045 840 1072 ἀλλὰ
854 1045 902 1071 καὶ

108 1090 302 1124 συλαγωγῆσαι
324 1091 372 1117 καὶ
395 1091 546 1126 ὑποκλέψαι
566 1093 611 1118 καὶ
634 1093 808 1119 παντάπασιν
823 1093 901 1126 ὑμᾶς

108 1136 253 1171 σκορπίσαι
267 1137 314 1163 καὶ
325 1137 481 1172 διασπεῖραι
492 1147 498 1153 ·
519 1138 592 1172 ὅμως
604 1138 724 1173 ᾐσχύνθη
735 1138 779 1165 διὰ
792 1139 900 1164 πάντων

107 1182 350 1218 καὶὰπεκρούσθη,
368 1184 444 1210 οῦδὲν
462 1184 544 1211 πλέον
567 1185 618 1219 τῆς
637 1185 770 1220 τοσαύτης
783 1185 901 1220 σπουδῆς

106 1229 123 1264 ἢ
141 1229 243 1265 λύσσης
258 1230 399 1266 ὀνάμενος,
411 1231 452 1257 ὅτι
472 1232 508 1266 μὴ
526 1231 556 1258 τὸ
571 1232 687 1266 φανῆναι
707 1232 788 1259 πλέον
803 1233 898 1264 κακὸς,

106 1276 137 1302 τὸ
152 1276 267 1310 μάλιστα
281 1276 389 1303 πάντων
409 1277 483 1312 αὐτῷ
504 1278 724 1305 σπουδαιότατον.
737 1278 794 1305 Νὖν
810 1278 857 1305 οὖν
875 1279 900 1305 εἰ

107 1322 154 1348 καὶ
174 1321 210 1357 μὴ
231 1321 326 1356 πολλὴ,
342 1323 404 1357 μηδ’
432 1323 479 1349 ἐπὶ
495 1323 574 1355 πολὺ,
595 1323 804 1360 συγκεχώρηται
819 1324 841 1351 δ’
852 1322 899 1351 οὖν

105 1375 147 1397 τις
161 1367 234 1401 ὅμως
247 1367 321 1402 αὐτῷ
336 1368 397 1394 καθ’
412 1369 491 1404 ἡμῶν
507 1369 618 1401 ἐξουσία
629 1378 636 1385 ·
655 1370 685 1396 οὐ
701 1370 754 1406 μὴν
768 1370 838 1397 ἀλλὰ
852 1371 899 1397 καὶ

107 1412 178 1438 κατὰ
210 1413 263 1439 τῶν
295 1413 409 1447 νηπίων,
435 1414 503 1449 πρὸς
533 1415 561 1441 δὲ
591 1416 638 1442 καὶ
671 1414 725 1443 τῶν
758 1417 786 1442 ἐν
812 1417 897 1452 ἀρετῇ

107 1458 216 1489 ζώντων
231 1460 310 1495 .παρ“
336 1457 373 1487 ὧν
397 1461 497 1496 δηλαδὴ
523 1462 569 1488 καὶ
591 1461 691 1488 πλείων
712 1463 728 1497 ή
749 1463 841 1498 πληγὴ
858 1463 898 1497 τῷ

107 1506 245 1540 βασκάνῳ,
272 1507 318 1533 καὶ
346 1507 413 1542 πρὸς
439 1508 486 1539 οὓς
514 1508 611 1543 ὲκεενῳ
643 1508 724 1536 πάλιν
753 1509 767 1535 ὀ
801 1509 897 1542 φθόνος

106 1553 353 1588 περιφανέστερος’
369 1553 426 1580 ἀλλ’
437 1554 487 1580 οὐκ
502 1554 646 1590 ἀποστήσῃ
662 1556 677 1581 ὀ
689 1555 897 1590 ὑπερασπιστὴς

109 1605 172 1632 μου,
186 1597 283 1633 Κύριε.

145 1721 211 1755 ρλη’.
229 1719 295 1747 Εἶτα
319 1721 367 1747 καὶ
387 1720 456 1747 αὐτὰ
483 1720 538 1753 τοῖς
561 1722 697 1756 μαθηταῖς
717 1722 840 1757 ἐξηγεῖτο
863 1723 899 1752 τὰ.

106 1765 249 1799 ὁραθέντα,
265 1765 428 1800 προσιόντας
445 1765 494 1800 μὲν
508 1767 567 1798 ταῖς
586 1766 700 1801 ούρανοῦ
720 1767 819 1798 πύλαις
835 1767 898 1799 τοὺς

107 1811 253 1843 ἐκλεκτοὺς
285 1811 417 1846 ἀγγέλους
440 1812 480 1843 εις
502 1812 688 1849 προσκύνησιν
706 1813 821 1840 ἐνώπιον
850 1812 897 1839 τοῦ

106 1858 185 1889 Θεοῦ,
198 1857 390 1893 παρεστηκότα
400 1857 427 1884 δὲ
442 1857 486 1884 τὸν
500 1858 633 1890 διάϐολον,
647 1858 762 1885 Αἰθίοπα
773 1878 780 1890 ,
793 1867 897 1885 σκοτει-

107 1903 152 1930 νὸν
170 1903 231 1929 ὅλον
243 1923 249 1930 .
266 1903 361 1938 ἀναιδῆ
378 1904 427 1938 τὴν
443 1904 514 1938 ὅφιν,
536 1903 615 1940 ὓϐριν
634 1905 765 1936 πνέοντα,
782 1905 897 1939 αἵματος

107 1949 175 1984 ἁμοῦ
194 1950 240 1976 καὶ
257 1949 342 1984 πυρὸς
356 1950 419 1980 τοὺς
437 1949 593 1984 ὀφθαλμοὺς
613 1950 771 1982 ύπόπλεων,
789 1951 838 1977 οὐκ
852 1950 897 1977 ἐπί

107 2005 179 2028 τινος
195 1997 257 2028 τοὺς
268 1997 352 2028 πόδας
365 1996 476 2031 στερεοῦ
486 1996 633 2032 βεϐηκότα,
649 1997 716 2024 ἀλλὰ
731 1998 800 2024 κατὰ
816 1998 897 2033 μέσον

106 2043 187 2069 οἱονεὶ
203 2044 249 2069 τὸν
259 2043 338 2079 ἀέρα,
351 2043 485 2079 βρύχοντα
504 2043 552 2078 μὲν
562 2043 682 2078 φοϐερόν
696 2052 722 2070 τι
738 2044 784 2070 καὶ
796 2043 897 2079 θηριῶ-

105 2089 160 2121 δες,
185 2089 231 2114 καὶ
256 2089 392 2120 κινοῦντα,
418 2089 494 2124 φησὶ,
515 2089 564 2124 τὴν
584 2089 705 2126 κεφαλὴν
736 2089 796 2117 κατ’
817 2090 896 2126 ἐμοῦ,

106 2137 274 2172 ἀναμένοντα
289 2138 317 2164 δὲ
333 2139 406 2172 ὅμως
420 2140 469 2170 τὰς
484 2139 647 2173 ἀποφάσεις,
665 2140 756 2175 φωνήν
772 2148 801 2166 τε
821 2140 898 2175 παρὰ

107 2183 211 2217 Κυρίου
221 2184 287 2217 πρὶς
300 2183 381 2209 αὑτὸν
389 2184 542 2219 ὲνηνέχθαι,
559 2185 692 2218 Πάταξον,
702 2185 845 2220 λέγουσαν,
860 2188 895 2213 τὰ

105 2228 200 2255 παιδία
214 2229 260 2254 καλ¹
277 2229 341 2259 τοὺς
362 2229 462 2261 καλοὺς
477 2230 531 2257 τῶν
554 2231 716 2266 ἀνθρώπων,
735 2232 781 2259 τὸν
799 2233 827 2259 δὲ
846 2233 896 2259 ἀπ’

105 2273 174 2308 ἐμοῦ
187 2281 216 2299 τε
232 2273 366 2308 ἄρξασθαι
392 2274 513 2308 πρώτου,
529 2275 655 2310 καθάπερ
677 2277 724 2302 ἐπὶ
745 2276 792 2303 τοῦ
814 2276 874 2303 ’1ώὸ
886 2286 892 2292 ³

954 1003 1010 1023 non
1026 995 1108 1023 modo
1126 995 1236 1023 turbare
1250 1000 1371 1022 mentem
1385 1000 1514 1029 vestram,
1527 1004 1642 1031 eamque
1657 997 1691 1025 ad
1702 1005 1745 1025 re-

953 1049 1014 1068 rum
1032 1041 1233 1068 mundanarum
1247 1041 1416 1068 desiderium
1431 1042 1540 1069 allicere
1556 1047 1638 1077 atque
1649 1042 1743 1070 detra-

953 1087 1036 1119 here;
1050 1086 1098 1114 sed
1111 1087 1194 1114 etiam
1210 1086 1328 1122 spoliare
1341 1087 1426 1121 gratia
1440 1087 1532 1114 divina
1546 1095 1578 1114 ac
1590 1087 1743 1119 denudare,

952 1135 1009 1162 imo
1023 1138 1050 1161 et
1065 1142 1114 1162 vos
1129 1135 1204 1169 ipsos
1216 1134 1374 1169 dispergere
1388 1134 1500 1161 omnino
1511 1142 1543 1161 ac
1554 1134 1687 1168 dissipare
1699 1142 1745 1161 co-

943 1185 1033 1210 ,natus
1043 1180 1080 1207 sit
1093 1184 1300 1207 :vcrumtamcn
1315 1179 1447 1206 confusus
1462 1179 1564 1214 ubique
1577 1183 1604 1206 et
1618 1180 1745 1214 repulsas

951 1230 1011 1259 est;
1027 1226 1097 1253 nihil
1111 1225 1186 1253 aliud
1201 1225 1340 1253 commodi
1357 1233 1390 1252 ex
1411 1230 1487 1252 tanto
1505 1232 1605 1253 conatu
1618 1231 1646 1253 et
1667 1226 1744 1253 rabie

952 1277 1062 1304 nactus,
1077 1279 1160 1306 quam
1178 1271 1253 1305 quod
1269 1275 1346 1298 tanto
1373 1271 1561 1306 perniciosior
1586 1273 1746 1307 apparuerit

951 1322 1054 1352 quanto
1069 1317 1197 1345 adhibuit
1212 1317 1275 1352 plus
1287 1321 1414 1345 conatus.
1432 1317 1512 1344 Nunc
1527 1317 1620 1352 igitur,
1637 1319 1745 1345 tametsi

950 1371 1006 1390 non
1026 1371 1122 1399 magna
1141 1371 1192 1391 nec
1214 1363 1278 1391 latis
1313 1363 1523 1398 circumscripta
1547 1364 1671 1391 terminis
1692 1364 1745 1399 ipsi

948 1407 1065 1436 facultas
1077 1409 1194 1436 nocendi
1207 1409 1270 1436 data
1281 1408 1327 1441 sit,
1343 1409 1435 1444 aliqua
1450 1415 1541 1436 tamen
1557 1417 1686 1437 concessa
1703 1415 1746 1437 est

949 1459 1046 1482 contra
1062 1462 1130 1488 nos;
1150 1462 1203 1482 nec
1218 1459 1324 1482 tantum
1339 1460 1436 1482 contra
1453 1455 1569 1488 tirones,
1584 1456 1643 1483 ~sed
1661 1456 1744 1483 etiam

948 1505 1044 1528 contra
1060 1501 1122 1529 illos
1141 1501 1188 1536 qui
1208 1500 1236 1527 in
1253 1501 1299 1528 via
1321 1501 1454 1538 virtutum
1481 1502 1603 1536 provecti
1625 1507 1705 1536 sunt;
1729 1510 1745 1530 a

948 1547 1053 1582 quibus
1069 1555 1169 1583 nempe
1181 1552 1210 1575 et
1223 1548 1333 1583 gravior
1355 1549 1434 1584 plaga
1452 1549 1546 1576 invido
1574 1549 1646 1576 hosti
1671 1548 1746 1576 inﬂi-

947 1594 1031 1628 gitur,
1050 1598 1078 1621 ct
1100 1599 1197 1621 contra
1218 1602 1289 1629 quos
1315 1594 1374 1629 ipse
1390 1595 1513 1623 vicissim
1540 1595 1642 1623 invidia
1667 1595 1756 1635 ardct‘

910 1640 933 1670 C
949 1640 1136 1667 manifestiore
1152 1649 1158 1667 :
1173 1640 1221 1668 sed
1238 1645 1278 1673 tu,
1295 1641 1420 1674 Domine,
1440 1647 1631 1677 propugnator
1650 1650 1738 1675 meus,

950 1688 1012 1711 tuos
1024 1692 1081 1711 non
1099 1685 1244 1712 destitues.

986 1731 1046 1757 138.
1067 1731 1172 1758 Deinde
1188 1736 1217 1758 et
1232 1739 1293 1766 quae
1303 1731 1410 1759 viderat
1425 1732 1570 1767 discipulis
1583 1734 1722 1761 enarravit
1735 1744 1741 1760 :

949 1775 1051 1803 vidisse
1066 1783 1165 1810 nempe
1181 1777 1284 1804 electos
1304 1777 1353 1804 Dei
1366 1778 1488 1813 angelos,
1505 1779 1539 1806 ad
1558 1784 1651 1814 portas
1668 1781 1742 1812 cmli,

949 1821 1035 1849 Deum
1051 1830 1131 1849 suum
1154 1823 1329 1855 adoraturos,
1347 1824 1477 1853 advolare
1494 1834 1500 1850 :
1520 1825 1621 1853 vidisse
1637 1831 1665 1854 et
1685 1827 1743 1854 dia-

949 1867 1042 1895 bolum
1067 1873 1152 1902 stare,
1187 1869 1314 1896 indutum
1338 1870 1507 1906 IELhiopem,
1537 1873 1741 1900 tenebricosum

949 1918 1047 1947 totum,
1065 1915 1135 1942 facie
1147 1915 1310 1948 deformem,
1334 1917 1486 1945 calumnias
1499 1918 1660 1953 spirantem,
1679 1927 1743 1947 san-

948 1959 1030 1993 guine
1050 1959 1128 1994 juxta
1142 1964 1171 1987 et
1192 1959 1255 1995 igne
1280 1961 1369 1988 oculis
1388 1961 1535 1994 suﬂ‘usum,
1560 1962 1629 1988 nulli
1653 1962 1741 1989 fulcro

948 2003 1065 2038 pedibus
1083 2003 1219 2037 innixum,
1232 2004 1281 2032 sed
1297 2005 1390 2032 medio
1403 2006 1486 2033 veluti
1505 2014 1569 2033 acre
1584 2007 1741 2034 consisten-

949 2053 1014 2081 tem,
1044 2049 1208 2076 horribilem
1230 2050 1407 2085 forarumquc
1432 2051 1460 2078 in
1483 2051 1594 2078 modunt
1617 2051 1740 2079 l'remcn.

949 2098 1020 2126 tem;
1036 2094 1084 2128 qui
1104 2102 1245 2122 converso
1269 2099 1365 2122 contra
1387 2103 1442 2126 mc,
1462 2096 1614 2131 inquiebat,
1639 2097 1739 2131 capite,

947 2147 1110 2174 responsum
1133 2140 1245 2175 aliquod
1261 2140 1492 2175 praestolabatur;
1508 2149 1603 2168 vocem
1618 2147 1709 2169 autem
1723 2151 1739 2169 a

947 2186 1063 2213 Domino
1076 2187 1208 2221 allapsam
1229 2193 1301 2219 esse,
1317 2186 1456 2214 dicentem
1472 2197 1478 2214 :
1495 2188 1612 2215 Percutc
1637 2195 1739 2223 pueros

946 2237 974 2260 et
988 2232 1167 2259 formosiores
1186 2240 1325 2268 quosque;
1350 2233 1426 2260 illum
1455 2241 1519 2261 vero
1543 2234 1665 2269 petiisse,
1684 2234 1737 2261 sibi

948 2281 978 2303 ut
994 2277 1090 2304 liceret
1107 2285 1122 2303 a
1140 2285 1195 2309 me,
1212 2277 1444 2312 quemadmodum
1459 2279 1524 2310 olim
1539 2287 1554 2306 a
1569 2284 1663 2307 sancto
1673 2280 1736 2310 Job.

105 2316 242 2350 αἰτοῦντα,
259 2318 305 2344 καὶ
317 2317 347 2344 τὺ
357 2318 497 2352 ἐνδόσιμον
513 2316 557 2346 οἶα
576 2319 758 2355 λαμϐάνοντα.
775 2322 867 2350 Ταῦτα
880 2323 895 2349 ὁ

950 2323 1092 2350 exordium
1108 2331 1235 2357 sumere;
1250 2324 1388 2359 simulque
1407 2325 1569 2353 vestimenta
1585 2326 1737 2361 apprehen-

105 2361 156 2396 μὲν
171 2363 226 2392 τοῖς
240 2362 363 2395 ἀδελ-σοῖς
380 2362 518 2397 ἐξηγεῖτο·
537 2365 551 2390 ὁ
571 2364 667 2400 ἐχθρὸς
683 2366 711 2392 δὲ
730 2367 780 2393 οὐκ
797 2367 894 2402 ἡμέλει

104 2407 214 2440 κακίας,
231 2407 288 2434 ἀλλ’
304 2408 393 2435 ἔπεισι
415 2409 476 2435 κατ’
492 2410 576 2436 αὐτοῦ
597 2412 708 2446 μεγάλῳ
728 2413 894 2448 βρυχήματι,

104 2454 153 2479 καὶ
176 2454 224 2486 τὴν
247 2454 412 2489 δερματίνην
438 2455 477 2487 ὡς
498 2454 553 2491 εἶχε
572 2457 699 2493 μηλωτὴν
723 2459 833 2491 ὑποδὺς,
851 2461 895 2487 ἵνα

104 2500 152 2526 καὶ
166 2500 353 2535 σφοδρότερον,
365 2502 402 2532 ὡς
412 2501 491 2536 ᾤετο,
507 2503 669 2539 περιτρέψῃ,
679 2504 778 2540 πάσχει
796 2506 896 2540 μᾶλλον

103 2547 118 2572 ὃ
130 2546 205 2586 δρᾷν-
220 2547 234 2572 ὀ
253 2547 366 2581 μάταιος
381 2547 490 2583 ἤλπισε,
504 2549 549 2574 καὶ
565 2548 682 2583 χαλεπὸν
695 2551 775 2582 αὐτὸς
791 2552 892 2587 πτῶμα

103 2592 288 2627 κατενεχθεὶς,
308 2593 395 2628 ᾤχετο
408 2594 542 2626 διαλυθεὶς
565 2596 610 2622 ῖσα
634 2597 739 2631 καπνῷ,
762 2598 891 2632 πώγωνος

103 2638 186 2672 ψαύει
205 2638 283 2673 μόνον
293 2640 343 2670 τὰς
360 2640 456 2675 τρίχας
471 2641 614 2676 περιελὼν,
630 2642 678 2669 καὶ
687 2644 788 2677 γυμνὸν
804 2646 891 2672 ἐκεῖνο

103 2684 135 2710 τὸ
151 2684 233 2719 μέρος
249 2685 315 2711 ὅπου
332 2685 433 2720 δηλαδὴ
447 2686 577 2720 ψαύσειεν
598 2689 784 2722 ἀπολελοιπώς
795 2700 802 2707 ·
826 2693 894 2720 ἀλλὰ

104 2730 243 2757 καὶτοῦτο
266 2732 368 2766 κόσμος
391 2732 479 2759 ἐδόκει
496 2733 534 2768 τῷ
557 2734 678 2770 Συμεὼν,
693 2734 779 2771 ἧτταν
793 2739 892 2774 ἀγεννῆ

102 2775 151 2804 τοῦ
167 2776 314 2803 ἀντιπάλου
332 2777 443 2813 μηνύον.

261 2910 397 2942 Parnm.
422 2915 479 2944 Gn.
505 2915 660 2947 LKXKY].

943 2367 1027 2396 disse.
1044 2369 1140 2397 Isthmo
1154 2374 1267 2398 sanctus
1283 2370 1396 2404 quidem
1420 2372 1550 2399 narrabat
1575 2372 1709 2410 lratribus
1727 2383 1732 2399 :

945 2415 1031 2442 hostis
1048 2423 1114 2443 vero
1135 2416 1240 2444 nullam
1256 2416 1448 2445 malefaciendi
1469 2419 1640 2446 occasionem
1665 2427 1735 2453 pne-

945 2462 1153 2490 termittendam
1171 2468 1258 2497 ratus,
1277 2471 1376 2499 magno
1393 2472 1456 2492 cum
1473 2464 1584 2492 fremitu
1608 2465 1635 2492 in
1656 2466 1734 2492 illum

945 2507 1037 2539 irruit,
1051 2508 1264 2544 pellieeamque,
1281 2514 1311 2536 ut
1331 2515 1450 2545 poterat,
1467 2511 1596 2538 ntclotcm
1617 2511 1732 2539 subiens

946 2561 1001 2588 quo
1010 2554 1213 2588 vehementius,
1225 2557 1262 2583 uti
1273 2557 1398 2591 putabat,
1409 2558 1499 2591 ipsum
1511 2563 1661 2590 everteret;
1676 2565 1735 2593 [κως

946 2607 993 2626 sus
1010 2600 1102 2634 potius
1124 2601 1151 2628 id
1165 2601 1254 2636 ipsum
1268 2602 1352 2629 miser
1364 2608 1416 2635 est,
1435 2603 1508 2637 quod
1524 2604 1626 2631 inferre
1641 2611 1734 2639 spera-

946 2645 1009 2677 bat;
1026 2646 1205 2682 deiectusque
1218 2648 1294 2683 gravi
1310 2656 1376 2676 casu
1400 2649 1479 2681 abiit,
1492 2650 1568 2684 quasi
1584 2650 1611 2677 in
1626 2650 1733 2678 funium

945 2691 1084 2719 resolutus
1098 2700 1104 2718 :
1122 2692 1282 2727 evulsisque
1298 2697 1402 2720 tantum
1418 2694 1561 2728 prehensa:
1576 2695 1667 2722 barbae
1681 2696 1734 2723 cri—

942 2735 1202 2769 ttibus,membrum
1219 2738 1286 2765 illud
1301 2739 1375 2773 quod
1397 2739 1522 2774 tetigerat
1541 2739 1645 2766 nudutn
1670 2740 1733 2767 reli-

942 2782 1014 2815 quit.
1028 2782 1081 2809 Sed
1100 2788 1128 2811 ct
1152 2783 1206 2811 hoc
1219 2792 1328 2812 summo
1347 2776 1399 2812 sibi
1423 2789 1586 2813 ornamento
1605 2791 1732 2813 vertebat

943 2826 1071 2861 Symeon,
1111 2833 1205 2863 utpote
1234 2830 1403 2864 patefaciens
1428 2831 1531 2858 annulo
1570 2834 1731 2859 tndecornm

943 2871 1095 2901 adversarii
1116 2875 1284 2903 conﬂictum.

1487 2925 1523 2955 98
