1966 3068
130 107 197 141 3121

625 114 714 143 VITA
733 115 757 143 A
776 115 998 145 NICEPHORO
1017 115 1259 146 CGNSCRKPTA.

1688 98 1770 142 διὲξ

131 167 221 200 υήναι,
236 166 286 202 τὴν
295 166 324 193 δὲ
339 167 505 202 δερματίνην
518 167 564 194 τοῦ
587 169 683 195 στύλον
702 169 808 205 σκέπην
837 171 909 206 ἀροῆ

977 171 1127 205 pclliceum
1143 172 1277 198 columnre
1293 175 1395 199 tectum
1420 172 1541 199 amoveri
1555 180 1561 204 ;
1579 177 1635 199 tum
1663 173 1768 201 inlimis

130 220 173 238 ναι
186 211 330 244 κελεύσας,
345 213 378 239 τὰ
396 213 537 248 σπλάγχνα
552 222 581 240 τε
595 214 689 246 δεινῶς
701 215 748 241 ἐπὶ
771 216 811 250 τῷ
827 217 922 251 κειμέ-

131 266 169 291 νῳ
185 257 280 284 παθὼν
300 258 430 293 ὀδυνηρόν
446 268 473 285 τε
489 259 549 285 λίαν
563 260 702 294 δακρύσας
720 262 767 288 καὶ
784 262 922 289 ἀνακλαύ-

129 311 188 334 σας,
215 303 316 337 γόνατά
343 312 372 330 τε
393 304 455 335 δοὺς
471 305 564 339 ἐδάφει
589 306 637 332 καὶ
662 306 740 340 ὂψεις
761 327 768 338 ,
799 308 922 334 Δέσποτα

130 349 331 384 παντοκράτορ,
347 348 435 380 εἶπεν,
453 351 466 376 6
480 352 598 384 ποιήσας
611 351 658 377 τὸν
676 352 792 386 οὐρανὸν
805 353 851 378 καὶ
869 354 922 388 πή-

128 393 176 424 ξας
192 394 283 425 αὑτὸν,
300 395 313 421 6
344 395 499 430 στερεώσας
510 396 559 430 τὴν
569 398 620 431 γῆν
639 398 685 424 καὶ
712 398 745 424 τὰ
763 398 792 424 ἐν
809 399 888 434 αὐτῇ,
907 399 921 425 6

126 439 216 470 διδοὺς
233 440 317 475 πνοὴν
331 441 369 476 τῷ
383 441 439 476 λαῷ
453 442 492 477 τῷ
512 443 554 468 ἐπ’
570 443 655 478 αὐτῆς
672 444 717 470 καὶ
736 444 845 480 πνεῦμα
865 447 921 477 τοῖς

127 486 258 517 πατοῦσιν
272 488 368 522 αὐτὴν.
383 490 397 515 6
411 490 570 524 ὲκστρέφων
589 491 629 522 είς
645 491 717 525 πρωῒ
740 492 820 518 σκιὰν
838 492 922 520 Davi-

125 541 173 558 του
199 533 246 559 καὶ
275 534 382 568 ἡμέραν
401 536 441 566 εἰς
468 535 553 563 νύκτα
592 537 742 570 σκοτάξων,
761 539 776 564 ὁ
796 539 921 566 Θανατῶν

125 579 173 605 καὶ
203 578 355 613 ζωογονῶν,
371 581 384 606 6
412 581 453 612 είς
482 581 545 617 ᾅδου
579 583 711 616 κατάγων
728 585 775 610 καὶ
798 585 919 619 ἀνάγων.

128 625 246 651 πνεῦσον
275 626 321 652 ἐπὶ
346 627 377 652 τὸ
403 627 500 662 νεκρὸν
518 628 598 662 σῶμα
622 629 703 656 τοῦτο
725 631 773 657 τοῦ
787 631 919 663 ζωοποιοῦ

125 671 284 706 ῐινεὺματός
309 681 367 702 σου,
385 673 431 699 καὶ
452 673 673 709 ἀποκαταστήτω
697 676 771 711 αὐτῷ
797 677 813 711 ή
846 677 919 713 ψυχὴ

125 717 220 748 αὑτοῦ,
238 717 309 744 ὥστε
327 718 442 754 λαλῆσαι
459 720 521 751 τοὺς
536 721 611 752 υἱοὺς
624 721 680 747 τῶν
705 722 856 757 ἀνθρώπων
871 724 920 759 τὴν

125 762 286 789 δυναστείαν
302 772 359 796 σου,
378 766 424 790 καὶ
444 765 493 800 τὴν
509 765 587 798 δόξαν
604 767 654 800 τῆς
678 768 918 804 μεγαλοπρεπείας

124 808 174 842 τῆς
191 808 331 842 βασιλείας
359 818 417 836 σου.
435 810 527 837 Ταῦτα
556 812 777 847 προσευξάμενος
796 815 842 841 καὶ
860 815 918 842 δια-

123 854 235 885 ναστὰς,
249 855 355 889 μεγάλῃ
369 855 406 886 ὡς
423 853 507 891 εἶχεν,
529 857 614 883 ’Δῆϐᾶ
633 858 737 891 Κόνων,
759 859 870 895 ἐϐόησε,
882 863 914 898 τῇ

123 901 210 934 φωνῇ.
232 899 261 926 ⁷0
273 900 301 926 δὲ
327 899 361 935 ἦν
390 901 504 936 ἄψυχος,
522 903 601 936 σῶμα
626 904 780 940 αἰσθήσεώς
811 915 842 933 τε
869 908 916 934 καὶ

124 947 208 980 πνοῆς
224 946 337 980 ἔρημον,
350 947 439 975 Τοῦδὲ
452 950 484 982 τῆ
503 949 537 982 γῇ
564 949 644 976 πάλιν
668 951 764 977 ἑαυτὸν
784 952 830 978 τοῦ
862 954 915 980 Συ-

122 992 197 1026 μεὼν
225 994 381 1026 δεδωκότος,
395 996 428 1021 τὰ
455 996 527 1023 αὺτά
557 1006 586 1023 τε
620 999 852 1035 προσευξαμένου,
868 1002 916 1028 καὶ

122 1039 300 1074 παραπλησίᾳ
311 1042 385 1076 φωνῇ
399 1041 478 1068 πάλιν
489 1043 534 1069 τὸν
547 1043 673 1079 μαθητὴν
683 1045 849 1079 καλέσαντος
875 1049 915 1076 ἔτι

120 1084 217 1119 νεκρὸς
223 1086 343 1120 ἀκριϐῶς
352 1088 365 1113 ὁ
373 1088 469 1123 νεκρὸς
481 1087 524 1124 ἧν.
544 1089 646 1117 Γόνατα
654 1091 701 1116 καὶ
709 1093 828 1130 κεφαλὴν
838 1093 916 1129 αὖθις

121 1130 266 1165 κολληῡεὶς
288 1132 326 1167 τῷ
350 1134 454 1168 ἐδάιρει,
479 1136 679 1173 συντονώτερον
709 1148 740 1166 τε
772 1140 819 1167 τοῦ
846 1142 914 1169 Θεοῦ

120 1175 237 1210 δεηθεὶς,
259 1179 353 1205 ἔπειτα
371 1180 462 1214 μέντοι
484 1183 600 1217 καρδίαν
619 1184 677 1217 ἃμα
693 1187 739 1212 καὶ
755 1187 914 1223 ὀφθαλμοὺς

120 1223 161 1253 εἰς
176 1224 307 1257 οὐρανοὺς
326 1226 481 1258 ἀνατείνας.
499 1229 593 1263 φωνήν
616 1239 644 1256 τε
661 1231 779 1268 δάκρυσι
802 1234 914 1270 θερμοῖς

120 1271 327 1306 κεκερασμένην
343 1273 432 1306 ἀφεὶς,
443 1274 475 1299 Ὶί
491 1274 537 1300 τοῦ
554 1275 621 1302 Θεοῦ
634 1278 738 1313 μήτηρ,
752 1280 768 1314 ἡ
783 1280 914 1319 Δέσποινα

121 1313 230 1341 πάντων
255 1317 302 1342 καὶ
323 1317 453 1349 Θεοτόκος
469 1320 484 1354 ἡ
503 1321 551 1355 τῆς
566 1321 645 1356 ἡμῶν
669 1323 852 1357 ἀναπλάσεως
868 1313 914 1353 καὶ

119 1361 258 1394 σωτηρίας
284 1364 389 1395 μεσῖτις
405 1384 412 1395 ,
431 1365 483 1398 ἔφη
503 1373 510 1380 ⁸
524 1367 538 1392 ὀ
561 1367 714 1402 πρόδρομος
737 1370 784 1396 τοῦ
807 1371 915 1406 Ἐμμα-

117 1406 208 1441 vovi}.
221 1408 234 1433 6
246 1409 291 1433 καὶ
306 1409 387 1434 αὑτὸν
405 1411 585 1443 καταξιωοεὶς
598 1412 729 1446 βαπτίσαι
743 1416 788 1442 τὸν
803 1416 915 1452 αἴροντα

116 1451 167 1486 τὴν
182 1453 318 1487 ἀμαρτίκν
330 1455 375 1480 τοῦ
386 1455 500 1491 κόσμου,
516 1457 530 1483 ὁ
547 1459 578 1493 τῇ
594 1459 678 1494 μητρί
692 1469 725 1495 με
741 1462 788 1489 καὶ
800 1451 852 1497 πρὸ
868 1472 916 1498 γε-

116 1497 480 1535 visam;cbzyyzlzciuevog-
492 1503 645 1539 Χερουϐὶμ,
659 1506 793 1543 Σεραφὶμ,
804 1509 909 1544 Θρόνοι,

116 1543 296 1579 κυριότητες.
315 1546 421 1581 Ἀρχαὶ,
446 1548 593 1581 Ἐξουσίαι,
626 1551 747 1587 Μιχαὴλ,
776 1553 907 1590 Γαϐριὴλ,

115 1589 184 1615 ἀλλὰ
198 1591 244 1616 καὶ
259 1591 358 1624 πάντες
370 1593 425 1619 ὅσοι
441 1594 494 1621 τῶν
527 1596 681 1630 ἀγγελικῶν
704 1599 817 1626 ἐκείνων
831 1601 909 1629 δυνά-

118 1644 203 1669 μεων,
218 1636 299 1667 ἄλλος
312 1637 395 1672 ἄλλης
423 1642 554 1674 στρατιᾶς
583 1644 748 1678 προηγεῖσθε
763 1653 770 1660 ·
795 1645 910 1672 ἀπόστο-

114 1680 157 1706 λοι
183 1681 270 1711 θεῖοι,
297 1685 450 1717 προφῆται,
499 1686 648 1720 μάρτυρες,
679 1690 778 1724 ἱερεῖς,
804 1691 829 1716 οἱ
860 1691 909 1726 τὴν

116 1726 288 1760 ἀδαπὰνητον
319 1729 458 1760 μυστικῶς
486 1731 581 1757 Θυσίαν
598 1733 667 1768 ὑπὲρ
689 1733 783 1769 ψυχῶν
798 1735 909 1763 δικαίων

116 1772 328 1806 προσφέροντες,

925 1516 946 1543 C

346 1774 495 1809 σεσίγηκεν
514 1777 580 1810 ὑμῖν
597 1779 672 1805 πᾶσα
688 1779 735 1805 νῦν
753 1781 825 1816 ὑπὲρ
841 1783 909 1816 ἐμοῦ

115 1816 185 1850 πρὸς
214 1818 280 1842 (ιὶεὺν
310 1819 463 1854 παρρησία,
480 1822 644 1858 ἐπιλέλησθε
662 1824 708 1850 τοῦ
734 1825 778 1852 διὰ
808 1828 909 1859 παντὸς

114 1863 188 1895 ὑμᾶς
201 1865 315 1897 μεσίτας
329 1866 548 1900 προϐαλλομένου
564 1876 570 1882 “
589 1870 677 1896 κεῖται
691 1870 755 1906 γὰρ,
768 1871 804 1903 ὡς
816 1873 908 1908 ὁρᾶτε,

112 1906 210 1940 οὗτος,
238 1911 284 1936 καὶ
309 1912 422 1946 οὐδεμία
445 1914 509 1947 παρ’
538 1914 614 1948 ὑμῶν
641 1917 790 1951 πρεσϐεία,
821 1920 909 1952 οὐδεὶς

112 1955 167 1982 τὸν
184 1957 258 1991 ἐμῶν
270 1958 318 1992 τῆς
347 1959 459 1992 καρδίας
472 1959 573 1986 ὀδυνῶν
595 1961 686 1992 ἕλεος.
704 1961 795 1990 Ἦπιυ
815 1964 908 1992 διακε-

112 2002 162 2036 νῆς
182 2003 245 2036 παρ’
261 2003 325 2038 ὅλην
342 2006 355 2030 6
369 2005 448 2036 πόνος
464 2006 525 2040 ἐμοὶ
548 2007 598 2042 τὴν
614 2007 702 2043 ζωήνς
720 2009 750 2036 Εἰ
771 2012 820 2038 οὐκ
841 2012 908 2038 ἀνα-

113 2050 253 2083 στήσεται,
272 2051 356 2082 δντως
379 2052 429 2077 οὐκ
445 2052 619 2087 εὐηρέστησα
635 2054 673 2089 τῷ
690 2055 750 2090 Θεῴ
775 2065 838 2091 μου,
861 2058 907 2084 οὑ-

110 2094 139 2120 δὲ
153 2097 296 2122 κοινωνίαν
311 2098 445 2131 οὐμενοῦν
459 2097 537 2133 εὖρον
553 2101 682 2135 οὐδεμίαν
698 2103 728 2128 ἐν
744 2102 818 2138 ὑμῖν,
837 2104 861 2130 εἰ
877 2106 906 2131 οὐ

112 2139 237 2173 ζήσεται.
262 2142 290 2168 '0
303 2143 332 2167 ὲν
359 2143 472 2178 ὑψηλοῖς
495 2146 643 2180 κατοικῶν,
657 2148 703 2174 καὶ
727 2148 761 2174 τὶ
789 2150 907 2176 ταπεινὰ

114 2187 231 2221 ἐφορῶν,
248 2189 262 2213 ὁ
283 2189 311 2213 ὲν
326 2189 399 2225 δεξιᾷ
418 2191 467 2225 τῆς
484 2193 680 2228 μεγαλωσύνης
705 2195 859 2230 καθήμενος
874 2197 903 2222 ἐν
920 2196 942 2223 D

109 2233 167 2262 τοῖς
181 2233 316 2267 οὐρανοῖς,
331 2235 506 2271 ὲπίστρεψον,
525 2238 622 2274 Κύριε,
641 2241 673 2266 ἐκ
700 2241 747 2267 τοῦ
774 2242 900 2277 οὐρανοῦ,

109 2277 157 2303 καὶ
173 2277 209 2303 ἴδε
228 2280 259 2304 ἐκ
278 2279 322 2304 τοῦ
347 2282 421 2307 οἴκου
436 2282 481 2309 τοῦ
503 2284 582 2317 ἁγίου
607 2294 654 2312 σου
670 2287 717 2312 καὶ
730 2287 809 2322 δόξης
826 2297 833 2303 ·
850 2289 901 2316 ποῦ

108 2324 183 2349 ἐστιν
198 2325 211 2350 6
228 2323 307 2360 ζῆλος
323 2334 368 2352 σου
380 2328 428 2353 καὶ
445 2328 461 2363 ή
476 2329 554 2363 ίσχύς
567 2339 631 2363 σους
647 2331 697 2358 ποῦ
712 2333 769 2359 ἐστι
787 2334 817 2360 τὸ
835 2334 902 2370 πλῆ-

110 2369 156 2399 Co;
170 2369 216 2395 τοῦ
235 2370 310 2397 ἐλέου
325 2380 371 2399 σου
387 2374 434 2399 καὶ
449 2373 503 2400 τῶν
517 2376 667 2412 οἰκτιρμῶν
683 2387 730 2405 σου
743 2388 753 2412 ;

147 2418 224 2450 ρμς¹.
242 2416 335 2442 Ταῦτα
356 2418 403 2444 τοῦ
436 2419 513 2453 ἁγίου
537 2424 765 2458 προσευχομένου,
787 2426 816 2452 οὐ
836 2435 900 2453 κατ-

110 2461 208 2495 ηφείας
223 2462 301 2496 μόνον
312 2464 336 2489 οἱ
353 2465 486 2499 παρόντες
501 2467 668 2503 ἐπληροῦντο
681 2472 726 2496 καὶ
734 2471 820 2505 δέους,
832 2473 900 2499 ἀλλὰ

109 2507 283 2542 συμπάσχειν
295 2509 369 2544 αὐτῷ
388 2511 487 2546 μικροῦ
499 2513 546 2538 καὶ
566 2515 599 2540 τὰ
618 2517 737 2551 στοιχεῖα
749 2518 847 2550 ἐδόκει,
858 2520 900 2546 δι-

108 2554 190 2585 καίας
216 2554 287 2582 οὕτω
312 2556 403 2592 ψυχῆς
427 2558 492 2594 βοὴν
507 2559 717 2596 δ·.)σ‹οπούμενα’
736 2565 786 2598 τὴν
806 2566 897 2600 μέντοι

109 2601 248 2634 μακαρίαν
263 2603 378 2637 Μάρθαν
395 2604 442 2630 καὶ
457 2605 558 2640 φρίκης
571 2615 596 2632 τι
614 2608 788 2643 ὺπεληλύοεν
803 2611 853 2647 ἤδη
870 2613 898 2639 δὲ

107 2646 153 2671 καὶ
179 2646 230 2679 ἔξω
257 2648 357 2684 ἑαυτῆς
385 2650 493 2685 ἐνόμιζε
521 2653 695 2688 γεγενῆσθαι,
719 2655 771 2687 ἓως
795 2658 898 2684 ἄνωθεν

105 2691 227 2725 κρυφίως
246 2693 440 2729 ὲπιδημήσασα
456 2697 534 2731 χάρις
546 2699 586 2729 εἰς
601 2698 700 2734 ἑαυτὴν
712 2700 896 2736 ἐπανήγαγεν.

112 2735 183 2762 Ἀλλ’
197 2737 226 2763 οὑ
241 2737 295 2773 γὰρ
311 2739 406 2773 ἔμελλε
421 2741 487 2773 Θεὸς
500 2742 586 2779 ταύτῃ
602 2743 649 2770 τοῦ
662 2745 767 2772 δικαίου
782 2735 898 2782 κάμνον-

104 2791 151 2812 τος
168 2783 214 2809 tu).
235 2784 315 2811 πλέον
339 2786 488 2822 ὐπερορᾷν,
504 2789 572 2815 ἀλλὰ
585 2789 660 2822 οείας
673 2793 686 2817 6
702 2791 813 2826 Συμεὼν
836 2794 896 2820 ἐπι-

106 2829 210 2864 σκοπῆς
228 2830 274 2857 καὶ
291 2834 478 2870 προσαγούσης
494 2836 543 2871 ἤδη
557 2837 754 2873 παρακλήσεως
766 2839 895 2866 ὑπαιοϐό-

974 217 1130 244 visceribus
1147 218 1377 252 superjacentem
1391 223 1555 250 commotus,
1587 218 1768 254 dolenterque

973 262 1122 290 admodum
1138 263 1206 290 ﬂens
1224 268 1307 298 atque
1332 264 1527 298 ingemiscens,
1557 265 1704 299 prostratis
1721 273 1767 299 ge-

973 308 1055 335 nibus
1071 317 1103 336 ac
1119 309 1188 336 facie
1204 309 1230 336 in
1244 313 1363 337 terram:
1383 310 1510 342 Domine,
1523 310 1621 345 inquit,
1640 310 1767 345 omnipo-
1801 329 1805 333 .

974 358 1046 385 lens,
1060 355 1107 389 qui
1123 355 1212 381 fecisti
1238 355 1338 382 malum
1365 360 1392 382 et
1422 356 1583 391 compegisti
1609 357 1691 389 illud;
1717 357 1765 391 qui

973 399 1087 426 ﬁrmasti
1104 404 1206 427 terram
1223 405 1250 427 et
1264 409 1324 435 qum
1338 401 1364 427 in
1380 409 1410 427 ea
1420 407 1502 434 sunt;
1520 402 1565 436 qui
1578 402 1762 437 dasspiritum

972 447 1076 481 populo
1090 450 1192 473 terratn
1210 447 1342 474 incolenti
1369 451 1397 474 et
1424 448 1561 482 calcanti;
1592 450 1639 483 qui
1668 450 1765 477 mortis

973 490 1099 517 umbram
1117 491 1204 518 vertis
1217 492 1242 518 iu
1256 492 1358 524 lucem,
1375 497 1402 519 et
1419 493 1492 520 diem
1511 494 1536 520 in
1555 499 1664 521 noctem
1686 499 1763 522 tene-

973 539 1165 574 brosam;qui
1182 540 1288 567 occidis
1300 544 1329 566 et
1358 540 1499 574 \‘iviiicas;
1527 542 1574 576 qui
1602 542 1635 569 ad
1660 542 1764 570 inferos

972 585 1087 612 deducis
1099 590 1127 612 et.
1140 586 1267 618 reducis;
1288 585 1361 620 spira
1381 593 1463 620 super
1478 587 1530 614 hoe
1548 588 1667 614 cadaver
1679 589 1763 623 spiri-

974 636 1030 658 tum
1043 635 1121 658 tuum
1138 632 1290 665 vivificum,
1304 636 1332 659 ct
1351 632 1514 659 restituatur
1527 633 1566 660 illi
1590 634 1679 660 anima
1703 643 1762 666 sua,

971 682 1002 705 ut
1028 678 1077 704 lilii
1104 679 1248 706 hominum
1285 678 1429 705 celebrent
1455 680 1606 714 potentiam
1634 685 1707 707 tuam
1733 685 1761 707 et

971 724 1085 758 gloriam
1100 724 1250 759 majestatis
1265 724 1343 758 regni
1360 725 1410 751 tui.
1427 725 1466 752 Ita
1481 729 1610 760 precatus
1627 727 1759 759 surrexit,

970 775 1128 805 quantaque
1155 764 1245 804 potuit
1272 771 1391 798 maxima
1422 779 1490 798 voce
1515 772 1654 804 clamavit,
1683 773 1759 800 Abba

970 815 1076 843 Conon.
1090 816 1114 843 is
1125 820 1218 843 autem
1242 823 1310 843 voce
1336 817 1448 844 carebat
1473 817 1639 852 animaque,’
1662 827 1763 854 corpus

970 870 1053 889 sensu
1070 870 1101 889 ac
1118 862 1218 896 spiritu
1233 862 1410 890 destitutum.
1424 864 1491 891 Cum
1521 872 1588 891 vero
1608 873 1638 892 se
1666 873 1763 893 rursus

968 908 1048 934 humi
1076 908 1251 943 projecisset,
1280 908 1434 944 cadentque
1462 911 1599 944 precando
1623 911 1761 943 iterasset,

968 962 1000 981 ac
1028 955 1086 989 pari
1123 963 1190 982 voce
1231 955 1397 990 discipulum
1421 963 1547 985 vocasset
1574 958 1762 992 nequidquam

969 1000 1105 1035 (mortuus
1125 1001 1198 1028 enim
1224 1006 1255 1028 ut
1281 1007 1349 1032 erat,
1381 1011 1446 1030 \‘ere
1469 1004 1597 1030 manebat
1613 1008 1762 1039 mortuus),

967 1046 1085 1080 genibus
1109 1054 1141 1073 ae
1157 1040 1246 1080 capite
1264 1047 1344 1074 tertio
1364 1048 1459 1075 atiixus
1476 1053 1565 1080 terrm,
1595 1050 1762 1077 eoutentiot-i

967 1091 1097 1118 oratione
1108 1092 1154 1118 Dei
1175 1100 1255 1127 opem
1275 1093 1445 1128 imploravit.
1464 1095 1563 1122 Postea
1595 1104 1659 1122 vero
1676 1096 1761 1122 corde

964 1137 1111 1172 oculisque
1125 1137 1152 1164 in
1167 1138 1267 1165 coelum
1282 1140 1396 1172 erectis,
1429 1148 1524 1168 vocem
1549 1141 1678 1177 lacrymis
1700 1143 1757 1169 fer-

966 1183 1098 1209 ventibus
1119 1183 1230 1210 mistam
1258 1183 1415 1218 bujusmodi
1439 1185 1549 1212 emisit:
1576 1187 1664 1214 Mater
1692 1188 1758 1219 Dei,

966 1228 1082 1255 Domina
1097 1229 1221 1255 omnium
1236 1237 1268 1256 ac
1280 1230 1407 1264 Deipara,
1426 1232 1573 1259 mediatrix
1603 1234 1757 1268 reparatio-

966 1274 1008 1301 nis
1025 1282 1064 1301 ae
1073 1275 1170 1301 salutis
1184 1279 1285 1302 nostra)
1298 1284 1305 1302 :
1326 1277 1483 1304 Praccursor
1498 1278 1695 1313 Emmanueiis,
1713 1282 1760 1316 qui

966 1320 1050 1346 etiam
1064 1320 1164 1354 dignus
1179 1321 1256 1348 fuisti
1275 1321 1417 1356 baptizare
1427 1323 1504 1350 illum
1523 1325 1570 1359 qui
1598 1326 1669 1352 tollit
1691 1335 1756 1361 pce-

967 1370 1026 1392 cata
1042 1366 1148 1398 mundi,
1177 1367 1282 1402 quique
1303 1372 1450 1403 antequam
1482 1375 1564 1398 natus
1585 1379 1645 1397 sum
1676 1374 1756 1400 tnalri

967 1419 1034 1438 mea:
1044 1419 1087 1439 me
1100 1413 1268 1440 auuuutiasti
1281 1422 1286 1439 :
1299 1413 1460 1447 Cberubim,
1475 1415 1630 1451 Seraphim,
1642 1418 1758 1450 Throni,

967 1458 1185 1489 nominationes,
1201 1459 1387 1494 Principatus,
1403 1461 1536 1493 Virtutes.
1565 1463 1692 1497 Michael,
1704 1465 1759 1492 Ga-

966 1504 1047 1538 briel,
1059 1509 1088 1531 et
1105 1509 1241 1539 quotquot
1253 1510 1387 1540 prmterea
1405 1508 1472 1535 estis
1490 1509 1606 1544 angelici
1626 1511 1754 1545 spiritus.

962 1550 1008 1576 alii
1040 1550 1102 1577 aliis
1128 1551 1299 1579 exercitibus
1337 1553 1478 1587 prmfecti:
1502 1554 1589 1582 divini
1618 1557 1758 1590 apostoli,

960 1595 1114 1630 prophetae,
1142 1601 1291 1632 martyres.
1318 1598 1487 1631 sacerdotes,
1501 1600 1546 1634 qui
1562 1600 1756 1628 inexhaustum

962 1640 1128 1667 sacrificium
1156 1649 1206 1675 pro
1229 1642 1482 1678 animabns'juslis
1499 1646 1612 1680 mystice
1634 1646 1751 1675 offertis.

959 1685 1015 1719 jam
1040 1685 1131 1711 omnis
1153 1690 1243 1712 vestra
1260 1686 1288 1713 in
1315 1687 1400 1713 Deum
1420 1687 1519 1715 fiducia
1538 1697 1588 1724 pro
1610 1698 1654 1717 me
1678 1692 1752 1725 loqui

960 1730 1066 1758 destitit
1097 1739 1129 1757 ac
1145 1736 1219 1758 mula
1243 1737 1302 1764 est;
1336 1733 1416 1760 obliti
1441 1734 1508 1761 estis
1537 1736 1600 1769 mei,
1625 1737 1672 1771 qui
1704 1745 1754 1765 vos

961 1784 1071 1811 semper
1087 1777 1257 1805 mediatores
1270 1778 1384 1806 adhibui
1399 1789 1405 1806 ε
1421 1781 1496 1815 jacet
1517 1782 1630 1817 quippe,
1647 1788 1677 1810 ut
1693 1793 1753 1811 crr-

961 1822 1036 1853 nitis.
1054 1823 1099 1850 hic
1113 1823 1267 1858 discipulus
1279 1833 1375 1858 meus;
1394 1833 1421 1854 et
1434 1828 1510 1855 nulla
1531 1837 1545 1855 a
1564 1829 1642 1857 vobis
1669 1831 1754 1858 inter-

961 1868 1060 1900 Cessio.
1075 1869 1150 1896 nttlla
1165 1869 1293 1897 dolorum
1309 1880 1433 1899 meorum
1459 1875 1665 1903 commiseratio
1691 1885 1755 1911 pre-

961 1914 1045 1941 cedit.
1072 1914 1112 1942 An
1140 1923 1205 1950 ergo
1236 1917 1339 1944 frustra
1375 1919 1466 1947 omnis
1491 1928 1540 1955 per
1568 1925 1652 1949 totam
1668 1923 1751 1950 vitam

960 1961 1115 1989 exantlatus
1144 1962 1246 1989 labor?
1267 1963 1295 1990 Si
1312 1964 1357 1991 hic
1373 1973 1427 1992 nou
1445 1972 1581 2002 resurgat,
1609 1976 1673 1995 vero
1696 1978 1752 1996 nun

961 2007 1052 2042 placui
1082 2008 1138 2035 Deo
1168 2017 1245 2042 meo;
1277 2018 1368 2045 neque
1397 2014 1620 2041 communiouctn
1658 2015 1750 2043 iuveni

960 2053 1043 2080 ullam
1062 2054 1088 2080 in
1107 2055 1196 2087 vobis,
1215 2056 1237 2082 si
1265 2065 1318 2083 non
1345 2058 1504 2086 reviviscat.
1521 2059 1561 2086 Tu
1580 2061 1626 2095 qui
1644 2061 1671 2088 in
1688 2063 1752 2089 altis

960 2100 1069 2127 habitas
1084 2106 1112 2128 et
1123 2101 1237 2128 humilia
1252 2103 1378 2137 respicis,
1394 2105 1441 2138 qui
1467 2105 1500 2132 ad
1532 2105 1672 2134 dexteram
1691 2117 1750 2134 ma-

956 2146 1065 2181 jeslatis
1082 2147 1162 2174 sedes
1186 2149 1213 2175 in
1235 2149 1324 2179 cmlis.
1342 2156 1484 2184 converte,
1503 2160 1606 2186 quaso,
1621 2154 1747 2184 Domine.

960 2192 1034 2225 inde,
1051 2198 1079 2220 et
1093 2193 1199 2229 respice
1217 2202 1232 2221 e
1249 2195 1332 2222 domo
1342 2201 1435 2224 saneta
1447 2198 1541 2232 gloria:
1560 2203 1622 2227 tum.
1640 2200 1691 2228 Ubi
1705 2206 1748 2228 est

957 2238 1033 2265 zelus
1049 2242 1113 2266 tuus
1127 2247 1158 2266 ac
1174 2240 1264 2267 virtus
1280 2241 1347 2268 tua?
1361 2242 1407 2269 ubi
1426 2248 1468 2271 est
1485 2245 1634 2272 multitudo
1662 2247 1746 2274 mise-

953 2283 1083 2311 ricordia:
1099 2289 1152 2312 tua:
1172 2289 1200 2312 et
1213 2287 1420 2314 tniserationum
1440 2291 1569 2317 tuarum?

990 2426 1049 2454 HG.
1070 2426 1098 2453 In
1125 2427 1196 2454 hunc
1227 2429 1337 2456 modum
1365 2435 1463 2458 orante
1488 2437 1593 2464 sancto,
1627 2441 1743 2460 interere

953 2472 1105 2507 timoreque
1127 2474 1231 2508 impleti
1265 2480 1328 2503 sunt
1344 2484 1397 2503 non
1415 2478 1496 2504 modo
1520 2483 1677 2513 pra‘scntes,
1696 2487 1743 2506 ve-
1787 2500 1790 2504 λ

952 2526 1012 2545 rum
1038 2519 1096 2553 ipsa
1114 2527 1224 2554 quoque
1248 2521 1385 2549 elementa
1407 2522 1647 2551 commiseratione
1669 2526 1740 2559 tangi

950 2563 1127 2597 videbantur,
1154 2569 1248 2600 utpote
1279 2571 1332 2593 tam
1354 2567 1435 2602 jusue
1460 2568 1559 2595 anima:
1592 2569 1740 2597 clamorem

949 2609 1065 2637 ulterius
1080 2619 1134 2637 non
1150 2611 1264 2638 ferentia
1276 2621 1282 2638 :
1293 2617 1366 2639 certe
1377 2613 1483 2640 beatam
1498 2614 1630 2642 Martbam
1643 2615 1741 2643 horror

949 2655 1061 2690 quidam
1077 2656 1191 2686 subivit,
1204 2665 1259 2692 quo
1270 2665 1285 2684 a
1300 2658 1428 2685 sensibus
1439 2659 1557 2686 abivisse
1573 2668 1603 2688 se
1616 2661 1740 2695 putabat,

949 2701 1039 2730 donee
1053 2711 1174 2738 superna
1197 2705 1244 2731 Dei
1260 2705 1347 2739 gratia
1363 2708 1470 2732 occulte
1487 2707 1686 2741 superveniens
1699 2707 1741 2742 ip—

948 2755 1004 2775 sam
1021 2748 1055 2775 ad
1077 2757 1106 2776 se
1127 2750 1245 2777 reduxit.
1264 2751 1509 2780 Verumenimvero
1538 2761 1593 2780 non
1622 2753 1742 2788 amplius

948 2795 1000 2822 hoc
1023 2796 1105 2823 modo
1123 2797 1304 2832 despecturus
1319 2804 1378 2826 erat
1395 2799 1467 2826 Deus
1481 2800 1586 2835 justum
1610 2799 1738 2827 laboran-

941 2845 1002 2868 tem
1023 2850 1027 2867 :
1045 2842 1167 2870 sentiens
1190 2843 1280 2878 itaque
1295 2844 1416 2872 divinant
1441 2846 1623 2874 visitationem
1648 2847 1731 2874 νάιος
