1966 3068
235 120 306 152 3135

853 118 883 145 S.
903 115 1092 145 SYMEONIS
1110 114 1291 145 JUNlOBlS

1799 110 1868 143 3136

236 177 294 205 dita
309 179 374 203 sunt
398 174 569 202 intuentibus
596 179 625 200 et
648 173 860 208 penetrantibus
888 173 1013 203 occulta;

1080 170 1141 204 ιῠτῷ
1150 169 1250 199 θεατοὶ,
1260 168 1307 194 καὶ
1317 167 1371 194 τῶν
1383 167 1547 202 ἀπορρήτων
1559 165 1738 201 ὲρμηνευταὶ,
1749 166 1865 202 Ἕλληνα

234 229 462 258 cognoscensque
488 221 620 255 gentilem
647 220 780 254 religione
809 227 888 246 esse:
915 220 943 247 Si
972 220 1025 253 vis,

235 269 337 304 inquit,
348 276 432 295 sanus
446 267 516 298 ﬁeri,
527 266 624 293 invoca
641 266 786 293 nobiseum
805 266 832 292 in
848 266 1027 300 simplicitate

180 341 186 346 ,
234 315 326 343 cordis
339 314 510 349 unigenitum
533 313 581 339 Dei
598 312 710 343 Filium,
726 312 871 338 Dominum
897 317 1026 339 nostrum

233 361 328 389 Jesum
338 360 491 390 Christum,
503 362 683 393 sanctamque
695 358 833 393 Virginem
845 358 892 385 Dei
902 358 1027 385 Genitri-

234 415 305 439 cem,
319 415 352 433 ex
372 406 508 441 quartasci
523 405 610 432 voluit
636 405 787 432 secundum
809 412 934 434 carnem.
965 411 1026 431 cre-

235 455 305 482 dens
320 454 347 480 in
368 460 453 480 unum
485 452 572 478 Deum
599 451 708 478 Patrem
736 451 965 485 omnipotentem,
998 449 1026 476 in

235 501 325 535 ipsum
340 498 514 533 unigenitum
531 497 591 531 ejus
605 497 716 528 Filium,
729 501 758 523 et
773 496 800 523 in
810 495 1025 523 sanctissimum

223 554 266 579 ,ac
284 546 467 572 viviﬁcantem
483 543 627 577 Spiritum.
657 542 765 568 fallacia
792 549 858 568 vero
875 541 949 568 idola
976 548 1026 567 cx-

234 591 399 619 seeratione
417 589 530 624 publica
547 590 745 621 devoveatque
762 587 916 619 detestare;
937 590 965 612 et
981 586 1026 613 in-

234 640 376 671 posterum
395 634 499 662 doloris
518 641 618 668 expers
635 633 747 660 futurus
759 640 799 666 es,
816 632 890 659 omni
901 640 932 659 ex
948 635 1026 666 parte

235 688 357 709 sanatus.
374 681 475 708 Verum
489 680 533 706 ille
553 687 587 707 ex
604 679 649 706 his
665 679 748 706 dictis
766 679 854 706 nihilo
872 678 1026 712 promptior

235 727 269 754 ad
283 725 452 753 credendum
467 725 565 756 factus,
580 724 626 750 sed
638 723 727 750 fallaci
740 731 796 750 sua:
808 723 1023 758 perniciosaeque

235 771 383 807 gentilituti
412 769 593 805 pertinaciter
621 768 765 795 adhaerere
792 775 926 803 pergens,
961 767 1025 794 itide

237 823 366 851 tanquam
387 823 458 842 onus
474 815 573 842 inutile
605 815 710 850 ejeclus
735 819 788 847 est,
815 815 885 841 nihil
911 815 1024 842 omnino

234 862 296 897 opis
308 865 474 888 COIISCCUlUS
487 867 637 895 Congressu
662 867 722 887 SUO.

271 923 333 950 161.
352 923 420 949 Cum
436 929 503 949 vero
533 921 561 948 in
589 920 636 947 tali
666 924 738 947 statu
773 920 819 947 diu
851 910 1026 955 multumque

235 967 416 1003 perstitissct,
426 966 590 1000 videretque
606 966 675 992 alios
685 973 781 993 omnes
796 971 932 1000 quotquot
945 965 1026 993 (idem

235 1013 354 1048 amplexi
369 1012 479 1040 fuerant
490 1012 682 1038 incolumitate
703 1011 819 1044 donari;
848 1011 902 1038 sibi
929 1016 1027 1038 contra

236 1068 273 1087 ne
289 1059 423 1086 tantillum
439 1058 553 1093 quidem
577 1058 758 1086 levandorum
783 1056 923 1085 malorum
948 1065 1027 1092 spem

235 1106 400 1140 all'ulgere:
436 1104 536 1131 nuntio
572 1104 747 1131 ethnicorum
780 1104 1027 1138 superstitionibus

237 1151 355 1179 remisso
367 1171 374 1183 ,
390 1149 511 1182 Christe,
523 1150 699 1184 inquit,quia
710 1150 811 1177 famulo
825 1150 1026 1185 tuoSymeone,

235 1204 299 1223 cum
315 1196 387 1222 Deus
400 1203 487 1225 esses,
499 1195 659 1229 praedicaris
666 1202 700 1222 ex
715 1200 808 1222 sancta
817 1195 929 1230 Virgine
943 1195 1026 1222 Maria

235 1246 317 1269 natus
340 1241 441 1273 homo;
465 1240 499 1267 da
519 1248 601 1267 aures
627 1240 723 1266 faciles
746 1240 878 1274 precibus
908 1240 982 1266 illitis
998 1240 1026 1267 in

234 1287 402 1322 adjutorium
420 1295 522 1314 meum.
535 1287 576 1314 lta
595 1291 733 1321 precatus,
758 1291 812 1313 tam
836 1286 936 1313 bellum
957 1295 1025 1313 con-

233 1334 382 1361 fessionem
415 1340 492 1360 suam
519 1332 690 1365 pmnitentia}
722 1332 851 1367 lacrymis
876 1332 1026 1367 gratiorem

234 1378 310 1408 fecit,
329 1383 357 1405 et
368 1377 518 1411 pristinum
541 1383 666 1404 errorem
681 1381 843 1404 exsecratus
871 1380 923 1403 est.
947 1375 1026 1408 Quod

234 1431 297 1450 cum
311 1424 474 1458 Symeonem
493 1430 548 1449 non
561 1422 679 1457 fugeret,
691 1422 798 1450 ail'undi
815 1430 914 1456 aquam
934 1422 1024 1457 jubet.

234 1468 355 1502 lotisque
371 1467 499 1494 manibus
512 1467 569 1494 suis
587 1467 724 1494 laboranti
747 1467 806 1493 viro
830 1467 954 1501 portari:
977 1467 1024 1502 qui

1077 217 1126 249 τὴν
1139 214 1286 249 θρησκείαν
1296 213 1371 247 ὄντα,
1390 213 1420 239 Et
1438 212 1526 245 θέλεις
1539 213 1618 246 ὑγιὴς
1629 212 1765 246 γενέσθαι,
1775 214 1864 248 φησὶν,

1078 259 1237 287 ἐπικαλέσαι
1252 258 1295 285 διὰ
1306 258 1355 292 τῆς
1369 258 1448 293 ἡμῶν
1461 257 1601 289 εὐτελείας
1612 258 1658 284 τὸν
1671 257 1806 293 μονογενῆ
1820 258 1864 285 τοῦ

1078 306 1145 332 Θεοῦ
1170 306 1242 338 Υἱὸν,
1259 306 1305 331 τὸν
1326 305 1428 339 Κύριον
1453 305 1532 339 ἡμῶν
1550 303 1653 338 Ἰησοῦν
1677 304 1804 339 Χριστὸν,
1820 305 1865 332 καὶ

1078 352 1126 387 τὴν
1153 351 1234 385 ἁγίαν
1257 351 1394 386 Παρθένον
1419 351 1466 376 καὶ
1482 350 1624 382 θεοτὸκον,
1641 350 1671 382 ἐξ
1689 348 1723 386 ἧς
1737 351 1865 386 εὐδόκησε

1078 398 1242 432 γεννηθῆναι
1255 398 1286 423 τὸ
1306 397 1377 423 κατὰ
1394 397 1494 431 σάρκα,
1511 396 1648 422 πιστεύων
1671 397 1711 428 εἰς
1731 397 1778 422 ἕνα
1800 397 1865 424 Θεὸν

1079 445 1190 479 Πατέρα
1206 444 1428 478 παντοκράτορα,
1442 444 1472 469 ἐν
1487 442 1562 478 αὑτῷ
1574 443 1613 477 τῷ
1630 445 1772 478 μονογενεί
1785 444 1865 472 αὐτοῦ

1078 489 1136 524 Υἱῴ
1155 509 1161 519 ,
1179 491 1226 515 καὶ
1239 489 1277 523 τῷ
1292 489 1419 524 παναγίῳ
1433 489 1481 515 καὶ
1505 488 1631 524 ζωοποιῷ
1648 489 1799 524 Πνεύματι,
1819 490 1867 526 τὴν

1078 535 1124 561 ἐπὶ
1139 537 1194 566 τοῖς
1210 535 1330 566 εἰδώλοις
1352 535 1457 568 πλάνην
1485 534 1638 569 ἀναθέματι
1657 535 1776 571 λαμπρῷ
1792 545 1868 571 περιη

1078 580 1193 609 ϐάλλων.
1210 582 1256 606 καὶ
1277 582 1306 606 τδ
1327 580 1419 607 λοιπον
1443 579 1554 611 ἀλύπως
1585 580 1635 616 ἔσῃ
1661 582 1709 608 καὶ
1740 582 1867 618 καθαρῶς

1078 625 1219 659 ὑγιαίνων.
1241 625 1269 652 '0
1296 626 1324 652 δὲ
1350 625 1515 661 πειθομένην
1531 627 1582 652 οὐκ
1597 624 1670 661 εἶχεν
1691 628 1740 661 τὴν
1755 628 1867 664 καρδίαν

1076 673 1133 703 τοῖς
1147 672 1315 706 λεγομένοις.
1331 672 1400 698 ἀλλὰ
1410 673 1464 707 τῆς
1476 672 1581 703 οἰκείας
1603 672 1643 698 ἔτι
1670 674 1866 709 περιεχομένην

1077 717 1185 751 ἀπάτης
1205 718 1253 752 τῆς
1277 716 1438 752 Ἑλληνικῆς
1456 717 1563 752 ἐκείνης
1575 717 1621 744 καὶ
1644 718 1776 753 ὀλεθρίου,
1792 718 1866 745 ἔνθεν

1075 772 1116 789 τοι
1147 763 1193 789 καὶ
1223 763 1301 793 κενὸς
1336 762 1451 798 ἔρριπτο
1477 764 1585 799 φόρτος,
1617 764 1725 797 οὐδενὸς
1748 764 1865 800 χρηστοῦ

1075 809 1218 843 τυγχάνων
1230 808 1279 843 τῆς
1291 809 1478 844 προσεδρείας.

1116 915 1182 950 ρξε’.
1204 915 1279 941 Ἐπεὶ
1293 914 1322 940 δὲ
1353 915 1420 941 πολῦ
1440 915 1518 942 τοῦτο
1541 913 1575 951 ἦν
1591 916 1638 943 καὶ
1657 918 1737 953 μέχρι
1758 918 1868 952 πολλοῦ,

1079 962 1127 988 καὶ
1140 961 1202 991 τοὺς
1220 960 1270 994 μὲν
1283 960 1379 991 ἄλλους
1395 960 1468 995 ἐώρα
1479 961 1584 993 πάντας
1600 962 1657 988 ὅσοι
1673 963 1763 989 πίστει
1783 972 1868 999 προσ-

1079 1007 1163 1043 ῄεσαν
1176 1008 1223 1042 τὴν
1243 1007 1390 1042 θεραπείαν
1402 1008 1597 1042 κομιζομένους
1609 1016 1616 1023 ·
1635 1009 1724 1043 ἑαυτῷ
1738 1009 1767 1035 δὲ
1786 1009 1868 1044 μηδο-

1079 1052 1153 1079 τιοῦν
1192 1052 1260 1088 πρὸς
1292 1051 1452 1087 ἀπαλλαγὴν
1481 1053 1575 1079 κακῶν
1606 1053 1741 1080 τοσούτων
1773 1054 1869 1088 ἐπιση-

1081 1100 1174 1134 μαῖνον
1193 1107 1199 1113 ·
1217 1097 1410 1133 ἀπαγορεύσας
1436 1099 1469 1133 τῇ
1490 1099 1544 1124 τῶν
1573 1098 1707 1133 Ἑλλήνων
1723 1098 1867 1134 θρησκείᾳ,

1079 1145 1190 1180 Χριστὲ,
1206 1145 1220 1171 ὁ
1237 1145 1310 1179 παρὰ
1321 1143 1368 1170 τοῦ
1382 1143 1476 1170 δούλου
1490 1152 1537 1170 σου
1553 1143 1666 1179 Συμεὼν
1682 1145 1713 1170 ἐκ
1725 1144 1775 1178 τῆς
1788 1145 1869 1177 ἁγίας

1079 1191 1218 1227 Παρθένου
1233 1191 1343 1226 Μαρίας
1357 1190 1486 1226 τεχθῆναι
1497 1190 1701 1226 κηρυσσόμενος
1712 1191 1790 1223 Θεὸς,
1806 1191 1867 1225 ἔφη,

1079 1238 1198 1272 πρόσχεζ
1212 1237 1306 1272 εὐχαῖς
1323 1238 1427 1263 ἐκείνου
1444 1237 1484 1268 εἰς
1496 1237 1544 1271 τὴν
1557 1236 1681 1272 βοήθειάν
1697 1246 1759 1272 μου.
1777 1236 1868 1263 Ταῦτα

1079 1283 1143 1317 ἔφη,
1162 1284 1209 1310 καὶ
1222 1283 1339 1318 δάκροσι
1357 1283 1503 1318 μετανοίας
1516 1283 1565 1318 τὴν
1583 1284 1670 1318 καλὴν
1685 1283 1788 1318 ταύτην
1801 1292 1869 1309 κατ-

1079 1330 1194 1366 αρτίσας
1220 1329 1365 1364 ὁμολογίαν
1378 1349 1386 1361 ,
1403 1329 1556 1365 ἁναθέματι
1574 1330 1624 1364 τὴν
1639 1331 1775 1366 προτέραν
1787 1329 1868 1356 αὑτοῦ

1078 1375 1168 1401 δίδωσι
1182 1374 1288 1409 πλάνην
1303 1382 1309 1388 ·
1326 1375 1395 1409 ὅπερ
1411 1374 1461 1401 οὐκ
1478 1376 1649 1410 ἀγνοήσαντα
1667 1376 1711 1401 τὸν
1730 1375 1804 1410 ἱερὸν
1816 1376 1869 1401 Συ-

1081 1420 1153 1456 μεὼν
1167 1420 1240 1455 ὕδωρ
1254 1420 1397 1455 ἐνεχθῆναι
1415 1420 1553 1452 κελεῦσαι,
1568 1421 1615 1447 καὶ
1628 1421 1676 1452 τὰς
1690 1422 1786 1456 χεῖρας
1802 1422 1871 1448 ἀπο-

1078 1466 1223 1501 νιψάμενον
1236 1465 1274 1500 τῷ
1286 1466 1416 1500 πάσχοντι
1425 1467 1596 1501 μεταδοῦναιι
1605 1467 1650 1493 τὸν
1658 1467 1686 1493 δὲ
1695 1467 1870 1502 χρησάμενον

234 1514 281 1541 illa
297 1522 373 1544 usus,
391 1518 466 1541 recte
490 1514 622 1540 continuo
639 1513 752 1545 habere,
772 1521 925 1548 manusque
945 1513 1021 1540 arida

1080 1511 1176 1542 εὐθέως
1211 1511 1409 1546 ἀνορθωθῆναι,
1443 1512 1492 1546 τήν
1533 1521 1562 1538 τε
1592 1512 1677 1548 ξηρὰν
1707 1513 1724 1547 ἢ
1769 1513 1870 1548 νεκρὰν

233 1566 263 1587 et
275 1565 382 1587 mortua
397 1560 474 1587 velut
486 1559 651 1586 reviviscere
664 1566 696 1585 ac
706 1566 808 1585 novum
824 1558 940 1585 induere
953 1558 1028 1593 vigo-

234 1614 309 1639 rem;
325 1611 453 1641 totusque
467 1614 552 1633 sanus
564 1613 620 1633 non
632 1613 748 1640 corpore
759 1610 875 1638 tantum,
889 1605 936 1632 sed
952 1605 1026 1640 quod

233 1652 322 1687 pluris
335 1657 388 1683 est,
403 1653 497 1679 animo
512 1659 633 1686 quoque,
656 1651 768 1678 domum
791 1658 928 1683 remeare,
944 1658 1027 1686 gran-

233 1697 297 1724 dius
315 1697 480 1724 beneﬁeium
511 1704 596 1731 quant
614 1701 775 1731 speraverat
803 1699 1026 1730 exspectaverat—

233 1749 286 1776 que
295 1742 421 1775 adeptus.

272 1805 331 1831 162.
346 1804 487 1839 Superiori
507 1804 628 1839 quodam
644 1805 727 1831 modo
742 1804 822 1831 aliine
837 1809 881 1832 est
903 1804 932 1831 id
952 1804 1026 1839 quod

233 1850 358 1884 proxime
393 1850 532 1884 sequitur,
565 1850 672 1884 reliqua
699 1857 765 1877 vero
791 1851 880 1878 multo
910 1852 1024 1885 majora.

233 1897 312 1923 Alius
323 1896 435 1930 quidam
457 1896 580 1931 gentilis,
601 1896 648 1931 qui
679 1900 707 1923 et
732 1896 791 1931 ipse
816 1897 1024 1924 idololatrarum

233 1942 376 1969 erroribus
400 1942 539 1974 imbutus,
559 1942 725 1978 paralyticus
747 1946 806 1969 erat
826 1952 831 1969 :
849 1942 981 1970 advectus
991 1942 1025 1969 ad

233 1987 408 2023 Symeonem,
422 1988 595 2022 professione
615 1987 854 2015 lideiChristianae
866 1988 951 2021 (bono
971 1988 1026 2015 uti-

233 2042 298 2070 que,
314 2043 366 2062 nee
381 2035 476 2062 labore
505 2041 556 2061 nec
581 2034 672 2068 pretio
692 2034 884 2069 eomparabili)
908 2034 1024 2060 salutem

232 2085 400 2107 consecutus
427 2084 469 2107 est
483 2078 633 2113 duplicem,
662 2086 750 2113 eoque
777 2079 864 2113 magis
888 2078 1025 2105 aestiman-

233 2125 306 2156 dam,
321 2130 424 2160 quanto
438 2126 525 2160 pluris
541 2125 682 2153 estanima
698 2133 780 2159 quam
794 2132 908 2159 corpus.
921 2124 1024 2151 Verum

1080 1558 1188 1593 ἐκείνην
1228 1560 1307 1593 χεῖρα
1340 1557 1396 1585 οἷον
1433 1558 1603 1590 ἀναϐιῶναι,
1631 1559 1678 1586 καὶ
1720 1560 1870 1594 ἀναθῆλαι,

1079 1604 1127 1631 καὶ
1155 1603 1218 1638 ὑγιῆ
1248 1604 1277 1629 οὐ
1307 1603 1386 1638 σῶμα
1412 1603 1493 1638 μόνον
1519 1604 1588 1630 ἀλλὰ
1615 1604 1662 1631 καὶ
1679 1604 1808 1639 ψυχὴν,ὃ
1824 1606 1871 1631 καὶ

1079 1649 1238 1684 σωματικῆς
1256 1649 1350 1683 ὑγείας
1369 1649 1466 1684 μακρῷ
1483 1649 1584 1685 μεῖζον,
1595 1650 1689 1677 οἴκαδε
1705 1650 1869 1685 ἀφικέσθαι,

1077 1695 1167 1729 πολλῷ
1194 1695 1241 1721 τοῦ
1270 1695 1443 1728 ἐλπισθὲν-τος
1462 1695 1565 1730 ἀγαθοῦ
1595 1696 1686 1723 πλεῖον
1710 1696 1827 1724 λαϐόντα
1841 1697 1872 1724 τὸ

1078 1741 1292 1776 ἀπροσδόκητον.

1114 1805 1181 1840 ρξβ’,
1198 1806 1333 1839 Συγγενὲς
1347 1806 1386 1841 τῷ
1401 1807 1540 1843 εἰρημένῳ
1562 1807 1593 1834 τὸ
1608 1808 1780 1843 ἐπαγόμενον
1806 1809 1872 1843 ἄχρι

1077 1850 1159 1882 τινος,
1178 1850 1213 1876 τὰ
1236 1850 1257 1876 δ’
1269 1850 1333 1885 ἑξῆς
1360 1851 1466 1884 τούτου,
1489 1853 1600 1888 μείζονα
1632 1852 1722 1888 πολλῷ
1745 1853 1794 1879 καὶ
1823 1852 1871 1878 τοῦ

1078 1896 1268 1931 προλαϐόντος.
1286 1896 1386 1932 Ἕλλην
1406 1899 1460 1933 γάρ
1474 1907 1515 1929 τις
1530 1899 1635 1934 ἕτερος,
1653 1900 1703 1934 τῆς
1726 1899 1872 1933 είδωλικῆε

1078 1940 1183 1975 πλάνης
1219 1941 1267 1967 καὶ
1302 1939 1389 1974 οὗτος,
1422 1943 1579 1977 παράλυτος
1612 1943 1686 1978 αὺτῷ
1717 1944 1872 1978 κομισθεὶς,

1077 1987 1127 2021 τῆς
1151 1988 1191 2019 εἰς
1219 1988 1338 2022 Χριστὸν
1366 1988 1413 2014 καὶ
1436 1989 1515 2020 αὐτὸς
1546 1990 1674 2023 πίστεως,
1702 1990 1872 2024 πράγματος

1077 2032 1197 2068 ἀμόχθου
1213 2035 1260 2060 καὶ
1271 2034 1409 2061 ἀδαπάνου
1421 2054 1429 2066 ,
1448 2035 1586 2070 σωτηρίαν
1601 2036 1699 2072 διπλῆν
1715 2036 1872 2070 πορίζεται,

1077 2078 1273 2114 ἢπολλαπλῆν,
1291 2079 1305 2105 ὃ
1328 2080 1376 2106 καὶ
1393 2080 1504 2114 μᾶλλον,
1526 2082 1581 2117 ὅσῳ
1597 2082 1645 2108 καὶ
1660 2081 1710 2116 τῆς
1733 2082 1827 2116 ψυχῆς
1842 2083 1874 2108 τὸ

1075 2123 1215 2158 διάφορον.
1238 2124 1306 2151 Ἀλλ’
1319 2123 1353 2160 ἦν
1371 2126 1474 2161 ἔσχατα
1495 2127 1580 2154 νοσῶν
1605 2127 1680 2162 αὐτῷ
1701 2129 1746 2154 καὶ
1760 2129 1875 2160 υἰὸς,ὂν

232 2175 293 2198 erat
314 2171 352 2198 illi
366 2171 439 2198 filius
451 2178 572 2206 quoque,
588 2171 752 2205 gravissima
774 2170 937 2205 aegritudine
963 2169 1022 2197 fere

1080 2170 1130 2196 οὐκ
1143 2171 1224 2202 αὐτὸς
1240 2171 1330 2205 μόνος,
1351 2173 1419 2199 ἀλλὰ
1436 2175 1483 2199 καὶ
1504 2174 1520 2208 ἡ
1540 2176 1631 2209 μήτηρ
1655 2174 1786 2205 λαϐόντες
1799 2194 1807 2206 ,
1818 2175 1875 2209 ’ὴδῦ

234 2215 406 2249 desperatus,
427 2223 510 2250 quem
529 2219 587 2241 tum
606 2215 666 2249 ipse
684 2220 742 2242 tum
761 2220 850 2243 mater
871 2216 1020 2247 sublatum,

234 2261 314 2288 dulce
329 2261 443 2295 utrique
472 2261 592 2296 pondus,
620 2261 654 2288 ad
683 2265 811 2288 sanctum
848 2261 1022 2289 aﬂ'erebanl:

234 2307 283 2334 sed
299 2307 438 2334 initinere
466 2315 535 2341 puer
564 2307 683 2334 animam
704 2307 836 2339 reddidit,
862 2308 1026 2342 parentibus

236 2353 367 2379 acerbum
381 2353 536 2386 decessum,
558 2353 597 2380 uti
614 2353 681 2388 ipsis
692 2361 751 2381 mos
768 2358 821 2387 est,
845 2354 1025 2381 lamentanti-

233 2398 295 2425 bus.
309 2398 378 2426 Cum
400 2407 476 2432 vero,
503 2399 558 2435 jam
584 2400 713 2434 persuasi
740 2400 810 2427 nihil
838 2400 867 2426 in
890 2400 1025 2427 ulteriore

234 2444 333 2472 itinere
376 2446 437 2480 opis
473 2454 629 2482 superesse,
669 2447 882 2474 constituissent
911 2446 1024 2474 domum

234 2491 361 2526 regredi,
381 2491 448 2519 illud
464 2493 536 2527 patri
550 2494 577 2520 in
603 2498 725 2520 mentem
749 2492 844 2520 venit:
861 2492 952 2525 Quid?
976 2493 1024 2527 qui

221 2545 276 2564 eme
298 2538 480 2574 paralyticum
492 2543 520 2566 et
536 2539 641 2574 portari
668 2547 783 2567 necesse
807 2539 956 2566 habentem
978 2546 1027 2565 ro-

232 2584 353 2618 boravit,
369 2590 397 2612 et
417 2585 518 2620 pedum
530 2586 776 2620 membrorumque
790 2585 915 2613 omnium
944 2593 1023 2613 usum

233 2629 367 2662 restituit,
379 2638 472 2658 nonne
481 2632 584 2666 poterit
601 2632 676 2659 hunc
700 2640 811 2668 quoque
827 2633 914 2659 ﬁlium
931 2640 1023 2660 meum

233 2675 422 2703 resuscitare?

267 2729 328 2755 165.
347 2729 463 2758 Talibus
478 2731 571 2759 animo
590 2732 692 2760 volutis
709 2733 844 2768 uxorique
870 2733 1025 2761 communi-

237 2773 317 2805 catis,
331 2776 539 2803 resumuntiter
562 2786 661 2806 versus
683 2784 819 2811 sanctum,
848 2787 946 2814 magna
970 2787 1024 2807 non

235 2818 316 2845 modo
324 2826 371 2853 spe
381 2820 451 2854 iulli,
462 2822 510 2850 sed
522 2823 604 2851 etiam
617 2825 735 2853 robor-ali
751 2826 812 2854 title.
825 2827 939 2860 Jamque
954 2827 1020 2855 sub-

1080 2216 1193 2252 φόρημα
1221 2216 1349 2248 τεκοῦσι,
1372 2218 1556 2253 προσφέρουσι
1581 2219 1621 2254 τῷ
1653 2221 1735 2254 ἁγίῳ.
1758 2221 1876 2253 Μεταξῦ

1077 2262 1106 2288 δὲ
1119 2265 1169 2298 τῆς
1195 2262 1328 2298 πορείας,
1342 2264 1446 2298 οἴχεται
1471 2265 1519 2299 μὲν
1534 2265 1548 2291 ὁ
1564 2265 1621 2297 υἱὸς
1642 2266 1692 2300 τὴν
1709 2266 1876 2293 τελευταίαν

1078 2309 1186 2342 γονεῦσι
1200 2309 1248 2335 καὶ
1260 2309 1364 2344 πικρὰν
1375 2309 1509 2345 ἐκδημίαν
1519 2318 1525 2325 ⁸
1539 2310 1587 2336 καὶ
1601 2310 1749 2345 θρηνοῦσιν
1764 2311 1854 2338 αὐτὸν
1869 2333 1876 2342 ,

1077 2355 1127 2381 ὅσα
1157 2355 1275 2388 πατράσι
1298 2355 1390 2390 νόμος.
1408 2356 1553 2390 Οῐηθέντες
1569 2356 1597 2382 δὲ
1618 2356 1756 2391 μηδεμίαν
1777 2357 1877 2388 αὐτοῖς

1076 2401 1131 2427 ἀπὸ
1142 2400 1189 2427 τοῦ
1200 2401 1247 2428 νῦν
1264 2401 1357 2435 ὄνησιν
1370 2395 1441 2429 εἶναι
1455 2404 1506 2437 τῆς
1524 2403 1563 2432 εἰς
1576 2403 1679 2429 ἐκεῖνον
1693 2402 1768 2434 ὀδοῦ,
1783 2402 1876 2436 ἔγνω-

1079 2455 1128 2474 σαν
1147 2447 1238 2474 οῐκαδε
1268 2447 1458 2482 ἀναστρέφειν,
1486 2446 1544 2474 εἶτα
1569 2449 1658 2475 έκεῖνο
1686 2448 1732 2474 τὸν
1762 2449 1878 2483 πατέρα

1077 2493 1230 2529 εἰσέρχεται
1243 2514 1250 2525 ,
1262 2494 1299 2525 ὡς
1314 2495 1368 2530 ἄρα
1387 2494 1416 2521 Ὁ
1438 2494 1602 2530 παρειμένον
1617 2495 1668 2530 ἐμὲ
1683 2494 1730 2521 καὶ
1749 2495 1878 2530 φερόμε-

1079 2549 1159 2575 μενον
1181 2541 1280 2577 ῥώσας,
1296 2541 1341 2568 κα)
1359 2541 1477 2576 χρῆσθαι
1495 2542 1531 2577 μὴ
1548 2542 1613 2567 ποσὶ
1635 2542 1727 2577 μόνον,
1741 2541 1814 2569 ἀλλὰ
1825 2542 1878 2569 καὶ

1078 2587 1144 2614 πᾶσι
1161 2587 1253 2621 μέλεσι
1276 2585 1516 2622 παρασχὼν,ἦπου
1539 2586 1650 2618 δυνατὸς
1661 2583 1740 2618 οὗτος
1763 2586 1814 2613 καὶ
1829 2586 1877 2613 τὸν

1078 2633 1136 2660 υἱὸν
1146 2633 1309 2668 ἀναστῆσαι.

1117 2736 1183 2772 ρξγ’.
1197 2735 1290 2763 Ταῦτα
1304 2735 1365 2762 καθ’
1377 2733 1474 2761 ἑαυτὸν
1486 2733 1640 2768 διανοηθεὶς
1653 2732 1701 2760 καὶ
1713 2734 1747 2768 τῇ
1762 2733 1880 2767 γυναικὶ

1078 2782 1352 2816 κοινολογησίμενος,
1380 2781 1532 2807 στέλλονται
1550 2779 1600 2815 τὴν
1631 2779 1708 2815 παρὰ
1728 2779 1777 2805 τδν
1792 2779 1877 2812 ἅγιον

1079 2827 1164 2860 αὖθις,
1180 2827 1248 2861 μετὰ
1260 2826 1386 2860 τοιαύτης
1403 2826 1452 2852 οὐκ
1465 2825 1571 2856 ἐλπίδος
1585 2825 1666 2860 μόνον
1680 2823 1749 2852 ἀλλὰ
1762 2824 1811 2851 καὶ
1826 2822 1874 2849 πί-
