  <div class='ocr_page' id='page_1' title='image "/cluster/home/n/w/nwhite01/storage/ocr_20150623/86,pt.2/njp.32101077772810/698.png"; bbox 0 0 1966 3068; ppageno 0'>
   <div class='ocr_carea' id='block_1_1' title="bbox 124 102 188 133">
    <p class='ocr_par' dir='ltr' id='par_1_1' title="bbox 124 102 188 133">
     <span class='ocr_line' id='line_1_1' title="bbox 124 102 188 133; baseline 0.016 -1"><span class='ocrx_word' id='word_1_1' title='bbox 124 102 188 133; x_wconf 70' lang='grc'><strong>3145</strong></span> 
     </span>
    </p>
   </div>
   <div class='ocr_carea' id='block_1_2' title="bbox 620 95 1247 128">
    <p class='ocr_par' dir='ltr' id='par_1_2' title="bbox 620 95 1247 128">
     <span class='ocr_line' id='line_1_2' title="bbox 620 95 1247 128; baseline -0.008 0"><span class='ocrx_word' id='word_1_2' title='bbox 620 98 705 128; x_wconf 76' lang='lat' dir='ltr'><strong>VITA</strong></span> <span class='ocrx_word' id='word_1_3' title='bbox 727 100 749 127; x_wconf 77' lang='grc' dir='ltr'><strong>Α</strong></span> <span class='ocrx_word' id='word_1_4' title='bbox 770 96 988 127; x_wconf 79' lang='lat' dir='ltr'><strong>NICEPIIORO</strong></span> <span class='ocrx_word' id='word_1_5' title='bbox 1006 95 1247 125; x_wconf 72' lang='lat' dir='ltr'><strong>CONSCRIPTA.</strong></span> 
     </span>
    </p>
   </div>
   <div class='ocr_carea' id='block_1_3' title="bbox 1672 88 1740 119">
    <p class='ocr_par' dir='ltr' id='par_1_3' title="bbox 1672 88 1740 119">
     <span class='ocr_line' id='line_1_3' title="bbox 1672 88 1740 119; baseline 0 0"><span class='ocrx_word' id='word_1_6' title='bbox 1672 88 1740 119; x_wconf 73' lang='lat' dir='ltr'><strong>3ilG</strong></span> 
     </span>
    </p>
   </div>
   <div class='ocr_carea' id='block_1_4' title="bbox 124 140 908 192">
    <p class='ocr_par' dir='ltr' id='par_1_4' title="bbox 124 154 906 192">
     <span class='ocr_line' id='line_1_4' title="bbox 124 154 906 192; baseline -0.006 -8"><span class='ocrx_word' id='word_1_7' title='bbox 124 158 167 192; x_wconf 78' lang='grc' dir='ltr'><strong>τὴν</strong></span> <span class='ocrx_word' id='word_1_8' title='bbox 181 157 218 184; x_wconf 73' lang='grc' dir='ltr'>ἕω</span> <span class='ocrx_word' id='word_1_9' title='bbox 228 157 271 183; x_wconf 80' lang='grc' dir='ltr'>διὰ</span> <span class='ocrx_word' id='word_1_10' title='bbox 282 155 329 183; x_wconf 78' lang='grc' dir='ltr'>τοῦ</span> <span class='ocrx_word' id='word_1_11' title='bbox 345 155 496 190; x_wconf 79' lang='grc' dir='ltr'>πνεύματος</span> <span class='ocrx_word' id='word_1_12' title='bbox 512 154 640 186; x_wconf 73' lang='grc' dir='ltr'><strong>δίδοσθαι,</strong></span> <span class='ocrx_word' id='word_1_13' title='bbox 652 156 698 180; x_wconf 80' lang='grc' dir='ltr'><strong>γα¹ι</strong></span> <span class='ocrx_word' id='word_1_14' title='bbox 713 155 794 180; x_wconf 71' lang='grc' dir='ltr'>αὑτὸν</span> <span class='ocrx_word' id='word_1_15' title='bbox 808 155 836 180; x_wconf 83' lang='grc' dir='ltr'><strong>ὲν</strong></span> <span class='ocrx_word' id='word_1_16' title='bbox 847 155 906 184; x_wconf 79' lang='grc' dir='ltr'>ταῖς</span> 
     </span>
    </p>
   </div>
   <div class='ocr_carea' id='block_1_5' title="bbox 960 140 1741 192">
    <p class='ocr_par' dir='ltr' id='par_1_5' title="bbox 960 140 1741 186">
     <span class='ocr_line' id='line_1_5' title="bbox 960 140 1741 186; baseline -0.012 -6"><span class='ocrx_word' id='word_1_17' title='bbox 960 152 1112 180; x_wconf 72' lang='lat' dir='ltr'><strong>Orientales</strong></span> <span class='ocrx_word' id='word_1_18' title='bbox 1133 159 1149 179; x_wconf 91' lang='lat' dir='ltr'><strong>a</strong></span> <span class='ocrx_word' id='word_1_19' title='bbox 1177 151 1274 186; x_wconf 89' lang='lat' dir='ltr'><strong>spiritu</strong></span> <span class='ocrx_word' id='word_1_20' title='bbox 1303 140 1486 179; x_wconf 83' lang='lat' dir='ltr'><strong>tribuebatur,</strong></span> <span class='ocrx_word' id='word_1_21' title='bbox 1512 147 1616 182; x_wconf 86' lang='lat' dir='ltr'><strong>plateas</strong></span> <span class='ocrx_word' id='word_1_22' title='bbox 1644 146 1741 173; x_wconf 83' lang='lat' dir='ltr'><strong>Antio-</strong></span> 
     </span>
    </p>
   </div>
   <div class='ocr_carea' id='block_1_6' title="bbox 124 199 902 237">
    <p class='ocr_par' dir='ltr' id='par_1_6' title="bbox 124 199 902 237">
     <span class='ocr_line' id='line_1_6' title="bbox 124 199 902 237; baseline -0.006 -8"><span class='ocrx_word' id='word_1_23' title='bbox 124 203 258 234; x_wconf 79' lang='grc' dir='ltr'><strong>πλατείαις</strong></span> <span class='ocrx_word' id='word_1_24' title='bbox 275 202 408 237; x_wconf 77' lang='grc' dir='ltr'><strong>περιιέναι</strong></span> <span class='ocrx_word' id='word_1_25' title='bbox 424 201 474 235; x_wconf 79' lang='grc' dir='ltr'>τῆς</span> <span class='ocrx_word' id='word_1_26' title='bbox 494 201 640 235; x_wconf 80' lang='grc' dir='ltr'>Ἀντιόχου.</span> <span class='ocrx_word' id='word_1_27' title='bbox 655 199 700 226; x_wconf 83' lang='grc' dir='ltr'><strong>τόν</strong></span> <span class='ocrx_word' id='word_1_28' title='bbox 714 208 742 225; x_wconf 87' lang='grc' dir='ltr'><strong>τε</strong></span> <span class='ocrx_word' id='word_1_29' title='bbox 765 199 902 234; x_wconf 76' lang='grc' dir='ltr'><strong>Ἰορδάνην</strong></span> 
     </span>
    </p>
   </div>
   <div class='ocr_carea' id='block_1_7' title="bbox 124 245 902 284">
    <p class='ocr_par' dir='ltr' id='par_1_7' title="bbox 124 245 902 284">
     <span class='ocr_line' id='line_1_7' title="bbox 124 245 902 284; baseline -0.006 -9"><span class='ocrx_word' id='word_1_30' title='bbox 124 249 241 284; x_wconf 72' lang='grc' dir='ltr'>ποταμὸν</span> <span class='ocrx_word' id='word_1_31' title='bbox 267 248 340 283; x_wconf 85' lang='grc' dir='ltr'><strong>αὺτῷ</strong></span> <span class='ocrx_word' id='word_1_32' title='bbox 360 247 484 279; x_wconf 70' lang='grc' dir='ltr'>ἕπεσθαι,</span> <span class='ocrx_word' id='word_1_33' title='bbox 502 247 550 273; x_wconf 66' lang='grc' dir='ltr'>καὶ</span> <span class='ocrx_word' id='word_1_34' title='bbox 565 247 610 273; x_wconf 83' lang='grc' dir='ltr'>τὸν</span> <span class='ocrx_word' id='word_1_35' title='bbox 623 247 651 272; x_wconf 84' lang='grc' dir='ltr'><strong>ὲν</strong></span> <span class='ocrx_word' id='word_1_36' title='bbox 675 245 757 280; x_wconf 80' lang='grc' dir='ltr'>Ἐδὲμ</span> <span class='ocrx_word' id='word_1_37' title='bbox 771 245 902 280; x_wconf 84' lang='grc' dir='ltr'>παράδει-</span> 
     </span>
    </p>
   </div>
   <div class='ocr_carea' id='block_1_8' title="bbox 123 291 903 329">
    <p class='ocr_par' dir='ltr' id='par_1_8' title="bbox 123 291 903 329">
     <span class='ocr_line' id='line_1_8' title="bbox 123 291 903 329; baseline -0.006 -9"><span class='ocrx_word' id='word_1_38' title='bbox 123 303 165 321; x_wconf 84' lang='grc' dir='ltr'><strong>σον</strong></span> <span class='ocrx_word' id='word_1_39' title='bbox 179 295 273 329; x_wconf 79' lang='grc' dir='ltr'>ὥσπερ</span> <span class='ocrx_word' id='word_1_40' title='bbox 297 292 537 321; x_wconf 71' lang='grc' dir='ltr'><strong>ἀποκαλύπτεσθαι</strong></span> <span class='ocrx_word' id='word_1_41' title='bbox 553 300 559 308; x_wconf 78' lang='grc'><strong><em>⁸</em></strong></span> <span class='ocrx_word' id='word_1_42' title='bbox 575 292 621 318; x_wconf 79' lang='grc' dir='ltr'><strong>καὶ</strong></span> <span class='ocrx_word' id='word_1_43' title='bbox 643 291 679 323; x_wconf 76' lang='grc' dir='ltr'>ὡς</span> <span class='ocrx_word' id='word_1_44' title='bbox 707 291 825 325; x_wconf 81' lang='grc' dir='ltr'>πονηρδν</span> <span class='ocrx_word' id='word_1_45' title='bbox 855 291 903 324; x_wconf 84' lang='grc' dir='ltr'><strong>οη-</strong></span> 
     </span>
    </p>
   </div>
   <div class='ocr_carea' id='block_1_9' title="bbox 124 336 901 376">
    <p class='ocr_par' dir='ltr' id='par_1_9' title="bbox 124 336 901 376">
     <span class='ocr_line' id='line_1_9' title="bbox 124 336 901 376; baseline -0.008 -9"><span class='ocrx_word' id='word_1_46' title='bbox 124 341 176 376; x_wconf 81' lang='grc' dir='ltr'>ρίον</span> <span class='ocrx_word' id='word_1_47' title='bbox 206 341 234 367; x_wconf 74' lang='grc' dir='ltr'><strong>ἐν</strong></span> <span class='ocrx_word' id='word_1_48' title='bbox 253 349 306 367; x_wconf 87' lang='grc' dir='ltr'>τινι</span> <span class='ocrx_word' id='word_1_49' title='bbox 334 340 459 375; x_wconf 78' lang='grc' dir='ltr'>σπηλαίῳ</span> <span class='ocrx_word' id='word_1_50' title='bbox 473 338 661 374; x_wconf 75' lang='grc' dir='ltr'><strong>κρυπτόμενον</strong></span> <span class='ocrx_word' id='word_1_51' title='bbox 675 337 779 363; x_wconf 76' lang='grc' dir='ltr'>ἐκεῖθεν</span> <span class='ocrx_word' id='word_1_52' title='bbox 795 336 901 370; x_wconf 79' lang='grc' dir='ltr'>ἐξενεχ-</span> 
     </span>
    </p>
   </div>
   <div class='ocr_carea' id='block_1_10' title="bbox 124 381 901 421">
    <p class='ocr_par' dir='ltr' id='par_1_10' title="bbox 124 381 901 421">
     <span class='ocr_line' id='line_1_10' title="bbox 124 381 901 421; baseline -0.008 -8"><span class='ocrx_word' id='word_1_53' title='bbox 124 387 164 413; x_wconf 82' lang='grc' dir='ltr'><strong>θὲν</strong></span> <span class='ocrx_word' id='word_1_54' title='bbox 176 386 218 413; x_wconf 76' lang='grc' dir='ltr'>διὰ</span> <span class='ocrx_word' id='word_1_55' title='bbox 237 386 322 421; x_wconf 79' lang='grc' dir='ltr'>μέσης</span> <span class='ocrx_word' id='word_1_56' title='bbox 335 385 428 419; x_wconf 79' lang='grc' dir='ltr'><strong>ἄγοιτο</strong></span> <span class='ocrx_word' id='word_1_57' title='bbox 443 385 492 419; x_wconf 84' lang='grc' dir='ltr'>τῆς</span> <span class='ocrx_word' id='word_1_58' title='bbox 512 384 615 414; x_wconf 86' lang='grc' dir='ltr'>πόλεως</span> <span class='ocrx_word' id='word_1_59' title='bbox 632 382 809 418; x_wconf 72' lang='grc' dir='ltr'>ὑϐριζόμενον</span> <span class='ocrx_word' id='word_1_60' title='bbox 829 390 835 396; x_wconf 89' lang='grc'>·</span> <span class='ocrx_word' id='word_1_61' title='bbox 853 381 901 408; x_wconf 75' lang='grc' dir='ltr'>καὶ</span> 
     </span>
    </p>
   </div>
   <div class='ocr_carea' id='block_1_11' title="bbox 121 426 904 465">
    <p class='ocr_par' dir='ltr' id='par_1_11' title="bbox 121 426 904 465">
     <span class='ocr_line' id='line_1_11' title="bbox 121 426 904 465; baseline -0.008 -7"><span class='ocrx_word' id='word_1_62' title='bbox 121 432 155 463; x_wconf 82' lang='grc' dir='ltr'>ὡς</span> <span class='ocrx_word' id='word_1_63' title='bbox 186 431 292 462; x_wconf 80' lang='grc' dir='ltr'>πολλοῖς</span> <span class='ocrx_word' id='word_1_64' title='bbox 320 431 374 457; x_wconf 84' lang='grc' dir='ltr'><strong>τῶν</strong></span> <span class='ocrx_word' id='word_1_65' title='bbox 399 430 549 465; x_wconf 77' lang='grc' dir='ltr'>ἀνθρώπων</span> <span class='ocrx_word' id='word_1_66' title='bbox 576 427 741 455; x_wconf 84' lang='grc' dir='ltr'>διαταθεῖσιν</span> <span class='ocrx_word' id='word_1_67' title='bbox 770 428 784 453; x_wconf 85' lang='grc' dir='ltr'>ὁ</span> <span class='ocrx_word' id='word_1_68' title='bbox 813 426 904 461; x_wconf 84' lang='grc' dir='ltr'>ἄρχων</span> 
     </span>
    </p>
   </div>
   <div class='ocr_carea' id='block_1_12' title="bbox 123 473 904 511">
    <p class='ocr_par' dir='ltr' id='par_1_12' title="bbox 123 473 904 511">
     <span class='ocr_line' id='line_1_12' title="bbox 123 473 904 511; baseline -0.005 -8"><span class='ocrx_word' id='word_1_69' title='bbox 123 478 221 508; x_wconf 79' lang='grc' dir='ltr'>ἐκεῖνος</span> <span class='ocrx_word' id='word_1_70' title='bbox 244 477 351 511; x_wconf 73' lang='grc' dir='ltr'>ἐπιθείη</span> <span class='ocrx_word' id='word_1_71' title='bbox 381 476 486 511; x_wconf 80' lang='grc' dir='ltr'>πληγὰς</span> <span class='ocrx_word' id='word_1_72' title='bbox 513 476 543 501; x_wconf 83' lang='grc' dir='ltr'>οὐ</span> <span class='ocrx_word' id='word_1_73' title='bbox 571 475 664 511; x_wconf 78' lang='grc' dir='ltr'>πόρῥω</span> <span class='ocrx_word' id='word_1_74' title='bbox 685 474 818 506; x_wconf 85' lang='grc' dir='ltr'>θανάτου,</span> <span class='ocrx_word' id='word_1_75' title='bbox 834 473 904 499; x_wconf 80' lang='grc' dir='ltr'>ὥστε</span> 
     </span>
    </p>
   </div>
   <div class='ocr_carea' id='block_1_13' title="bbox 124 518 905 558">
    <p class='ocr_par' dir='ltr' id='par_1_13' title="bbox 124 518 905 558">
     <span class='ocr_line' id='line_1_13' title="bbox 124 518 905 558; baseline -0.006 -9"><span class='ocrx_word' id='word_1_76' title='bbox 124 523 209 558; x_wconf 75' lang='grc' dir='ltr'>σάρκα</span> <span class='ocrx_word' id='word_1_77' title='bbox 222 524 311 549; x_wconf 77' lang='grc' dir='ltr'>πᾶσαν</span> <span class='ocrx_word' id='word_1_78' title='bbox 322 522 449 553; x_wconf 76' lang='grc' dir='ltr'>ἐπιεικῶς</span> <span class='ocrx_word' id='word_1_79' title='bbox 462 520 645 555; x_wconf 69' lang='grc' dir='ltr'><strong>καταπτῆξαι·</strong></span> <span class='ocrx_word' id='word_1_80' title='bbox 658 520 705 546; x_wconf 74' lang='grc' dir='ltr'>καὶ</span> <span class='ocrx_word' id='word_1_81' title='bbox 715 519 751 551; x_wconf 82' lang='grc' dir='ltr'>ὡς</span> <span class='ocrx_word' id='word_1_82' title='bbox 764 519 817 545; x_wconf 77' lang='grc' dir='ltr'>τῶν</span> <span class='ocrx_word' id='word_1_83' title='bbox 831 518 905 553; x_wconf 82' lang='grc' dir='ltr'>αὐτῷ</span> 
     </span>
    </p>
   </div>
   <div class='ocr_carea' id='block_1_14' title="bbox 123 565 904 604">
    <p class='ocr_par' dir='ltr' id='par_1_14' title="bbox 123 565 904 604">
     <span class='ocr_line' id='line_1_14' title="bbox 123 565 904 604; baseline -0.005 -9"><span class='ocrx_word' id='word_1_84' title='bbox 123 569 265 604; x_wconf 86' lang='grc' dir='ltr'><strong>γνωρίμων</strong></span> <span class='ocrx_word' id='word_1_85' title='bbox 283 577 325 599; x_wconf 82' lang='grc' dir='ltr'><strong>τις</strong></span> <span class='ocrx_word' id='word_1_86' title='bbox 352 568 391 602; x_wconf 85' lang='grc' dir='ltr'>τῷ</span> <span class='ocrx_word' id='word_1_87' title='bbox 413 568 523 602; x_wconf 78' lang='grc' dir='ltr'>ἄρχοντι</span> <span class='ocrx_word' id='word_1_88' title='bbox 546 565 690 602; x_wconf 77' lang='grc' dir='ltr'>παρεστὼς</span> <span class='ocrx_word' id='word_1_89' title='bbox 712 566 752 597; x_wconf 85' lang='grc' dir='ltr'><strong>είς</strong></span> <span class='ocrx_word' id='word_1_90' title='bbox 771 565 904 599; x_wconf 75' lang='grc' dir='ltr'>ἐξέτασιν,</span> 
     </span>
    </p>
   </div>
   <div class='ocr_carea' id='block_1_15' title="bbox 123 613 638 650">
    <p class='ocr_par' dir='ltr' id='par_1_15' title="bbox 123 613 638 650">
     <span class='ocr_line' id='line_1_15' title="bbox 123 613 638 650; baseline -0.006 -8"><span class='ocrx_word' id='word_1_91' title='bbox 123 615 229 650; x_wconf 79' lang='grc' dir='ltr'>ἀπαθὴς</span> <span class='ocrx_word' id='word_1_92' title='bbox 243 614 335 641; x_wconf 71' lang='grc' dir='ltr'>κακῶν</span> <span class='ocrx_word' id='word_1_93' title='bbox 349 615 395 640; x_wconf 81' lang='grc' dir='ltr'><strong>ὑπ’</strong></span> <span class='ocrx_word' id='word_1_94' title='bbox 416 614 498 640; x_wconf 77' lang='grc' dir='ltr'>αὑτοῦ</span> <span class='ocrx_word' id='word_1_95' title='bbox 514 613 638 648; x_wconf 79' lang='grc' dir='ltr'>ἀφεθείη.</span> 
     </span>
    </p>
   </div>
   <div class='ocr_carea' id='block_1_16' title="bbox 161 741 905 780">
    <p class='ocr_par' dir='ltr' id='par_1_16' title="bbox 161 741 905 780">
     <span class='ocr_line' id='line_1_16' title="bbox 161 741 905 780; baseline -0.005 -9"><span class='ocrx_word' id='word_1_96' title='bbox 161 747 226 780; x_wconf 66' lang='lat' dir='ltr'><strong>po‘f’.</strong></span> <span class='ocrx_word' id='word_1_97' title='bbox 244 743 336 770; x_wconf 81' lang='grc' dir='ltr'>Ταῦτα</span> <span class='ocrx_word' id='word_1_98' title='bbox 353 745 366 770; x_wconf 82' lang='grc' dir='ltr'>ὁ</span> <span class='ocrx_word' id='word_1_99' title='bbox 378 744 428 778; x_wconf 80' lang='grc' dir='ltr'><strong>μὲν</strong></span> <span class='ocrx_word' id='word_1_100' title='bbox 446 743 517 775; x_wconf 80' lang='grc' dir='ltr'>ἰδὼν,</span> <span class='ocrx_word' id='word_1_101' title='bbox 529 743 584 774; x_wconf 86' lang='grc' dir='ltr'>τοῖς</span> <span class='ocrx_word' id='word_1_102' title='bbox 597 742 731 777; x_wconf 83' lang='grc' dir='ltr'>μαθηταῖς</span> <span class='ocrx_word' id='word_1_103' title='bbox 743 741 905 777; x_wconf 78' lang='grc' dir='ltr'><strong>ἐξηγήσατο·</strong></span> 
     </span>
    </p>
   </div>
   <div class='ocr_carea' id='block_1_17' title="bbox 124 787 908 825">
    <p class='ocr_par' dir='ltr' id='par_1_17' title="bbox 124 787 908 825">
     <span class='ocr_line' id='line_1_17' title="bbox 124 787 908 825; baseline -0.006 -8"><span class='ocrx_word' id='word_1_104' title='bbox 124 790 184 825; x_wconf 76' lang='grc' dir='ltr'><strong>ἑξῆς</strong></span> <span class='ocrx_word' id='word_1_105' title='bbox 198 791 225 816; x_wconf 82' lang='grc' dir='ltr'>δὲ</span> <span class='ocrx_word' id='word_1_106' title='bbox 243 791 291 817; x_wconf 75' lang='grc' dir='ltr'><strong>καὶ</strong></span> <span class='ocrx_word' id='word_1_107' title='bbox 304 790 317 816; x_wconf 87' lang='grc' dir='ltr'><strong>ὃ</strong></span> <span class='ocrx_word' id='word_1_108' title='bbox 338 790 363 815; x_wconf 77' lang='grc' dir='ltr'><strong>τί</strong></span> <span class='ocrx_word' id='word_1_109' title='bbox 393 798 457 815; x_wconf 84' lang='grc' dir='ltr'>ποτε</span> <span class='ocrx_word' id='word_1_110' title='bbox 473 789 506 815; x_wconf 83' lang='grc' dir='ltr'>τὰ</span> <span class='ocrx_word' id='word_1_111' title='bbox 534 788 650 823; x_wconf 68' lang='grc' dir='ltr'>ὀφθέντα</span> <span class='ocrx_word' id='word_1_112' title='bbox 670 788 794 823; x_wconf 83' lang='grc' dir='ltr'>βούλεται</span> <span class='ocrx_word' id='word_1_113' title='bbox 815 787 908 820; x_wconf 83' lang='grc' dir='ltr'>σαφῶς</span> 
     </span>
    </p>
   </div>
   <div class='ocr_carea' id='block_1_18' title="bbox 124 833 908 871">
    <p class='ocr_par' dir='ltr' id='par_1_18' title="bbox 124 833 908 871">
     <span class='ocr_line' id='line_1_18' title="bbox 124 833 908 871; baseline -0.005 -9"><span class='ocrx_word' id='word_1_114' title='bbox 124 837 243 871; x_wconf 74' lang='grc' dir='ltr'>ἐπεξῄει,</span> <span class='ocrx_word' id='word_1_115' title='bbox 260 836 297 867; x_wconf 80' lang='grc' dir='ltr'>ὡς</span> <span class='ocrx_word' id='word_1_116' title='bbox 313 836 366 869; x_wconf 82' lang='grc' dir='ltr'>ἄρα</span> <span class='ocrx_word' id='word_1_117' title='bbox 386 835 500 869; x_wconf 71' lang='grc' dir='ltr'>φοόερὸς</span> <span class='ocrx_word' id='word_1_118' title='bbox 521 834 660 860; x_wconf 79' lang='grc' dir='ltr'>ἐλεύσεται</span> <span class='ocrx_word' id='word_1_119' title='bbox 677 834 778 868; x_wconf 75' lang='grc' dir='ltr'>ἄρχων,</span> <span class='ocrx_word' id='word_1_120' title='bbox 797 833 843 859; x_wconf 74' lang='grc' dir='ltr'>καὶ</span> <span class='ocrx_word' id='word_1_121' title='bbox 859 833 908 864; x_wconf 83' lang='grc' dir='ltr'>τὰς</span> 
     </span>
    </p>
   </div>
   <div class='ocr_carea' id='block_1_19' title="bbox 127 876 906 912">
    <p class='ocr_par' dir='ltr' id='par_1_19' title="bbox 127 876 906 912">
     <span class='ocr_line' id='line_1_19' title="bbox 127 876 906 912; baseline -0.004 -6"><span class='ocrx_word' id='word_1_122' title='bbox 127 880 252 910; x_wconf 74' lang='grc' dir='ltr'>ἁσεσείας</span> <span class='ocrx_word' id='word_1_123' title='bbox 263 879 353 905; x_wconf 81' lang='grc' dir='ltr'>αὐτῶν</span> <span class='ocrx_word' id='word_1_124' title='bbox 369 877 484 912; x_wconf 78' lang='grc' dir='ltr'>ἐλέγξει,</span> <span class='ocrx_word' id='word_1_125' title='bbox 500 878 553 904; x_wconf 83' lang='grc' dir='ltr'><strong>τῶν</strong></span> <span class='ocrx_word' id='word_1_126' title='bbox 566 876 596 904; x_wconf 79' lang='grc' dir='ltr'>δὲ</span> <span class='ocrx_word' id='word_1_127' title='bbox 613 878 659 904; x_wconf 71' lang='grc' dir='ltr'><strong>καὶ</strong></span> <span class='ocrx_word' id='word_1_128' title='bbox 675 878 789 904; x_wconf 81' lang='grc' dir='ltr'>θανάτου</span> <span class='ocrx_word' id='word_1_129' title='bbox 806 877 906 911; x_wconf 72' lang='grc' dir='ltr'>τρόπον</span> 
     </span>
    </p>
   </div>
   <div class='ocr_carea' id='block_1_20' title="bbox 127 923 906 960">
    <p class='ocr_par' dir='ltr' id='par_1_20' title="bbox 127 923 906 960">
     <span class='ocr_line' id='line_1_20' title="bbox 127 923 906 960; baseline -0.004 -8"><span class='ocrx_word' id='word_1_130' title='bbox 127 926 301 952; x_wconf 79' lang='grc' dir='ltr'>καταδικάσει</span> <span class='ocrx_word' id='word_1_131' title='bbox 322 925 483 960; x_wconf 81' lang='grc' dir='ltr'>βαρύτατον.</span> <span class='ocrx_word' id='word_1_132' title='bbox 503 925 587 951; x_wconf 84' lang='grc' dir='ltr'>Τοῦτο</span> <span class='ocrx_word' id='word_1_133' title='bbox 610 925 664 959; x_wconf 75' lang='grc' dir='ltr'><strong>γὰρ</strong></span> <span class='ocrx_word' id='word_1_134' title='bbox 682 924 815 958; x_wconf 75' lang='grc' dir='ltr'>ἑπόμενος</span> <span class='ocrx_word' id='word_1_135' title='bbox 836 923 906 949; x_wconf 85' lang='grc' dir='ltr'>ὑπο-</span> 
     </span>
    </p>
   </div>
   <div class='ocr_carea' id='block_1_21' title="bbox 125 970 905 1007">
    <p class='ocr_par' dir='ltr' id='par_1_21' title="bbox 125 970 905 1007">
     <span class='ocr_line' id='line_1_21' title="bbox 125 970 905 1007; baseline -0.004 -9"><span class='ocrx_word' id='word_1_136' title='bbox 125 973 212 1006; x_wconf 77' lang='grc' dir='ltr'>φαίνει.</span> <span class='ocrx_word' id='word_1_137' title='bbox 225 973 239 998; x_wconf 85' lang='grc' dir='ltr'><strong>ό</strong></span> <span class='ocrx_word' id='word_1_138' title='bbox 258 972 404 1007; x_wconf 76' lang='grc' dir='ltr'><strong>Ἰορδάνης,</strong></span> <span class='ocrx_word' id='word_1_139' title='bbox 419 971 459 997; x_wconf 80' lang='grc' dir='ltr'><strong>ὅτι</strong></span> <span class='ocrx_word' id='word_1_140' title='bbox 471 972 560 997; x_wconf 83' lang='grc' dir='ltr'>πᾶσαν</span> <span class='ocrx_word' id='word_1_141' title='bbox 575 971 664 997; x_wconf 83' lang='grc' dir='ltr'>αὐτῶν</span> <span class='ocrx_word' id='word_1_142' title='bbox 683 970 830 996; x_wconf 77' lang='grc' dir='ltr'>καταδύσει</span> <span class='ocrx_word' id='word_1_143' title='bbox 845 970 905 996; x_wconf 84' lang='grc' dir='ltr'>θεο-</span> 
     </span>
    </p>
   </div>
   <div class='ocr_carea' id='block_1_22' title="bbox 127 1016 906 1052">
    <p class='ocr_par' dir='ltr' id='par_1_22' title="bbox 127 1016 906 1052">
     <span class='ocr_line' id='line_1_22' title="bbox 127 1016 906 1052; baseline -0.003 -9"><span class='ocrx_word' id='word_1_144' title='bbox 127 1018 234 1052; x_wconf 68' lang='grc' dir='ltr'>μαχίαν,</span> <span class='ocrx_word' id='word_1_145' title='bbox 251 1017 345 1052; x_wconf 83' lang='grc' dir='ltr'>ὥσπερ</span> <span class='ocrx_word' id='word_1_146' title='bbox 360 1018 374 1043; x_wconf 89' lang='grc' dir='ltr'><strong>ό</strong></span> <span class='ocrx_word' id='word_1_147' title='bbox 389 1017 645 1051; x_wconf 79' lang='grc' dir='ltr'>ἀνακαλυπτόμενος</span> <span class='ocrx_word' id='word_1_148' title='bbox 667 1016 833 1051; x_wconf 73' lang='grc' dir='ltr'>παράδεισος</span> <span class='ocrx_word' id='word_1_149' title='bbox 856 1016 906 1042; x_wconf 81' lang='grc' dir='ltr'><strong>πά-</strong></span> 
     </span>
    </p>
   </div>
   <div class='ocr_carea' id='block_1_23' title="bbox 124 1061 906 1096">
    <p class='ocr_par' dir='ltr' id='par_1_23' title="bbox 124 1061 906 1096">
     <span class='ocr_line' id='line_1_23' title="bbox 124 1061 906 1096; baseline -0.004 -7"><span class='ocrx_word' id='word_1_150' title='bbox 124 1062 174 1095; x_wconf 71' lang='grc' dir='ltr'>λιν,</span> <span class='ocrx_word' id='word_1_151' title='bbox 193 1063 241 1093; x_wconf 77' lang='grc' dir='ltr'>τὰς</span> <span class='ocrx_word' id='word_1_152' title='bbox 256 1063 362 1096; x_wconf 75' lang='grc' dir='ltr'>ἀγαθὰς</span> <span class='ocrx_word' id='word_1_153' title='bbox 388 1062 441 1088; x_wconf 85' lang='grc' dir='ltr'>τῶν</span> <span class='ocrx_word' id='word_1_154' title='bbox 460 1061 573 1088; x_wconf 80' lang='grc' dir='ltr'>δικαίων</span> <span class='ocrx_word' id='word_1_155' title='bbox 597 1061 773 1087; x_wconf 77' lang='grc' dir='ltr'>ὑποδείκνυσι</span> <span class='ocrx_word' id='word_1_156' title='bbox 795 1061 906 1096; x_wconf 68' lang='grc' dir='ltr'>παρρη-</span> 
     </span>
    </p>
   </div>
   <div class='ocr_carea' id='block_1_24' title="bbox 126 1107 907 1143">
    <p class='ocr_par' dir='ltr' id='par_1_24' title="bbox 126 1107 907 1143">
     <span class='ocr_line' id='line_1_24' title="bbox 126 1107 907 1143; baseline -0.004 -8"><span class='ocrx_word' id='word_1_157' title='bbox 126 1109 319 1143; x_wconf 81' lang='grc' dir='ltr'>σιασθήσεσοαι</span> <span class='ocrx_word' id='word_1_158' title='bbox 348 1108 470 1143; x_wconf 73' lang='grc' dir='ltr'>πράξεις.</span> <span class='ocrx_word' id='word_1_159' title='bbox 499 1108 534 1133; x_wconf 85' lang='grc' dir='ltr'>Τδ</span> <span class='ocrx_word' id='word_1_160' title='bbox 581 1107 672 1142; x_wconf 79' lang='grc' dir='ltr'>μέντοι</span> <span class='ocrx_word' id='word_1_161' title='bbox 709 1107 907 1141; x_wconf 82' lang='grc' dir='ltr'><strong>περιαγόμενον</strong></span> 
     </span>
    </p>
   </div>
   <div class='ocr_carea' id='block_1_25' title="bbox 124 1152 907 1189">
    <p class='ocr_par' dir='ltr' id='par_1_25' title="bbox 124 1152 907 1189">
     <span class='ocr_line' id='line_1_25' title="bbox 124 1152 907 1189; baseline -0.005 -8"><span class='ocrx_word' id='word_1_162' title='bbox 124 1155 226 1189; x_wconf 74' lang='grc' dir='ltr'>θηρίον,</span> <span class='ocrx_word' id='word_1_163' title='bbox 240 1156 256 1187; x_wconf 89' lang='grc' dir='ltr'>ἡ</span> <span class='ocrx_word' id='word_1_164' title='bbox 274 1153 318 1180; x_wconf 79' lang='grc' dir='ltr'>τοῦ</span> <span class='ocrx_word' id='word_1_165' title='bbox 342 1153 464 1180; x_wconf 81' lang='grc' dir='ltr'>διαϐόλου</span> <span class='ocrx_word' id='word_1_166' title='bbox 480 1153 512 1179; x_wconf 87' lang='grc' dir='ltr'><strong>ἂν</strong></span> <span class='ocrx_word' id='word_1_167' title='bbox 529 1152 572 1187; x_wconf 77' lang='grc' dir='ltr'><strong>εἴη</strong></span> <span class='ocrx_word' id='word_1_168' title='bbox 584 1153 681 1187; x_wconf 79' lang='grc' dir='ltr'>πλάνη,</span> <span class='ocrx_word' id='word_1_169' title='bbox 695 1152 728 1187; x_wconf 78' lang='grc' dir='ltr'>ἣν</span> <span class='ocrx_word' id='word_1_170' title='bbox 743 1153 768 1178; x_wconf 70' lang='lat' dir='ltr'><strong>ot</strong></span> <span class='ocrx_word' id='word_1_171' title='bbox 798 1152 907 1184; x_wconf 82' lang='grc' dir='ltr'>μάταιοι</span> 
     </span>
    </p>
   </div>
   <div class='ocr_carea' id='block_1_26' title="bbox 124 1199 908 1234">
    <p class='ocr_par' dir='ltr' id='par_1_26' title="bbox 124 1199 908 1234">
     <span class='ocr_line' id='line_1_26' title="bbox 124 1199 908 1234; baseline -0.001 -7"><span class='ocrx_word' id='word_1_172' title='bbox 124 1201 169 1227; x_wconf 76' lang='grc' dir='ltr'><strong>ἐπὶ</strong></span> <span class='ocrx_word' id='word_1_173' title='bbox 184 1202 239 1232; x_wconf 81' lang='grc' dir='ltr'>τοῖς</span> <span class='ocrx_word' id='word_1_174' title='bbox 257 1200 374 1232; x_wconf 80' lang='grc' dir='ltr'>εἰδώλοις</span> <span class='ocrx_word' id='word_1_175' title='bbox 385 1199 583 1234; x_wconf 80' lang='grc' dir='ltr'>πεπλανηνται,</span> <span class='ocrx_word' id='word_1_176' title='bbox 599 1199 615 1234; x_wconf 85' lang='grc' dir='ltr'>ἢ</span> <span class='ocrx_word' id='word_1_177' title='bbox 636 1202 682 1226; x_wconf 71' lang='grc' dir='ltr'>καὶ</span> <span class='ocrx_word' id='word_1_178' title='bbox 696 1199 908 1234; x_wconf 75' lang='grc' dir='ltr'>δημοσιευθεῖσα</span> 
     </span>
    </p>
   </div>
   <div class='ocr_carea' id='block_1_27' title="bbox 123 1245 906 1281">
    <p class='ocr_par' dir='ltr' id='par_1_27' title="bbox 123 1245 906 1281">
     <span class='ocr_line' id='line_1_27' title="bbox 123 1245 906 1281; baseline -0.003 -9"><span class='ocrx_word' id='word_1_179' title='bbox 123 1248 272 1281; x_wconf 76' lang='grc' dir='ltr'>οἰχήσεται,</span> <span class='ocrx_word' id='word_1_180' title='bbox 289 1246 457 1273; x_wconf 79' lang='grc' dir='ltr'>λανθάνουσα</span> <span class='ocrx_word' id='word_1_181' title='bbox 475 1245 509 1271; x_wconf 86' lang='grc' dir='ltr'>τὰ</span> <span class='ocrx_word' id='word_1_182' title='bbox 530 1245 616 1271; x_wconf 78' lang='grc' dir='ltr'>πολλὰ</span> <span class='ocrx_word' id='word_1_183' title='bbox 630 1245 698 1276; x_wconf 81' lang='grc' dir='ltr'>τέως</span> <span class='ocrx_word' id='word_1_184' title='bbox 720 1245 768 1271; x_wconf 79' lang='grc' dir='ltr'><strong>καὶ</strong></span> <span class='ocrx_word' id='word_1_185' title='bbox 785 1253 906 1280; x_wconf 84' lang='grc' dir='ltr'>κρυπτο-</span> 
     </span>
    </p>
   </div>
   <div class='ocr_carea' id='block_1_28' title="bbox 125 1289 907 1328">
    <p class='ocr_par' dir='ltr' id='par_1_28' title="bbox 125 1289 907 1328">
     <span class='ocr_line' id='line_1_28' title="bbox 125 1289 907 1328; baseline -0.003 -10"><span class='ocrx_word' id='word_1_186' title='bbox 125 1293 201 1328; x_wconf 86' lang='grc' dir='ltr'>μένη.</span> <span class='ocrx_word' id='word_1_187' title='bbox 221 1292 398 1327; x_wconf 71' lang='grc' dir='ltr'>Παρ;δήλωσε</span> <span class='ocrx_word' id='word_1_188' title='bbox 418 1291 445 1317; x_wconf 86' lang='grc' dir='ltr'>δὲ</span> <span class='ocrx_word' id='word_1_189' title='bbox 463 1294 510 1318; x_wconf 74' lang='grc' dir='ltr'>καλ.</span> <span class='ocrx_word' id='word_1_190' title='bbox 525 1291 563 1326; x_wconf 84' lang='grc' dir='ltr'>τῷ</span> <span class='ocrx_word' id='word_1_191' title='bbox 578 1291 618 1321; x_wconf 73' lang='grc' dir='ltr'>εἰς</span> <span class='ocrx_word' id='word_1_192' title='bbox 637 1291 759 1322; x_wconf 79' lang='grc' dir='ltr'>ἐξέτασιν</span> <span class='ocrx_word' id='word_1_193' title='bbox 784 1290 837 1325; x_wconf 77' lang='grc' dir='ltr'><strong>πρὸ</strong></span> <span class='ocrx_word' id='word_1_194' title='bbox 859 1289 907 1316; x_wconf 74' lang='grc' dir='ltr'>τοῦ</span> 
     </span>
    </p>
   </div>
   <div class='ocr_carea' id='block_1_29' title="bbox 125 1335 909 1372">
    <p class='ocr_par' dir='ltr' id='par_1_29' title="bbox 125 1335 909 1372">
     <span class='ocr_line' id='line_1_29' title="bbox 125 1335 909 1372; baseline -0.005 -7"><span class='ocrx_word' id='word_1_195' title='bbox 125 1339 253 1372; x_wconf 65' lang='grc' dir='ltr'>ἄρχοντες</span> <span class='ocrx_word' id='word_1_196' title='bbox 274 1337 442 1372; x_wconf 76' lang='grc' dir='ltr'>παρεστάναι</span> <span class='ocrx_word' id='word_1_197' title='bbox 465 1337 583 1370; x_wconf 80' lang='grc' dir='ltr'><strong>φανέντι,</strong></span> <span class='ocrx_word' id='word_1_198' title='bbox 600 1335 768 1369; x_wconf 76' lang='grc' dir='ltr'>φυλάξασθαι</span> <span class='ocrx_word' id='word_1_199' title='bbox 791 1336 840 1367; x_wconf 87' lang='grc' dir='ltr'>τὰς</span> <span class='ocrx_word' id='word_1_200' title='bbox 854 1335 909 1362; x_wconf 82' lang='grc' dir='ltr'>τῶν</span> 
     </span>
    </p>
   </div>
   <div class='ocr_carea' id='block_1_30' title="bbox 125 1382 910 1417">
    <p class='ocr_par' dir='ltr' id='par_1_30' title="bbox 125 1382 910 1417">
     <span class='ocr_line' id='line_1_30' title="bbox 125 1382 910 1417; baseline 0 -9"><span class='ocrx_word' id='word_1_201' title='bbox 125 1383 232 1417; x_wconf 61' lang='grc' dir='ltr'>ςαύλων</span> <span class='ocrx_word' id='word_1_202' title='bbox 247 1383 363 1417; x_wconf 84' lang='grc' dir='ltr'>όμιλίας,</span> <span class='ocrx_word' id='word_1_203' title='bbox 382 1382 471 1417; x_wconf 81' lang='grc' dir='ltr'>ἐαυτῷ</span> <span class='ocrx_word' id='word_1_204' title='bbox 487 1383 533 1408; x_wconf 83' lang='grc' dir='ltr'>τοῦ</span> <span class='ocrx_word' id='word_1_205' title='bbox 550 1382 644 1408; x_wconf 80' lang='grc' dir='ltr'>λοιποῦ</span> <span class='ocrx_word' id='word_1_206' title='bbox 657 1383 701 1408; x_wconf 72' lang='grc' dir='ltr'>ἐπὶ</span> <span class='ocrx_word' id='word_1_207' title='bbox 717 1382 798 1408; x_wconf 87' lang='grc' dir='ltr'>πλέον</span> <span class='ocrx_word' id='word_1_208' title='bbox 824 1390 910 1416; x_wconf 81' lang='grc' dir='ltr'>προσ-</span> 
     </span>
    </p>
   </div>
   <div class='ocr_carea' id='block_1_31' title="bbox 125 1427 909 1464">
    <p class='ocr_par' dir='ltr' id='par_1_31' title="bbox 125 1427 909 1464">
     <span class='ocr_line' id='line_1_31' title="bbox 125 1427 909 1464; baseline -0.004 -8"><span class='ocrx_word' id='word_1_209' title='bbox 125 1432 231 1463; x_wconf 61' lang='grc' dir='ltr'>σιόντα.</span> <span class='ocrx_word' id='word_1_210' title='bbox 250 1430 328 1463; x_wconf 74' lang='grc' dir='ltr'>Ἄρτι</span> <span class='ocrx_word' id='word_1_211' title='bbox 343 1429 392 1464; x_wconf 80' lang='grc' dir='ltr'>μὲν</span> <span class='ocrx_word' id='word_1_212' title='bbox 407 1427 453 1455; x_wconf 82' lang='grc' dir='ltr'><strong>οὖν</strong></span> <span class='ocrx_word' id='word_1_213' title='bbox 471 1429 557 1454; x_wconf 81' lang='grc' dir='ltr'>ταῦτα</span> <span class='ocrx_word' id='word_1_214' title='bbox 572 1429 585 1454; x_wconf 82' lang='grc' dir='ltr'><strong>ὁ</strong></span> <span class='ocrx_word' id='word_1_215' title='bbox 601 1427 714 1462; x_wconf 79' lang='grc' dir='ltr'>Συμεὼν</span> <span class='ocrx_word' id='word_1_216' title='bbox 728 1429 888 1463; x_wconf 74' lang='grc' dir='ltr'>προειρήκει</span> <span class='ocrx_word' id='word_1_217' title='bbox 902 1435 909 1442; x_wconf 73' lang='grc' dir='ltr'><strong>θ</strong></span> 
     </span>
    </p>
   </div>
   <div class='ocr_carea' id='block_1_32' title="bbox 123 1471 907 1508">
    <p class='ocr_par' dir='ltr' id='par_1_32' title="bbox 123 1471 907 1508">
     <span class='ocr_line' id='line_1_32' title="bbox 123 1471 907 1508; baseline -0.006 -7"><span class='ocrx_word' id='word_1_218' title='bbox 123 1476 199 1500; x_wconf 77' lang='grc' dir='ltr'>οὒπω</span> <span class='ocrx_word' id='word_1_219' title='bbox 211 1475 238 1500; x_wconf 78' lang='grc' dir='ltr'>δὲ</span> <span class='ocrx_word' id='word_1_220' title='bbox 252 1475 380 1508; x_wconf 82' lang='grc' dir='ltr'>τέταρτος</span> <span class='ocrx_word' id='word_1_221' title='bbox 401 1472 522 1508; x_wconf 76' lang='grc' dir='ltr'>παρῆλθε</span> <span class='ocrx_word' id='word_1_222' title='bbox 541 1471 641 1506; x_wconf 75' lang='grc' dir='ltr'>μεταξὺ</span> <span class='ocrx_word' id='word_1_223' title='bbox 659 1471 723 1506; x_wconf 81' lang='grc' dir='ltr'>μὴν,</span> <span class='ocrx_word' id='word_1_224' title='bbox 741 1471 788 1501; x_wconf 81' lang='grc' dir='ltr'><strong>καί</strong></span> <span class='ocrx_word' id='word_1_225' title='bbox 802 1479 846 1501; x_wconf 82' lang='grc' dir='ltr'><strong>τις</strong></span> <span class='ocrx_word' id='word_1_226' title='bbox 858 1479 907 1506; x_wconf 88' lang='grc' dir='ltr'><strong>με-</strong></span> 
     </span>
    </p>
   </div>
   <div class='ocr_carea' id='block_1_33' title="bbox 124 1509 941 1554">
    <p class='ocr_par' dir='ltr' id='par_1_33' title="bbox 124 1509 941 1554">
     <span class='ocr_line' id='line_1_33' title="bbox 124 1509 941 1554; baseline -0.004 -10"><span class='ocrx_word' id='word_1_227' title='bbox 124 1519 259 1554; x_wconf 74' lang='grc' dir='ltr'>γάληνείς</span> <span class='ocrx_word' id='word_1_228' title='bbox 284 1518 318 1544; x_wconf 81' lang='grc' dir='ltr'>τὰ</span> <span class='ocrx_word' id='word_1_229' title='bbox 342 1518 408 1552; x_wconf 64' lang='grc' dir='ltr'>πρὶς</span> <span class='ocrx_word' id='word_1_230' title='bbox 431 1517 468 1542; x_wconf 82' lang='grc' dir='ltr'>ἓω</span> <span class='ocrx_word' id='word_1_231' title='bbox 490 1516 579 1543; x_wconf 75' lang='grc' dir='ltr'>λαϐὼν</span> <span class='ocrx_word' id='word_1_232' title='bbox 603 1516 700 1551; x_wconf 84' lang='grc' dir='ltr'>ἀρχὴν,</span> <span class='ocrx_word' id='word_1_233' title='bbox 711 1515 842 1550; x_wconf 79' lang='grc' dir='ltr'>ἐπεδήμει</span> <span class='ocrx_word' id='word_1_234' title='bbox 871 1516 905 1550; x_wconf 86' lang='grc' dir='ltr'>τῇ</span> <span class='ocrx_word' id='word_1_235' title='bbox 920 1509 941 1537; x_wconf 82' lang='lat' dir='ltr'>C</span> 
     </span>
    </p>
   </div>
   <div class='ocr_carea' id='block_1_34' title="bbox 130 1562 905 1599">
    <p class='ocr_par' dir='ltr' id='par_1_34' title="bbox 130 1562 905 1599">
     <span class='ocr_line' id='line_1_34' title="bbox 130 1562 905 1599; baseline -0.004 -8"><span class='ocrx_word' id='word_1_236' title='bbox 130 1565 277 1599; x_wconf 79' lang='grc' dir='ltr'>Ἀντιόχου,</span> <span class='ocrx_word' id='word_1_237' title='bbox 311 1564 453 1598; x_wconf 81' lang='grc' dir='ltr'>Ἀμάντιος</span> <span class='ocrx_word' id='word_1_238' title='bbox 477 1563 581 1597; x_wconf 70' lang='grc' dir='ltr'>ὄνομα,</span> <span class='ocrx_word' id='word_1_239' title='bbox 610 1562 677 1596; x_wconf 84' lang='grc' dir='ltr'>ἀνὴρ</span> <span class='ocrx_word' id='word_1_240' title='bbox 710 1562 905 1593; x_wconf 76' lang='grc' dir='ltr'>παιδευτικὸς,</span> 
     </span>
    </p>
   </div>
   <div class='ocr_carea' id='block_1_35' title="bbox 123 1607 906 1645">
    <p class='ocr_par' dir='ltr' id='par_1_35' title="bbox 123 1607 906 1645">
     <span class='ocr_line' id='line_1_35' title="bbox 123 1607 906 1645; baseline -0.005 -10"><span class='ocrx_word' id='word_1_241' title='bbox 123 1610 245 1645; x_wconf 72' lang='grc' dir='ltr'>ἀρχικὸς,</span> <span class='ocrx_word' id='word_1_242' title='bbox 267 1609 388 1643; x_wconf 75' lang='grc' dir='ltr'>λογισμῷ</span> <span class='ocrx_word' id='word_1_243' title='bbox 407 1609 555 1643; x_wconf 68' lang='grc' dir='ltr'>χρώμενος,</span> <span class='ocrx_word' id='word_1_244' title='bbox 570 1608 693 1642; x_wconf 51' lang='lat' dir='ltr'><strong>apsenti;</strong></span> <span class='ocrx_word' id='word_1_245' title='bbox 715 1608 764 1642; x_wconf 81' lang='grc' dir='ltr'>τὴν</span> <span class='ocrx_word' id='word_1_246' title='bbox 782 1607 906 1642; x_wconf 66' lang='grc' dir='ltr'>γνώμην,</span> 
     </span>
    </p>
   </div>
   <div class='ocr_carea' id='block_1_36' title="bbox 123 1652 893 1690">
    <p class='ocr_par' dir='ltr' id='par_1_36' title="bbox 123 1652 893 1690">
     <span class='ocr_line' id='line_1_36' title="bbox 123 1652 893 1690; baseline -0.006 -8"><span class='ocrx_word' id='word_1_247' title='bbox 123 1657 264 1690; x_wconf 76' lang='grc' dir='ltr'>ἐλεύθερος</span> <span class='ocrx_word' id='word_1_248' title='bbox 278 1656 327 1688; x_wconf 78' lang='grc' dir='ltr'>τὴν</span> <span class='ocrx_word' id='word_1_249' title='bbox 341 1655 439 1689; x_wconf 78' lang='grc' dir='ltr'>ψυχὴν,</span> <span class='ocrx_word' id='word_1_250' title='bbox 454 1653 536 1687; x_wconf 77' lang='grc' dir='ltr'>ζυγοῦ</span> <span class='ocrx_word' id='word_1_251' title='bbox 551 1654 613 1687; x_wconf 73' lang='grc' dir='ltr'>περὶ</span> <span class='ocrx_word' id='word_1_252' title='bbox 628 1653 658 1679; x_wconf 73' lang='grc' dir='ltr'><strong>τὸ</strong></span> <span class='ocrx_word' id='word_1_253' title='bbox 674 1653 777 1678; x_wconf 77' lang='grc' dir='ltr'>δίκαιον</span> <span class='ocrx_word' id='word_1_254' title='bbox 795 1652 893 1687; x_wconf 77' lang='grc' dir='ltr'>ἀκριόἐ</span> 
     </span>
    </p>
   </div>
   <div class='ocr_carea' id='block_1_37' title="bbox 124 1698 909 1737">
    <p class='ocr_par' dir='ltr' id='par_1_37' title="bbox 124 1698 909 1737">
     <span class='ocr_line' id='line_1_37' title="bbox 124 1698 909 1737; baseline -0.006 -9"><span class='ocrx_word' id='word_1_255' title='bbox 124 1710 230 1737; x_wconf 74' lang='grc' dir='ltr'>στεροε,</span> <span class='ocrx_word' id='word_1_256' title='bbox 249 1700 367 1726; x_wconf 76' lang='grc' dir='ltr'>τοσαῦτα</span> <span class='ocrx_word' id='word_1_257' title='bbox 387 1700 474 1734; x_wconf 83' lang='grc' dir='ltr'>ζηλῶν</span> <span class='ocrx_word' id='word_1_258' title='bbox 496 1700 565 1734; x_wconf 77' lang='grc' dir='ltr'>ὑπὲρ</span> <span class='ocrx_word' id='word_1_259' title='bbox 578 1699 687 1734; x_wconf 73' lang='grc' dir='ltr'>ἀρετῆς,</span> <span class='ocrx_word' id='word_1_260' title='bbox 705 1699 754 1724; x_wconf 78' lang='grc' dir='ltr'><strong>ὅσα</strong></span> <span class='ocrx_word' id='word_1_261' title='bbox 775 1699 823 1724; x_wconf 74' lang='grc' dir='ltr'>καὶ</span> <span class='ocrx_word' id='word_1_262' title='bbox 839 1698 909 1724; x_wconf 75' lang='grc' dir='ltr'>κατὰ</span> 
     </span>
    </p>
   </div>
   <div class='ocr_carea' id='block_1_38' title="bbox 122 1744 906 1782">
    <p class='ocr_par' dir='ltr' id='par_1_38' title="bbox 122 1744 906 1782">
     <span class='ocr_line' id='line_1_38' title="bbox 122 1744 906 1782; baseline -0.006 -8"><span class='ocrx_word' id='word_1_263' title='bbox 122 1749 172 1782; x_wconf 75' lang='grc' dir='ltr'>τῆς</span> <span class='ocrx_word' id='word_1_264' title='bbox 193 1748 301 1778; x_wconf 78' lang='grc' dir='ltr'>κακίας,</span> <span class='ocrx_word' id='word_1_265' title='bbox 319 1747 365 1772; x_wconf 73' lang='grc' dir='ltr'><strong>καὶ</strong></span> <span class='ocrx_word' id='word_1_266' title='bbox 380 1748 419 1777; x_wconf 82' lang='grc' dir='ltr'>εἰς</span> <span class='ocrx_word' id='word_1_267' title='bbox 433 1747 515 1780; x_wconf 80' lang='grc' dir='ltr'>ἀκρον</span> <span class='ocrx_word' id='word_1_268' title='bbox 531 1745 664 1779; x_wconf 78' lang='grc' dir='ltr'>ἑκάτερα’</span> <span class='ocrx_word' id='word_1_269' title='bbox 681 1744 709 1775; x_wconf 86' lang='grc' dir='ltr'>ὃς</span> <span class='ocrx_word' id='word_1_270' title='bbox 729 1745 776 1770; x_wconf 74' lang='grc' dir='ltr'><strong>καὶ</strong></span> <span class='ocrx_word' id='word_1_271' title='bbox 791 1744 843 1778; x_wconf 76' lang='grc' dir='ltr'>πρὸ</span> <span class='ocrx_word' id='word_1_272' title='bbox 860 1744 906 1770; x_wconf 82' lang='grc' dir='ltr'>τοῦ</span> 
     </span>
    </p>
   </div>
   <div class='ocr_carea' id='block_1_39' title="bbox 122 1789 908 1828">
    <p class='ocr_par' dir='ltr' id='par_1_39' title="bbox 122 1789 908 1828">
     <span class='ocr_line' id='line_1_39' title="bbox 122 1789 908 1828; baseline -0.006 -8"><span class='ocrx_word' id='word_1_273' title='bbox 122 1796 172 1828; x_wconf 62' lang='grc' dir='ltr'><strong>τὴν</strong></span> <span class='ocrx_word' id='word_1_274' title='bbox 195 1793 328 1827; x_wconf 66' lang='grc' dir='ltr'>Ἀντιόχου</span> <span class='ocrx_word' id='word_1_275' title='bbox 343 1792 517 1824; x_wconf 69' lang='grc' dir='ltr'>καταλαϐεῖν,</span> <span class='ocrx_word' id='word_1_276' title='bbox 532 1792 621 1817; x_wconf 71' lang='grc' dir='ltr'>πᾶσαν</span> <span class='ocrx_word' id='word_1_277' title='bbox 630 1790 668 1822; x_wconf 82' lang='grc' dir='ltr'>ὡς</span> <span class='ocrx_word' id='word_1_278' title='bbox 680 1789 736 1816; x_wconf 78' lang='grc' dir='ltr'>οἷόν</span> <span class='ocrx_word' id='word_1_279' title='bbox 748 1799 777 1816; x_wconf 85' lang='grc' dir='ltr'><strong>τε</strong></span> <span class='ocrx_word' id='word_1_280' title='bbox 789 1798 908 1825; x_wconf 75' lang='grc' dir='ltr'>κακουρ-</span> 
     </span>
    </p>
   </div>
   <div class='ocr_carea' id='block_1_40' title="bbox 121 1830 909 1876">
    <p class='ocr_par' dir='ltr' id='par_1_40' title="bbox 121 1830 909 1876">
     <span class='ocr_line' id='line_1_40' title="bbox 121 1830 909 1876; baseline -0.005 -10"><span class='ocrx_word' id='word_1_281' title='bbox 121 1841 187 1875; x_wconf 74' lang='grc' dir='ltr'>γίαν</span> <span class='ocrx_word' id='word_1_282' title='bbox 210 1830 344 1876; x_wconf 75' lang='grc' dir='ltr'>περιεῖλεν</span> <span class='ocrx_word' id='word_1_283' title='bbox 362 1838 412 1865; x_wconf 76' lang='grc' dir='ltr'><strong>ἀνὰ</strong></span> <span class='ocrx_word' id='word_1_284' title='bbox 432 1838 481 1873; x_wconf 85' lang='grc' dir='ltr'><strong>τὴν</strong></span> <span class='ocrx_word' id='word_1_285' title='bbox 502 1837 558 1863; x_wconf 78' lang='grc' dir='ltr'>Ἕω</span> <span class='ocrx_word' id='word_1_286' title='bbox 570 1845 577 1852; x_wconf 75' lang='grc' dir='ltr'><strong>ο</strong></span> <span class='ocrx_word' id='word_1_287' title='bbox 595 1837 752 1871; x_wconf 78' lang='grc' dir='ltr'>τομωτέραν</span> <span class='ocrx_word' id='word_1_288' title='bbox 768 1836 836 1862; x_wconf 82' lang='grc' dir='ltr'>κατὰ</span> <span class='ocrx_word' id='word_1_289' title='bbox 856 1837 909 1862; x_wconf 80' lang='grc' dir='ltr'><strong>τῶν</strong></span> 
     </span>
    </p>
   </div>
   <div class='ocr_carea' id='block_1_41' title="bbox 121 1882 908 1921">
    <p class='ocr_par' dir='ltr' id='par_1_41' title="bbox 121 1882 908 1921">
     <span class='ocr_line' id='line_1_41' title="bbox 121 1882 908 1921; baseline -0.006 -9"><span class='ocrx_word' id='word_1_290' title='bbox 121 1886 250 1912; x_wconf 86' lang='grc' dir='ltr'>τοιούτων</span> <span class='ocrx_word' id='word_1_291' title='bbox 279 1885 327 1921; x_wconf 80' lang='grc' dir='ltr'>τὴν</span> <span class='ocrx_word' id='word_1_292' title='bbox 359 1885 494 1920; x_wconf 77' lang='grc' dir='ltr'>μάχαιραν</span> <span class='ocrx_word' id='word_1_293' title='bbox 525 1883 635 1916; x_wconf 76' lang='grc' dir='ltr'>ἐπάγων</span> <span class='ocrx_word' id='word_1_294' title='bbox 667 1882 713 1908; x_wconf 84' lang='grc' dir='ltr'>τοῦ</span> <span class='ocrx_word' id='word_1_295' title='bbox 743 1882 908 1917; x_wconf 80' lang='grc' dir='ltr'>ἀξιώματος,</span> 
     </span>
    </p>
   </div>
   <div class='ocr_carea' id='block_1_42' title="bbox 122 1927 908 1963">
    <p class='ocr_par' dir='ltr' id='par_1_42' title="bbox 122 1927 908 1963">
     <span class='ocr_line' id='line_1_42' title="bbox 122 1927 908 1963; baseline -0.004 -6"><span class='ocrx_word' id='word_1_296' title='bbox 122 1931 193 1957; x_wconf 69' lang='grc' dir='ltr'>ὥστε</span> <span class='ocrx_word' id='word_1_297' title='bbox 214 1931 326 1957; x_wconf 72' lang='grc' dir='ltr'>δεδιέναι</span> <span class='ocrx_word' id='word_1_298' title='bbox 347 1930 450 1960; x_wconf 75' lang='grc' dir='ltr'>πάντας</span> <span class='ocrx_word' id='word_1_299' title='bbox 474 1929 521 1954; x_wconf 81' lang='grc' dir='ltr'><strong>καὶ</strong></span> <span class='ocrx_word' id='word_1_300' title='bbox 541 1928 650 1963; x_wconf 77' lang='grc' dir='ltr'>τρέμειν</span> <span class='ocrx_word' id='word_1_301' title='bbox 672 1928 740 1962; x_wconf 78' lang='grc' dir='ltr'>πρὸς</span> <span class='ocrx_word' id='word_1_302' title='bbox 759 1928 807 1963; x_wconf 81' lang='grc' dir='ltr'><strong>τὴν</strong></span> <span class='ocrx_word' id='word_1_303' title='bbox 825 1927 908 1955; x_wconf 80' lang='grc' dir='ltr'>αὑτοῦ</span> 
     </span>
    </p>
   </div>
   <div class='ocr_carea' id='block_1_43' title="bbox 122 1974 910 2011">
    <p class='ocr_par' dir='ltr' id='par_1_43' title="bbox 122 1974 910 2011">
     <span class='ocr_line' id='line_1_43' title="bbox 122 1974 910 2011; baseline -0.004 -9"><span class='ocrx_word' id='word_1_304' title='bbox 122 1976 285 2011; x_wconf 72' lang='grc' dir='ltr'>παρουσίαν,</span> <span class='ocrx_word' id='word_1_305' title='bbox 310 1976 340 2001; x_wconf 76' lang='grc' dir='ltr'>οὐ</span> <span class='ocrx_word' id='word_1_306' title='bbox 379 1975 496 2008; x_wconf 81' lang='grc' dir='ltr'>φαύλους</span> <span class='ocrx_word' id='word_1_307' title='bbox 524 1974 614 2009; x_wconf 84' lang='grc' dir='ltr'>μόνον,</span> <span class='ocrx_word' id='word_1_308' title='bbox 644 1974 704 2000; x_wconf 81' lang='grc' dir='ltr'>οὐδὲ</span> <span class='ocrx_word' id='word_1_309' title='bbox 730 1974 910 2009; x_wconf 80' lang='grc' dir='ltr'>κακούργους,</span> 
     </span>
    </p>
   </div>
   <div class='ocr_carea' id='block_1_44' title="bbox 122 2019 911 2056">
    <p class='ocr_par' dir='ltr' id='par_1_44' title="bbox 122 2019 911 2056">
     <span class='ocr_line' id='line_1_44' title="bbox 122 2019 911 2056; baseline -0.003 -8"><span class='ocrx_word' id='word_1_310' title='bbox 122 2022 191 2048; x_wconf 74' lang='grc' dir='ltr'>αλλὰ</span> <span class='ocrx_word' id='word_1_311' title='bbox 206 2023 252 2048; x_wconf 75' lang='grc' dir='ltr'>καὶ</span> <span class='ocrx_word' id='word_1_312' title='bbox 267 2019 305 2052; x_wconf 73' lang='grc' dir='ltr'>οἷς</span> <span class='ocrx_word' id='word_1_313' title='bbox 319 2022 349 2048; x_wconf 77' lang='grc' dir='ltr'><strong>τδ</strong></span> <span class='ocrx_word' id='word_1_314' title='bbox 363 2021 484 2052; x_wconf 76' lang='grc' dir='ltr'>ἐπιεικὲς</span> <span class='ocrx_word' id='word_1_315' title='bbox 496 2022 510 2046; x_wconf 84' lang='grc' dir='ltr'><strong>ὁ</strong></span> <span class='ocrx_word' id='word_1_316' title='bbox 525 2021 581 2055; x_wconf 79' lang='grc' dir='ltr'>βίος</span> <span class='ocrx_word' id='word_1_317' title='bbox 598 2021 665 2047; x_wconf 85' lang='grc' dir='ltr'>πολὺ</span> <span class='ocrx_word' id='word_1_318' title='bbox 689 2022 736 2048; x_wconf 79' lang='grc' dir='ltr'>καὶ</span> <span class='ocrx_word' id='word_1_319' title='bbox 756 2022 786 2047; x_wconf 75' lang='grc' dir='ltr'>τὸ</span> <span class='ocrx_word' id='word_1_320' title='bbox 802 2021 911 2056; x_wconf 81' lang='grc' dir='ltr'>μέτριον</span> 
     </span>
    </p>
   </div>
   <div class='ocr_carea' id='block_1_45' title="bbox 122 2065 910 2102">
    <p class='ocr_par' dir='ltr' id='par_1_45' title="bbox 122 2065 910 2102">
     <span class='ocr_line' id='line_1_45' title="bbox 122 2065 910 2102; baseline -0.003 -8"><span class='ocrx_word' id='word_1_321' title='bbox 122 2066 191 2102; x_wconf 75' lang='grc' dir='ltr'>εἶχε.</span> <span class='ocrx_word' id='word_1_322' title='bbox 211 2068 336 2102; x_wconf 73' lang='grc' dir='ltr'>Τοσαύτη</span> <span class='ocrx_word' id='word_1_323' title='bbox 360 2076 401 2098; x_wconf 79' lang='grc' dir='ltr'><strong>τις</strong></span> <span class='ocrx_word' id='word_1_324' title='bbox 421 2065 455 2101; x_wconf 83' lang='grc' dir='ltr'><strong>ἧν</strong></span> <span class='ocrx_word' id='word_1_325' title='bbox 476 2068 525 2101; x_wconf 85' lang='grc' dir='ltr'>τῆς</span> <span class='ocrx_word' id='word_1_326' title='bbox 544 2067 696 2101; x_wconf 84' lang='grc' dir='ltr'>παρουσίας</span> <span class='ocrx_word' id='word_1_327' title='bbox 717 2065 764 2092; x_wconf 84' lang='grc' dir='ltr'>τοῦ</span> <span class='ocrx_word' id='word_1_328' title='bbox 785 2066 910 2102; x_wconf 80' lang='grc' dir='ltr'>ἀνδρὺςή</span> 
     </span>
    </p>
   </div>
   <div class='ocr_carea' id='block_1_46' title="bbox 123 2113 303 2146">
    <p class='ocr_par' dir='ltr' id='par_1_46' title="bbox 123 2113 303 2146">
     <span class='ocr_line' id='line_1_46' title="bbox 123 2113 303 2146; baseline 0.006 -8"><span class='ocrx_word' id='word_1_329' title='bbox 123 2113 303 2146; x_wconf 75' lang='grc' dir='ltr'>κατάπληξις.</span> 
     </span>
    </p>
   </div>
   <div class='ocr_carea' id='block_1_47' title="bbox 925 833 1116 869">
    <p class='ocr_par' dir='ltr' id='par_1_47' title="bbox 925 833 1116 869">
     <span class='ocr_line' id='line_1_47' title="bbox 925 833 1116 869; baseline -0.01 -6"><span class='ocrx_word' id='word_1_330' title='bbox 925 833 946 859; x_wconf 83' lang='grc' dir='ltr'><strong>Β</strong></span> <span class='ocrx_word' id='word_1_331' title='bbox 959 836 1116 869; x_wconf 80' lang='lat' dir='ltr'><strong>explicavit.</strong></span> 
     </span>
    </p>
   </div>
   <div class='ocr_carea' id='block_1_48' title="bbox 953 191 1740 229">
    <p class='ocr_par' dir='ltr' id='par_1_48' title="bbox 953 191 1740 229">
     <span class='ocr_line' id='line_1_48' title="bbox 953 191 1740 229; baseline -0.011 -3"><span class='ocrx_word' id='word_1_332' title='bbox 953 199 1054 226; x_wconf 88' lang='lat' dir='ltr'><strong>chenas</strong></span> <span class='ocrx_word' id='word_1_333' title='bbox 1064 198 1152 229; x_wconf 88' lang='lat' dir='ltr'><strong>obire,</strong></span> <span class='ocrx_word' id='word_1_334' title='bbox 1171 196 1284 223; x_wconf 82' lang='lat' dir='ltr'><strong>ﬂuvium</strong></span> <span class='ocrx_word' id='word_1_335' title='bbox 1297 202 1364 222; x_wconf 89' lang='lat' dir='ltr'><strong>vero</strong></span> <span class='ocrx_word' id='word_1_336' title='bbox 1375 193 1520 221; x_wconf 86' lang='lat' dir='ltr'><strong>Jordanem</strong></span> <span class='ocrx_word' id='word_1_337' title='bbox 1531 191 1646 226; x_wconf 80' lang='lat' dir='ltr'><strong>vestigia</strong></span> <span class='ocrx_word' id='word_1_338' title='bbox 1656 191 1740 226; x_wconf 78' lang='lat' dir='ltr'><strong>ipsius</strong></span> 
     </span>
    </p>
   </div>
   <div class='ocr_carea' id='block_1_49' title="bbox 953 236 1740 276">
    <p class='ocr_par' dir='ltr' id='par_1_49' title="bbox 953 236 1740 276">
     <span class='ocr_line' id='line_1_49' title="bbox 953 236 1740 276; baseline -0.009 -7"><span class='ocrx_word' id='word_1_339' title='bbox 953 242 1041 276; x_wconf 91' lang='lat' dir='ltr'><strong>sequi,</strong></span> <span class='ocrx_word' id='word_1_340' title='bbox 1057 245 1085 268; x_wconf 90' lang='lat' dir='ltr'><strong>et</strong></span> <span class='ocrx_word' id='word_1_341' title='bbox 1099 241 1268 276; x_wconf 84' lang='lat' dir='ltr'><strong>paradisum.</strong></span> <span class='ocrx_word' id='word_1_342' title='bbox 1281 239 1329 274; x_wconf 85' lang='lat' dir='ltr'><strong>qui</strong></span> <span class='ocrx_word' id='word_1_343' title='bbox 1350 239 1377 266; x_wconf 90' lang='lat' dir='ltr'><strong>in</strong></span> <span class='ocrx_word' id='word_1_344' title='bbox 1406 238 1492 265; x_wconf 86' lang='lat' dir='ltr'><strong>Edem</strong></span> <span class='ocrx_word' id='word_1_345' title='bbox 1521 241 1575 269; x_wconf 85' lang='lat' dir='ltr'><strong>est,</strong></span> <span class='ocrx_word' id='word_1_346' title='bbox 1592 236 1668 264; x_wconf 89' lang='lat' dir='ltr'><strong>velut</strong></span> <span class='ocrx_word' id='word_1_347' title='bbox 1691 237 1740 263; x_wconf 87' lang='lat' dir='ltr'><strong>de—</strong></span> 
     </span>
    </p>
   </div>
   <div class='ocr_carea' id='block_1_50' title="bbox 951 284 1740 322">
    <p class='ocr_par' dir='ltr' id='par_1_50' title="bbox 951 284 1740 322">
     <span class='ocr_line' id='line_1_50' title="bbox 951 284 1740 322; baseline -0.005 -8"><span class='ocrx_word' id='word_1_348' title='bbox 951 288 1007 322; x_wconf 78' lang='lat' dir='ltr'><strong>tegi</strong></span> <span class='ocrx_word' id='word_1_349' title='bbox 1022 295 1054 315; x_wconf 87' lang='lat' dir='ltr'><strong>ac</strong></span> <span class='ocrx_word' id='word_1_350' title='bbox 1070 287 1184 314; x_wconf 80' lang='lat' dir='ltr'><strong>revelari</strong></span> <span class='ocrx_word' id='word_1_351' title='bbox 1198 296 1205 314; x_wconf 88' lang='lat'><strong>:</strong></span> <span class='ocrx_word' id='word_1_352' title='bbox 1218 291 1276 313; x_wconf 91' lang='lat' dir='ltr'><strong>tum</strong></span> <span class='ocrx_word' id='word_1_353' title='bbox 1288 293 1355 313; x_wconf 89' lang='lat' dir='ltr'><strong>vero</strong></span> <span class='ocrx_word' id='word_1_354' title='bbox 1372 285 1456 312; x_wconf 78' lang='lat' dir='ltr'><strong>feram</strong></span> <span class='ocrx_word' id='word_1_355' title='bbox 1473 284 1631 319; x_wconf 79' lang='lat' dir='ltr'><strong>pessimam.</strong></span> <span class='ocrx_word' id='word_1_356' title='bbox 1657 291 1740 318; x_wconf 88' lang='lat' dir='ltr'><strong>specu</strong></span> 
     </span>
    </p>
   </div>
   <div class='ocr_carea' id='block_1_51' title="bbox 954 330 1737 368">
    <p class='ocr_par' dir='ltr' id='par_1_51' title="bbox 954 330 1737 368">
     <span class='ocr_line' id='line_1_51' title="bbox 954 330 1737 368; baseline -0.008 -8"><span class='ocrx_word' id='word_1_357' title='bbox 954 333 1072 368; x_wconf 89' lang='lat' dir='ltr'><strong>quadam</strong></span> <span class='ocrx_word' id='word_1_358' title='bbox 1089 333 1233 364; x_wconf 83' lang='lat' dir='ltr'><strong>latentem,</strong></span> <span class='ocrx_word' id='word_1_359' title='bbox 1255 331 1319 358; x_wconf 87' lang='lat' dir='ltr'><strong>inde</strong></span> <span class='ocrx_word' id='word_1_360' title='bbox 1331 330 1431 362; x_wconf 89' lang='lat' dir='ltr'><strong>emitti,</strong></span> <span class='ocrx_word' id='word_1_361' title='bbox 1450 334 1595 364; x_wconf 77' lang='lat' dir='ltr'><strong>actumque</strong></span> <span class='ocrx_word' id='word_1_362' title='bbox 1620 337 1669 363; x_wconf 92' lang='lat' dir='ltr'><strong>per</strong></span> <span class='ocrx_word' id='word_1_363' title='bbox 1684 336 1737 354; x_wconf 84' lang='lat' dir='ltr'><strong>me-</strong></span> 
     </span>
    </p>
   </div>
   <div class='ocr_carea' id='block_1_52' title="bbox 955 373 1739 410">
    <p class='ocr_par' dir='ltr' id='par_1_52' title="bbox 955 373 1739 410">
     <span class='ocr_line' id='line_1_52' title="bbox 955 373 1739 410; baseline -0.008 -5"><span class='ocrx_word' id='word_1_364' title='bbox 955 379 1029 405; x_wconf 84' lang='lat' dir='ltr'><strong>diam</strong></span> <span class='ocrx_word' id='word_1_365' title='bbox 1053 378 1202 410; x_wconf 86' lang='lat' dir='ltr'><strong>eivilatem,</strong></span> <span class='ocrx_word' id='word_1_366' title='bbox 1221 377 1327 404; x_wconf 82' lang='lat' dir='ltr'><strong>cladem</strong></span> <span class='ocrx_word' id='word_1_367' title='bbox 1363 384 1418 402; x_wconf 91' lang='lat' dir='ltr'><strong>non</strong></span> <span class='ocrx_word' id='word_1_368' title='bbox 1453 375 1589 401; x_wconf 86' lang='lat' dir='ltr'><strong>modicam</strong></span> <span class='ocrx_word' id='word_1_369' title='bbox 1618 373 1739 404; x_wconf 76' lang='lat' dir='ltr'><strong>inferre;</strong></span> 
     </span>
    </p>
   </div>
   <div class='ocr_carea' id='block_1_53' title="bbox 955 418 1741 458">
    <p class='ocr_par' dir='ltr' id='par_1_53' title="bbox 955 418 1741 458">
     <span class='ocr_line' id='line_1_53' title="bbox 955 418 1741 458; baseline -0.009 -8"><span class='ocrx_word' id='word_1_370' title='bbox 955 423 1082 451; x_wconf 84' lang='lat' dir='ltr'><strong>homines</strong></span> <span class='ocrx_word' id='word_1_371' title='bbox 1103 431 1186 458; x_wconf 90' lang='lat' dir='ltr'><strong>porro</strong></span> <span class='ocrx_word' id='word_1_372' title='bbox 1202 423 1302 449; x_wconf 85' lang='lat' dir='ltr'><strong>multos</strong></span> <span class='ocrx_word' id='word_1_373' title='bbox 1331 421 1416 449; x_wconf 82' lang='lat' dir='ltr'><strong>feram</strong></span> <span class='ocrx_word' id='word_1_374' title='bbox 1437 421 1614 454; x_wconf 84' lang='lat' dir='ltr'><strong>insequentes</strong></span> <span class='ocrx_word' id='word_1_375' title='bbox 1635 418 1670 444; x_wconf 89' lang='lat' dir='ltr'><strong>ab</strong></span> <span class='ocrx_word' id='word_1_376' title='bbox 1694 418 1741 444; x_wconf 80' lang='lat' dir='ltr'><strong>illo</strong></span> 
     </span>
    </p>
   </div>
   <div class='ocr_carea' id='block_1_54' title="bbox 955 463 1743 504">
    <p class='ocr_par' dir='ltr' id='par_1_54' title="bbox 955 463 1743 504">
     <span class='ocr_line' id='line_1_54' title="bbox 955 463 1743 504; baseline -0.009 -9"><span class='ocrx_word' id='word_1_377' title='bbox 955 469 1081 504; x_wconf 83' lang='lat' dir='ltr'><strong>principe</strong></span> <span class='ocrx_word' id='word_1_378' title='bbox 1097 469 1185 503; x_wconf 80' lang='lat' dir='ltr'><strong>plagis</strong></span> <span class='ocrx_word' id='word_1_379' title='bbox 1202 468 1272 495; x_wconf 86' lang='lat' dir='ltr'><strong>male</strong></span> <span class='ocrx_word' id='word_1_380' title='bbox 1296 466 1421 494; x_wconf 72' lang='lat' dir='ltr'><strong>mulctari</strong></span> <span class='ocrx_word' id='word_1_381' title='bbox 1439 465 1496 492; x_wconf 80' lang='lat' dir='ltr'><strong>fere</strong></span> <span class='ocrx_word' id='word_1_382' title='bbox 1512 471 1600 499; x_wconf 87' lang='lat' dir='ltr'><strong>usque</strong></span> <span class='ocrx_word' id='word_1_383' title='bbox 1620 463 1654 490; x_wconf 90' lang='lat' dir='ltr'><strong>ad</strong></span> <span class='ocrx_word' id='word_1_384' title='bbox 1670 471 1743 489; x_wconf 84' lang='lat' dir='ltr'><strong>mor-</strong></span> 
     </span>
    </p>
   </div>
   <div class='ocr_carea' id='block_1_55' title="bbox 956 512 1742 549">
    <p class='ocr_par' dir='ltr' id='par_1_55' title="bbox 956 512 1742 549">
     <span class='ocr_line' id='line_1_55' title="bbox 956 512 1742 549; baseline -0.011 -5"><span class='ocrx_word' id='word_1_385' title='bbox 956 521 1021 549; x_wconf 89' lang='lat' dir='ltr'><strong>tem,</strong></span> <span class='ocrx_word' id='word_1_386' title='bbox 1034 516 1103 543; x_wconf 90' lang='lat' dir='ltr'><strong>adeo</strong></span> <span class='ocrx_word' id='word_1_387' title='bbox 1127 519 1157 542; x_wconf 90' lang='lat' dir='ltr'><strong>ut</strong></span> <span class='ocrx_word' id='word_1_388' title='bbox 1171 515 1260 542; x_wconf 90' lang='lat' dir='ltr'><strong>omnis</strong></span> <span class='ocrx_word' id='word_1_389' title='bbox 1274 522 1338 542; x_wconf 90' lang='lat' dir='ltr'><strong>caro</strong></span> <span class='ocrx_word' id='word_1_390' title='bbox 1348 512 1495 540; x_wconf 84' lang='lat' dir='ltr'><strong>admodum</strong></span> <span class='ocrx_word' id='word_1_391' title='bbox 1507 515 1742 541; x_wconf 86' lang='lat' dir='ltr'><strong>consternaretur;</strong></span> 
     </span>
    </p>
   </div>
   <div class='ocr_carea' id='block_1_56' title="bbox 957 555 1742 596">
    <p class='ocr_par' dir='ltr' id='par_1_56' title="bbox 957 555 1742 596">
     <span class='ocr_line' id='line_1_56' title="bbox 957 555 1742 596; baseline -0.01 -7"><span class='ocrx_word' id='word_1_392' title='bbox 957 561 1078 596; x_wconf 85' lang='lat' dir='ltr'><strong>denique</strong></span> <span class='ocrx_word' id='word_1_393' title='bbox 1093 569 1108 588; x_wconf 88' lang='lat' dir='ltr'><strong>e</strong></span> <span class='ocrx_word' id='word_1_394' title='bbox 1131 560 1204 587; x_wconf 89' lang='lat' dir='ltr'><strong>notis</strong></span> <span class='ocrx_word' id='word_1_395' title='bbox 1234 567 1265 587; x_wconf 89' lang='lat' dir='ltr'><strong>ac</strong></span> <span class='ocrx_word' id='word_1_396' title='bbox 1290 558 1472 586; x_wconf 76' lang='lat' dir='ltr'><strong>familiaribus</strong></span> <span class='ocrx_word' id='word_1_397' title='bbox 1504 556 1561 583; x_wconf 85' lang='lat' dir='ltr'><strong>suis</strong></span> <span class='ocrx_word' id='word_1_398' title='bbox 1586 555 1742 590; x_wconf 85' lang='lat' dir='ltr'><strong>quempiam</strong></span> 
     </span>
    </p>
   </div>
   <div class='ocr_carea' id='block_1_57' title="bbox 961 602 1742 641">
    <p class='ocr_par' dir='ltr' id='par_1_57' title="bbox 961 602 1742 641">
     <span class='ocr_line' id='line_1_57' title="bbox 961 602 1742 641; baseline -0.009 -8"><span class='ocrx_word' id='word_1_399' title='bbox 961 607 1037 634; x_wconf 83' lang='lat' dir='ltr'><strong>dicto</strong></span> <span class='ocrx_word' id='word_1_400' title='bbox 1051 606 1169 641; x_wconf 89' lang='lat' dir='ltr'><strong>principi</strong></span> <span class='ocrx_word' id='word_1_401' title='bbox 1185 610 1276 633; x_wconf 87' lang='lat' dir='ltr'><strong>astare</strong></span> <span class='ocrx_word' id='word_1_402' title='bbox 1286 603 1511 633; x_wconf 84' lang='lat' dir='ltr'><strong>examinandum,</strong></span> <span class='ocrx_word' id='word_1_403' title='bbox 1527 602 1561 628; x_wconf 89' lang='lat' dir='ltr'><strong>ab</strong></span> <span class='ocrx_word' id='word_1_404' title='bbox 1577 608 1666 636; x_wconf 89' lang='lat' dir='ltr'><strong>eoque</strong></span> <span class='ocrx_word' id='word_1_405' title='bbox 1683 609 1742 627; x_wconf 89' lang='lat' dir='ltr'><strong>om-</strong></span> 
     </span>
    </p>
   </div>
   <div class='ocr_carea' id='block_1_58' title="bbox 957 645 1742 685">
    <p class='ocr_par' dir='ltr' id='par_1_58' title="bbox 957 645 1742 685">
     <span class='ocr_line' id='line_1_58' title="bbox 957 645 1742 685; baseline -0.01 -6"><span class='ocrx_word' id='word_1_406' title='bbox 957 652 1001 679; x_wconf 89' lang='lat' dir='ltr'><strong>nis</strong></span> <span class='ocrx_word' id='word_1_407' title='bbox 1018 651 1184 678; x_wconf 79' lang='lat' dir='ltr'><strong>calamitatis</strong></span> <span class='ocrx_word' id='word_1_408' title='bbox 1211 658 1243 678; x_wconf 84' lang='lat' dir='ltr'><strong>ac</strong></span> <span class='ocrx_word' id='word_1_409' title='bbox 1263 649 1380 685; x_wconf 86' lang='lat' dir='ltr'><strong>periculi</strong></span> <span class='ocrx_word' id='word_1_410' title='bbox 1403 649 1565 679; x_wconf 89' lang='lat' dir='ltr'><strong>immunem,</strong></span> <span class='ocrx_word' id='word_1_411' title='bbox 1595 645 1742 672; x_wconf 89' lang='lat' dir='ltr'><strong>dimissum</strong></span> 
     </span>
    </p>
   </div>
   <div class='ocr_carea' id='block_1_59' title="bbox 957 705 1027 725">
    <p class='ocr_par' dir='ltr' id='par_1_59' title="bbox 957 705 1027 725">
     <span class='ocr_line' id='line_1_59' title="bbox 957 705 1027 725; baseline -0.014 0"><span class='ocrx_word' id='word_1_412' title='bbox 957 705 1027 725; x_wconf 82' lang='lat' dir='ltr'><strong>esse.</strong></span> 
     </span>
    </p>
   </div>
   <div class='ocr_carea' id='block_1_60' title="bbox 996 740 1746 776">
    <p class='ocr_par' dir='ltr' id='par_1_60' title="bbox 996 740 1746 776">
     <span class='ocr_line' id='line_1_60' title="bbox 996 740 1746 776; baseline -0.004 -6"><span class='ocrx_word' id='word_1_413' title='bbox 996 743 1057 770; x_wconf 78' lang='lat'><strong>175.</strong></span> <span class='ocrx_word' id='word_1_414' title='bbox 1074 743 1138 770; x_wconf 59' lang='lat' dir='ltr'><strong>“me</strong></span> <span class='ocrx_word' id='word_1_415' title='bbox 1154 743 1190 770; x_wconf 86' lang='lat' dir='ltr'><strong>ita</strong></span> <span class='ocrx_word' id='word_1_416' title='bbox 1206 747 1237 769; x_wconf 85' lang='lat' dir='ltr'><strong>ut</strong></span> <span class='ocrx_word' id='word_1_417' title='bbox 1252 742 1360 769; x_wconf 78' lang='lat' dir='ltr'><strong>viderat</strong></span> <span class='ocrx_word' id='word_1_418' title='bbox 1385 741 1529 775; x_wconf 85' lang='lat' dir='ltr'><strong>discipulis</strong></span> <span class='ocrx_word' id='word_1_419' title='bbox 1553 741 1676 769; x_wconf 86' lang='lat' dir='ltr'><strong>narravit</strong></span> <span class='ocrx_word' id='word_1_420' title='bbox 1693 740 1746 776; x_wconf 83' lang='lat' dir='ltr'><strong>Sy—</strong></span> 
     </span>
    </p>
   </div>
   <div class='ocr_carea' id='block_1_61' title="bbox 958 787 1744 822">
    <p class='ocr_par' dir='ltr' id='par_1_61' title="bbox 958 787 1744 822">
     <span class='ocr_line' id='line_1_61' title="bbox 958 787 1744 822; baseline -0.005 -6"><span class='ocrx_word' id='word_1_421' title='bbox 958 797 1058 822; x_wconf 86' lang='lat' dir='ltr'><strong>meon;</strong></span> <span class='ocrx_word' id='word_1_422' title='bbox 1085 789 1185 816; x_wconf 85' lang='lat' dir='ltr'><strong>deinde</strong></span> <span class='ocrx_word' id='word_1_423' title='bbox 1211 789 1306 819; x_wconf 88' lang='lat' dir='ltr'><strong>etiam,</strong></span> <span class='ocrx_word' id='word_1_424' title='bbox 1328 787 1395 822; x_wconf 88' lang='lat' dir='ltr'><strong>quid</strong></span> <span class='ocrx_word' id='word_1_425' title='bbox 1422 787 1474 814; x_wconf 89' lang='lat' dir='ltr'><strong>sibi</strong></span> <span class='ocrx_word' id='word_1_426' title='bbox 1493 792 1600 814; x_wconf 81' lang='lat' dir='ltr'><strong>ostenta</strong></span> <span class='ocrx_word' id='word_1_427' title='bbox 1629 787 1744 818; x_wconf 82' lang='lat' dir='ltr'><strong>vellent,</strong></span> 
     </span>
    </p>
   </div>
   <div class='ocr_carea' id='block_1_62' title="bbox 1156 832 1744 868">
    <p class='ocr_par' dir='ltr' id='par_1_62' title="bbox 1156 832 1744 868">
     <span class='ocr_line' id='line_1_62' title="bbox 1156 832 1744 868; baseline -0.003 -7"><span class='ocrx_word' id='word_1_428' title='bbox 1156 834 1299 868; x_wconf 81' lang='lat' dir='ltr'><strong>Quomodo</strong></span> <span class='ocrx_word' id='word_1_429' title='bbox 1324 841 1423 868; x_wconf 87' lang='lat' dir='ltr'><strong>nempe</strong></span> <span class='ocrx_word' id='word_1_430' title='bbox 1457 832 1590 860; x_wconf 84' lang='lat' dir='ltr'><strong>terribilis</strong></span> <span class='ocrx_word' id='word_1_431' title='bbox 1615 833 1744 867; x_wconf 84' lang='lat' dir='ltr'><strong>princeps</strong></span> 
     </span>
    </p>
   </div>
   <div class='ocr_carea' id='block_1_63' title="bbox 956 878 1744 915">
    <p class='ocr_par' dir='ltr' id='par_1_63' title="bbox 956 878 1744 915">
     <span class='ocr_line' id='line_1_63' title="bbox 956 878 1744 915; baseline -0.005 -7"><span class='ocrx_word' id='word_1_432' title='bbox 956 886 1104 912; x_wconf 81' lang='lat' dir='ltr'><strong>venturus,</strong></span> <span class='ocrx_word' id='word_1_433' title='bbox 1123 884 1328 915; x_wconf 84' lang='lat' dir='ltr'><strong>argnturnsque</strong></span> <span class='ocrx_word' id='word_1_434' title='bbox 1351 879 1412 906; x_wconf 90' lang='lat' dir='ltr'><strong>illos</strong></span> <span class='ocrx_word' id='word_1_435' title='bbox 1444 879 1604 914; x_wconf 83' lang='lat' dir='ltr'><strong>impietatis,</strong></span> <span class='ocrx_word' id='word_1_436' title='bbox 1636 878 1744 912; x_wconf 89' lang='lat' dir='ltr'><strong>aliquos</strong></span> 
     </span>
    </p>
   </div>
   <div class='ocr_carea' id='block_1_64' title="bbox 956 924 1745 954">
    <p class='ocr_par' dir='ltr' id='par_1_64' title="bbox 956 924 1745 954">
     <span class='ocr_line' id='line_1_64' title="bbox 956 924 1745 954; baseline -0.004 -1"><span class='ocrx_word' id='word_1_437' title='bbox 956 927 1038 954; x_wconf 87' lang='lat' dir='ltr'><strong>etiam</strong></span> <span class='ocrx_word' id='word_1_438' title='bbox 1053 926 1134 953; x_wconf 92' lang='lat' dir='ltr'><strong>morti</strong></span> <span class='ocrx_word' id='word_1_439' title='bbox 1155 926 1311 953; x_wconf 72' lang='lat' dir='ltr'><strong>saevissimae</strong></span> <span class='ocrx_word' id='word_1_440' title='bbox 1325 925 1489 952; x_wconf 88' lang='lat' dir='ltr'><strong>addicturus</strong></span> <span class='ocrx_word' id='word_1_441' title='bbox 1503 929 1585 951; x_wconf 85' lang='lat' dir='ltr'><strong>esset.</strong></span> <span class='ocrx_word' id='word_1_442' title='bbox 1606 924 1673 951; x_wconf 88' lang='lat' dir='ltr'><strong>Nam</strong></span> <span class='ocrx_word' id='word_1_443' title='bbox 1685 924 1745 951; x_wconf 83' lang='lat' dir='ltr'><strong>Jor-</strong></span> 
     </span>
    </p>
   </div>
   <div class='ocr_carea' id='block_1_65' title="bbox 957 968 1744 1006">
    <p class='ocr_par' dir='ltr' id='par_1_65' title="bbox 957 968 1744 1006">
     <span class='ocr_line' id='line_1_65' title="bbox 957 968 1744 1006; baseline -0.005 -7"><span class='ocrx_word' id='word_1_444' title='bbox 957 972 1041 999; x_wconf 89' lang='lat' dir='ltr'><strong>danes</strong></span> <span class='ocrx_word' id='word_1_445' title='bbox 1053 972 1100 1006; x_wconf 90' lang='lat' dir='ltr'><strong>qui</strong></span> <span class='ocrx_word' id='word_1_446' title='bbox 1120 972 1297 1006; x_wconf 83' lang='lat' dir='ltr'><strong>sequebatur,</strong></span> <span class='ocrx_word' id='word_1_447' title='bbox 1318 974 1509 1006; x_wconf 71' lang='lat' dir='ltr'><strong>przcmonstrat</strong></span> <span class='ocrx_word' id='word_1_448' title='bbox 1527 969 1584 996; x_wconf 82' lang='lat' dir='ltr'><strong>fore</strong></span> <span class='ocrx_word' id='word_1_449' title='bbox 1600 974 1630 996; x_wconf 91' lang='lat' dir='ltr'><strong>ut</strong></span> <span class='ocrx_word' id='word_1_450' title='bbox 1651 968 1744 995; x_wconf 90' lang='lat' dir='ltr'><strong>omnis</strong></span> 
     </span>
    </p>
   </div>
   <div class='ocr_carea' id='block_1_66' title="bbox 958 1015 1744 1051">
    <p class='ocr_par' dir='ltr' id='par_1_66' title="bbox 958 1015 1744 1051">
     <span class='ocr_line' id='line_1_66' title="bbox 958 1015 1744 1051; baseline -0.004 -8"><span class='ocrx_word' id='word_1_451' title='bbox 958 1017 1066 1043; x_wconf 91' lang='lat' dir='ltr'><strong>illorum</strong></span> <span class='ocrx_word' id='word_1_452' title='bbox 1082 1022 1177 1044; x_wconf 90' lang='lat' dir='ltr'><strong>contra</strong></span> <span class='ocrx_word' id='word_1_453' title='bbox 1193 1018 1277 1044; x_wconf 86' lang='lat' dir='ltr'><strong>Deum</strong></span> <span class='ocrx_word' id='word_1_454' title='bbox 1292 1017 1418 1051; x_wconf 83' lang='lat' dir='ltr'><strong>impietas</strong></span> <span class='ocrx_word' id='word_1_455' title='bbox 1438 1023 1469 1042; x_wconf 91' lang='lat' dir='ltr'><strong>ac</strong></span> <span class='ocrx_word' id='word_1_456' title='bbox 1492 1015 1606 1042; x_wconf 84' lang='lat' dir='ltr'><strong>rebellio</strong></span> <span class='ocrx_word' id='word_1_457' title='bbox 1633 1015 1744 1049; x_wconf 80' lang='lat' dir='ltr'><strong>penitus</strong></span> 
     </span>
    </p>
   </div>
   <div class='ocr_carea' id='block_1_67' title="bbox 958 1059 1743 1097">
    <p class='ocr_par' dir='ltr' id='par_1_67' title="bbox 958 1059 1743 1097">
     <span class='ocr_line' id='line_1_67' title="bbox 958 1059 1743 1097; baseline -0.005 -8"><span class='ocrx_word' id='word_1_458' title='bbox 958 1063 1138 1094; x_wconf 85' lang='lat' dir='ltr'><strong>obrueretur;</strong></span> <span class='ocrx_word' id='word_1_459' title='bbox 1156 1062 1200 1097; x_wconf 87' lang='lat' dir='ltr'><strong>qui</strong></span> <span class='ocrx_word' id='word_1_460' title='bbox 1216 1070 1282 1089; x_wconf 77' lang='lat' dir='ltr'><strong>vero</strong></span> <span class='ocrx_word' id='word_1_461' title='bbox 1296 1061 1476 1096; x_wconf 79' lang='lat' dir='ltr'><strong>detegebatur</strong></span> <span class='ocrx_word' id='word_1_462' title='bbox 1487 1060 1643 1094; x_wconf 63' lang='lat' dir='ltr'><strong>paradisus.</strong></span> <span class='ocrx_word' id='word_1_463' title='bbox 1670 1059 1743 1094; x_wconf 83' lang='lat' dir='ltr'><strong>quod</strong></span> 
     </span>
    </p>
   </div>
   <div class='ocr_carea' id='block_1_68' title="bbox 958 1103 1742 1140">
    <p class='ocr_par' dir='ltr' id='par_1_68' title="bbox 958 1103 1742 1140">
     <span class='ocr_line' id='line_1_68' title="bbox 958 1103 1742 1140; baseline -0.005 -7"><span class='ocrx_word' id='word_1_464' title='bbox 958 1106 1107 1140; x_wconf 70' lang='lat' dir='ltr'><strong>proborum</strong></span> <span class='ocrx_word' id='word_1_465' title='bbox 1121 1110 1193 1133; x_wconf 89' lang='lat' dir='ltr'><strong>recte</strong></span> <span class='ocrx_word' id='word_1_466' title='bbox 1206 1105 1276 1132; x_wconf 79' lang='lat' dir='ltr'><strong>facta</strong></span> <span class='ocrx_word' id='word_1_467' title='bbox 1294 1105 1382 1139; x_wconf 87' lang='lat' dir='ltr'><strong>palam</strong></span> <span class='ocrx_word' id='word_1_468' title='bbox 1399 1112 1431 1131; x_wconf 84' lang='lat' dir='ltr'><strong>ac</strong></span> <span class='ocrx_word' id='word_1_469' title='bbox 1457 1103 1544 1130; x_wconf 84' lang='lat' dir='ltr'><strong>libere</strong></span> <span class='ocrx_word' id='word_1_470' title='bbox 1570 1103 1742 1138; x_wconf 73' lang='lat' dir='ltr'><strong>praedicanda</strong></span> 
     </span>
    </p>
   </div>
   <div class='ocr_carea' id='block_1_69' title="bbox 958 1148 1742 1184">
    <p class='ocr_par' dir='ltr' id='par_1_69' title="bbox 958 1148 1742 1184">
     <span class='ocr_line' id='line_1_69' title="bbox 958 1148 1742 1184; baseline -0.005 -6"><span class='ocrx_word' id='word_1_471' title='bbox 958 1156 1061 1179; x_wconf 88' lang='lat' dir='ltr'><strong>essent.</strong></span> <span class='ocrx_word' id='word_1_472' title='bbox 1087 1152 1154 1184; x_wconf 63' lang='lat' dir='ltr'><strong>Qua:</strong></span> <span class='ocrx_word' id='word_1_473' title='bbox 1172 1156 1265 1178; x_wconf 83' lang='lat' dir='ltr'><strong>autem</strong></span> <span class='ocrx_word' id='word_1_474' title='bbox 1292 1149 1538 1177; x_wconf 85' lang='lat' dir='ltr'><strong>cireumferebatur</strong></span> <span class='ocrx_word' id='word_1_475' title='bbox 1563 1148 1665 1181; x_wconf 81' lang='lat' dir='ltr'><strong>bellua,</strong></span> <span class='ocrx_word' id='word_1_476' title='bbox 1684 1148 1742 1174; x_wconf 90' lang='lat' dir='ltr'><strong>dia—</strong></span> 
     </span>
    </p>
   </div>
   <div class='ocr_carea' id='block_1_70' title="bbox 959 1198 1743 1235">
    <p class='ocr_par' dir='ltr' id='par_1_70' title="bbox 959 1198 1743 1235">
     <span class='ocr_line' id='line_1_70' title="bbox 959 1198 1743 1235; baseline -0.005 -7"><span class='ocrx_word' id='word_1_477' title='bbox 959 1201 1014 1228; x_wconf 90' lang='lat' dir='ltr'><strong>boli</strong></span> <span class='ocrx_word' id='word_1_478' title='bbox 1031 1201 1167 1229; x_wconf 83' lang='lat' dir='ltr'><strong>fallaciam</strong></span> <span class='ocrx_word' id='word_1_479' title='bbox 1183 1206 1266 1235; x_wconf 83' lang='lat' dir='ltr'><strong>atque</strong></span> <span class='ocrx_word' id='word_1_480' title='bbox 1280 1201 1459 1235; x_wconf 86' lang='lat' dir='ltr'><strong>impostnram</strong></span> <span class='ocrx_word' id='word_1_481' title='bbox 1479 1207 1540 1227; x_wconf 87' lang='lat' dir='ltr'><strong>esse</strong></span> <span class='ocrx_word' id='word_1_482' title='bbox 1563 1198 1667 1230; x_wconf 85' lang='lat' dir='ltr'><strong>aiebat,</strong></span> <span class='ocrx_word' id='word_1_483' title='bbox 1695 1205 1743 1233; x_wconf 91' lang='lat' dir='ltr'><strong>per</strong></span> 
     </span>
    </p>
   </div>
   <div class='ocr_carea' id='block_1_71' title="bbox 959 1243 1744 1280">
    <p class='ocr_par' dir='ltr' id='par_1_71' title="bbox 959 1243 1744 1280">
     <span class='ocr_line' id='line_1_71' title="bbox 959 1243 1744 1280; baseline -0.003 -8"><span class='ocrx_word' id='word_1_484' title='bbox 959 1253 1042 1280; x_wconf 89' lang='lat' dir='ltr'><strong>quam</strong></span> <span class='ocrx_word' id='word_1_485' title='bbox 1054 1245 1115 1272; x_wconf 83' lang='lat' dir='ltr'><strong>vani</strong></span> <span class='ocrx_word' id='word_1_486' title='bbox 1127 1245 1264 1277; x_wconf 88' lang='lat' dir='ltr'><strong>homines,</strong></span> <span class='ocrx_word' id='word_1_487' title='bbox 1279 1245 1306 1272; x_wconf 91' lang='lat' dir='ltr'><strong>in</strong></span> <span class='ocrx_word' id='word_1_488' title='bbox 1322 1245 1402 1272; x_wconf 84' lang='lat' dir='ltr'><strong>idolis</strong></span> <span class='ocrx_word' id='word_1_489' title='bbox 1424 1252 1501 1279; x_wconf 87' lang='lat' dir='ltr'><strong>spem</strong></span> <span class='ocrx_word' id='word_1_490' title='bbox 1517 1249 1663 1279; x_wconf 87' lang='lat' dir='ltr'><strong>ponentes,</strong></span> <span class='ocrx_word' id='word_1_491' title='bbox 1692 1243 1744 1271; x_wconf 90' lang='lat' dir='ltr'><strong>cir-</strong></span> 
     </span>
    </p>
   </div>
   <div class='ocr_carea' id='block_1_72' title="bbox 959 1289 1744 1326">
    <p class='ocr_par' dir='ltr' id='par_1_72' title="bbox 959 1289 1744 1326">
     <span class='ocr_line' id='line_1_72' title="bbox 959 1289 1744 1326; baseline -0.001 -10"><span class='ocrx_word' id='word_1_492' title='bbox 959 1290 1205 1318; x_wconf 86' lang='lat' dir='ltr'><strong>cumveniebantur</strong></span> <span class='ocrx_word' id='word_1_493' title='bbox 1219 1298 1353 1326; x_wconf 78' lang='lat' dir='ltr'><strong>;qu2eque</strong></span> <span class='ocrx_word' id='word_1_494' title='bbox 1361 1298 1394 1318; x_wconf 88' lang='lat' dir='ltr'><strong>eo</strong></span> <span class='ocrx_word' id='word_1_495' title='bbox 1406 1298 1492 1325; x_wconf 88' lang='lat' dir='ltr'><strong>usque</strong></span> <span class='ocrx_word' id='word_1_496' title='bbox 1506 1294 1536 1317; x_wconf 91' lang='lat' dir='ltr'><strong>ut</strong></span> <span class='ocrx_word' id='word_1_497' title='bbox 1547 1290 1696 1325; x_wconf 89' lang='lat' dir='ltr'><strong>plurimum</strong></span> <span class='ocrx_word' id='word_1_498' title='bbox 1707 1289 1744 1315; x_wconf 90' lang='lat' dir='ltr'><strong>la-</strong></span> 
     </span>
    </p>
   </div>
   <div class='ocr_carea' id='block_1_73' title="bbox 960 1335 1743 1371">
    <p class='ocr_par' dir='ltr' id='par_1_73' title="bbox 960 1335 1743 1371">
     <span class='ocr_line' id='line_1_73' title="bbox 960 1335 1743 1371; baseline -0.003 -9"><span class='ocrx_word' id='word_1_499' title='bbox 960 1335 1053 1368; x_wconf 85' lang='lat' dir='ltr'><strong>titans,</strong></span> <span class='ocrx_word' id='word_1_500' title='bbox 1083 1335 1193 1363; x_wconf 89' lang='lat' dir='ltr'><strong>tandem</strong></span> <span class='ocrx_word' id='word_1_501' title='bbox 1218 1336 1246 1363; x_wconf 91' lang='lat' dir='ltr'><strong>in</strong></span> <span class='ocrx_word' id='word_1_502' title='bbox 1271 1336 1361 1363; x_wconf 87' lang='lat' dir='ltr'><strong>lucem</strong></span> <span class='ocrx_word' id='word_1_503' title='bbox 1389 1336 1524 1371; x_wconf 89' lang='lat' dir='ltr'><strong>producta</strong></span> <span class='ocrx_word' id='word_1_504' title='bbox 1551 1339 1743 1363; x_wconf 72' lang='lat' dir='ltr'><strong>evanesceret.</strong></span> 
     </span>
    </p>
   </div>
   <div class='ocr_carea' id='block_1_74' title="bbox 959 1379 1745 1417">
    <p class='ocr_par' dir='ltr' id='par_1_74' title="bbox 959 1379 1745 1417">
     <span class='ocr_line' id='line_1_74' title="bbox 959 1379 1745 1417; baseline -0.003 -9"><span class='ocrx_word' id='word_1_505' title='bbox 959 1381 1094 1408; x_wconf 88' lang='lat' dir='ltr'><strong>lndieavit</strong></span> <span class='ocrx_word' id='word_1_506' title='bbox 1113 1382 1195 1408; x_wconf 85' lang='lat' dir='ltr'><strong>etiam</strong></span> <span class='ocrx_word' id='word_1_507' title='bbox 1213 1390 1262 1417; x_wconf 90' lang='lat' dir='ltr'><strong>per</strong></span> <span class='ocrx_word' id='word_1_508' title='bbox 1275 1389 1350 1414; x_wconf 86' lang='lat' dir='ltr'><strong>eum,</strong></span> <span class='ocrx_word' id='word_1_509' title='bbox 1368 1381 1416 1416; x_wconf 93' lang='lat' dir='ltr'><strong>qui</strong></span> <span class='ocrx_word' id='word_1_510' title='bbox 1427 1381 1460 1408; x_wconf 91' lang='lat' dir='ltr'><strong>ad</strong></span> <span class='ocrx_word' id='word_1_511' title='bbox 1474 1381 1653 1416; x_wconf 65' lang='lat' dir='ltr'><strong>quaestionem</strong></span> <span class='ocrx_word' id='word_1_512' title='bbox 1670 1379 1745 1407; x_wconf 83' lang='lat' dir='ltr'><strong>acci-</strong></span> 
     </span>
    </p>
   </div>
   <div class='ocr_carea' id='block_1_75' title="bbox 962 1426 1744 1463">
    <p class='ocr_par' dir='ltr' id='par_1_75' title="bbox 962 1426 1744 1463">
     <span class='ocr_line' id='line_1_75' title="bbox 962 1426 1744 1463; baseline 0 -10"><span class='ocrx_word' id='word_1_513' title='bbox 962 1432 1005 1454; x_wconf 89' lang='lat' dir='ltr'><strong>tus</strong></span> <span class='ocrx_word' id='word_1_514' title='bbox 1020 1432 1109 1454; x_wconf 92' lang='lat' dir='ltr'><strong>astare</strong></span> <span class='ocrx_word' id='word_1_515' title='bbox 1121 1428 1239 1463; x_wconf 90' lang='lat' dir='ltr'><strong>principi</strong></span> <span class='ocrx_word' id='word_1_516' title='bbox 1257 1427 1401 1455; x_wconf 85' lang='lat' dir='ltr'><strong>videbatur</strong></span> <span class='ocrx_word' id='word_1_517' title='bbox 1415 1428 1522 1455; x_wconf 89' lang='lat' dir='ltr'><strong>moneri</strong></span> <span class='ocrx_word' id='word_1_518' title='bbox 1542 1435 1582 1459; x_wconf 84' lang='lat' dir='ltr'><strong>se,</strong></span> <span class='ocrx_word' id='word_1_519' title='bbox 1599 1431 1631 1454; x_wconf 87' lang='lat' dir='ltr'><strong>ut</strong></span> <span class='ocrx_word' id='word_1_520' title='bbox 1653 1426 1680 1453; x_wconf 92' lang='lat' dir='ltr'><strong>in</strong></span> <span class='ocrx_word' id='word_1_521' title='bbox 1695 1433 1744 1461; x_wconf 91' lang='lat' dir='ltr'><strong>po-</strong></span> 
     </span>
    </p>
   </div>
   <div class='ocr_carea' id='block_1_76' title="bbox 960 1473 1745 1510">
    <p class='ocr_par' dir='ltr' id='par_1_76' title="bbox 960 1473 1745 1510">
     <span class='ocr_line' id='line_1_76' title="bbox 960 1473 1745 1510; baseline 0 -10"><span class='ocrx_word' id='word_1_522' title='bbox 960 1479 1064 1501; x_wconf 85' lang='lat' dir='ltr'><strong>sterum</strong></span> <span class='ocrx_word' id='word_1_523' title='bbox 1084 1482 1099 1501; x_wconf 87' lang='lat' dir='ltr'><strong>a</strong></span> <span class='ocrx_word' id='word_1_524' title='bbox 1114 1481 1261 1509; x_wconf 82' lang='lat' dir='ltr'><strong>pravorum</strong></span> <span class='ocrx_word' id='word_1_525' title='bbox 1277 1474 1407 1510; x_wconf 86' lang='lat' dir='ltr'><strong>alloquiis</strong></span> <span class='ocrx_word' id='word_1_526' title='bbox 1417 1482 1446 1502; x_wconf 91' lang='lat' dir='ltr'><strong>se</strong></span> <span class='ocrx_word' id='word_1_527' title='bbox 1462 1473 1745 1507; x_wconf 87' lang='lat' dir='ltr'><strong>custodiret,sibique</strong></span> 
     </span>
    </p>
   </div>
   <div class='ocr_carea' id='block_1_77' title="bbox 958 1520 1743 1556">
    <p class='ocr_par' dir='ltr' id='par_1_77' title="bbox 958 1520 1743 1556">
     <span class='ocr_line' id='line_1_77' title="bbox 958 1520 1743 1556; baseline 0.001 -10"><span class='ocrx_word' id='word_1_528' title='bbox 958 1520 1110 1547; x_wconf 83' lang='lat' dir='ltr'><strong>studiosius</strong></span> <span class='ocrx_word' id='word_1_529' title='bbox 1119 1521 1317 1548; x_wconf 85' lang='lat' dir='ltr'><strong>attendendum</strong></span> <span class='ocrx_word' id='word_1_530' title='bbox 1329 1529 1391 1549; x_wconf 86' lang='lat' dir='ltr'><strong>esse</strong></span> <span class='ocrx_word' id='word_1_531' title='bbox 1404 1522 1497 1548; x_wconf 86' lang='lat' dir='ltr'><strong>sciret.</strong></span> <span class='ocrx_word' id='word_1_532' title='bbox 1508 1521 1541 1548; x_wconf 89' lang='lat' dir='ltr'><strong>Et</strong></span> <span class='ocrx_word' id='word_1_533' title='bbox 1554 1526 1618 1548; x_wconf 89' lang='lat' dir='ltr'><strong>tunc</strong></span> <span class='ocrx_word' id='word_1_534' title='bbox 1630 1520 1743 1556; x_wconf 87' lang='lat' dir='ltr'><strong>quidem</strong></span> 
     </span>
    </p>
   </div>
   <div class='ocr_carea' id='block_1_78' title="bbox 957 1566 1745 1602">
    <p class='ocr_par' dir='ltr' id='par_1_78' title="bbox 957 1566 1745 1602">
     <span class='ocr_line' id='line_1_78' title="bbox 957 1566 1745 1602; baseline 0.003 -10"><span class='ocrx_word' id='word_1_535' title='bbox 957 1566 1051 1593; x_wconf 67' lang='lat' dir='ltr'><strong>isthrec</strong></span> <span class='ocrx_word' id='word_1_536' title='bbox 1067 1566 1288 1600; x_wconf 64' lang='lat' dir='ltr'><strong>praedicebantur</strong></span> <span class='ocrx_word' id='word_1_537' title='bbox 1300 1575 1315 1594; x_wconf 88' lang='lat' dir='ltr'><strong>a</strong></span> <span class='ocrx_word' id='word_1_538' title='bbox 1325 1567 1477 1602; x_wconf 73' lang='lat' dir='ltr'><strong>Symeone:</strong></span> <span class='ocrx_word' id='word_1_539' title='bbox 1501 1575 1553 1594; x_wconf 90' lang='lat' dir='ltr'><strong>nec</strong></span> <span class='ocrx_word' id='word_1_540' title='bbox 1578 1567 1745 1594; x_wconf 85' lang='lat' dir='ltr'><strong>intercesse-</strong></span> 
     </span>
    </p>
   </div>
   <div class='ocr_carea' id='block_1_79' title="bbox 957 1613 1745 1647">
    <p class='ocr_par' dir='ltr' id='par_1_79' title="bbox 957 1613 1745 1647">
     <span class='ocr_line' id='line_1_79' title="bbox 957 1613 1745 1647; baseline 0.003 -9"><span class='ocrx_word' id='word_1_541' title='bbox 957 1618 1023 1638; x_wconf 93' lang='lat' dir='ltr'><strong>runt</strong></span> <span class='ocrx_word' id='word_1_542' title='bbox 1038 1620 1146 1639; x_wconf 88' lang='lat' dir='ltr'><strong>menses</strong></span> <span class='ocrx_word' id='word_1_543' title='bbox 1159 1617 1288 1646; x_wconf 87' lang='lat' dir='ltr'><strong>quatuor,</strong></span> <span class='ocrx_word' id='word_1_544' title='bbox 1312 1621 1373 1639; x_wconf 92' lang='lat' dir='ltr'><strong>cum</strong></span> <span class='ocrx_word' id='word_1_545' title='bbox 1387 1613 1499 1647; x_wconf 86' lang='lat' dir='ltr'><strong>quidam</strong></span> <span class='ocrx_word' id='word_1_546' title='bbox 1529 1613 1675 1640; x_wconf 83' lang='lat' dir='ltr'><strong>Amantius</strong></span> <span class='ocrx_word' id='word_1_547' title='bbox 1693 1620 1745 1640; x_wconf 89' lang='lat' dir='ltr'><strong>no-</strong></span> 
     </span>
    </p>
   </div>
   <div class='ocr_carea' id='block_1_80' title="bbox 957 1656 1744 1692">
    <p class='ocr_par' dir='ltr' id='par_1_80' title="bbox 957 1656 1744 1692">
     <span class='ocr_line' id='line_1_80' title="bbox 957 1656 1744 1692; baseline 0.004 -11"><span class='ocrx_word' id='word_1_548' title='bbox 957 1656 1030 1683; x_wconf 91' lang='lat' dir='ltr'><strong>mine</strong></span> <span class='ocrx_word' id='word_1_549' title='bbox 1048 1656 1113 1690; x_wconf 74' lang='grc'>(45),</span> <span class='ocrx_word' id='word_1_550' title='bbox 1131 1664 1180 1690; x_wconf 87' lang='lat' dir='ltr'><strong>per</strong></span> <span class='ocrx_word' id='word_1_551' title='bbox 1192 1656 1332 1684; x_wconf 84' lang='lat' dir='ltr'><strong>Orientem</strong></span> <span class='ocrx_word' id='word_1_552' title='bbox 1351 1665 1449 1692; x_wconf 83' lang='lat' dir='ltr'><strong>magno</strong></span> <span class='ocrx_word' id='word_1_553' title='bbox 1471 1661 1605 1692; x_wconf 88' lang='lat' dir='ltr'><strong>occupato</strong></span> <span class='ocrx_word' id='word_1_554' title='bbox 1617 1657 1744 1691; x_wconf 84' lang='lat' dir='ltr'><strong>imperio.</strong></span> 
     </span>
    </p>
   </div>
   <div class='ocr_carea' id='block_1_81' title="bbox 958 1700 1746 1738">
    <p class='ocr_par' dir='ltr' id='par_1_81' title="bbox 958 1700 1746 1738">
     <span class='ocr_line' id='line_1_81' title="bbox 958 1700 1746 1738; baseline 0.004 -11"><span class='ocrx_word' id='word_1_555' title='bbox 958 1700 1131 1728; x_wconf 77' lang='lat' dir='ltr'><strong>Antiochiam</strong></span> <span class='ocrx_word' id='word_1_556' title='bbox 1159 1703 1285 1730; x_wconf 84' lang='lat' dir='ltr'><strong>accessit.</strong></span> <span class='ocrx_word' id='word_1_557' title='bbox 1311 1703 1356 1731; x_wconf 87' lang='lat' dir='ltr'><strong>Vir</strong></span> <span class='ocrx_word' id='word_1_558' title='bbox 1384 1707 1443 1730; x_wconf 89' lang='lat' dir='ltr'><strong>erat</strong></span> <span class='ocrx_word' id='word_1_559' title='bbox 1473 1703 1635 1736; x_wconf 88' lang='lat' dir='ltr'><strong>litteratus,</strong></span> <span class='ocrx_word' id='word_1_560' title='bbox 1665 1707 1746 1738; x_wconf 87' lang='lat' dir='ltr'><strong>aptus</strong></span> 
     </span>
    </p>
   </div>
   <div class='ocr_carea' id='block_1_82' title="bbox 962 1746 1746 1782">
    <p class='ocr_par' dir='ltr' id='par_1_82' title="bbox 962 1746 1746 1782">
     <span class='ocr_line' id='line_1_82' title="bbox 962 1746 1746 1782; baseline 0.005 -10"><span class='ocrx_word' id='word_1_561' title='bbox 962 1746 1088 1780; x_wconf 90' lang='lat' dir='ltr'><strong>imperio,</strong></span> <span class='ocrx_word' id='word_1_562' title='bbox 1106 1747 1250 1774; x_wconf 88' lang='lat' dir='ltr'><strong>ratiocinio</strong></span> <span class='ocrx_word' id='word_1_563' title='bbox 1262 1747 1378 1782; x_wconf 90' lang='lat' dir='ltr'><strong>pollens,</strong></span> <span class='ocrx_word' id='word_1_564' title='bbox 1391 1753 1519 1776; x_wconf 87' lang='lat' dir='ltr'><strong>constans</strong></span> <span class='ocrx_word' id='word_1_565' title='bbox 1539 1749 1642 1781; x_wconf 88' lang='lat' dir='ltr'><strong>animo,</strong></span> <span class='ocrx_word' id='word_1_566' title='bbox 1654 1753 1746 1776; x_wconf 89' lang='lat' dir='ltr'><strong>mente</strong></span> 
     </span>
    </p>
   </div>
   <div class='ocr_carea' id='block_1_83' title="bbox 960 1793 1747 1831">
    <p class='ocr_par' dir='ltr' id='par_1_83' title="bbox 960 1793 1747 1831">
     <span class='ocr_line' id='line_1_83' title="bbox 960 1793 1747 1831; baseline 0.003 -11"><span class='ocrx_word' id='word_1_567' title='bbox 960 1793 1041 1826; x_wconf 85' lang='lat' dir='ltr'><strong>liber,</strong></span> <span class='ocrx_word' id='word_1_568' title='bbox 1060 1795 1174 1829; x_wconf 69' lang='lat' dir='ltr'><strong>iustitia:</strong></span> <span class='ocrx_word' id='word_1_569' title='bbox 1187 1795 1214 1822; x_wconf 90' lang='lat' dir='ltr'><strong>in</strong></span> <span class='ocrx_word' id='word_1_570' title='bbox 1231 1796 1328 1830; x_wconf 89' lang='lat' dir='ltr'><strong>primis</strong></span> <span class='ocrx_word' id='word_1_571' title='bbox 1345 1795 1503 1829; x_wconf 85' lang='lat' dir='ltr'><strong>studiosus;</strong></span> <span class='ocrx_word' id='word_1_572' title='bbox 1525 1796 1571 1831; x_wconf 92' lang='lat' dir='ltr'><strong>qui</strong></span> <span class='ocrx_word' id='word_1_573' title='bbox 1600 1800 1676 1823; x_wconf 84' lang='lat' dir='ltr'><strong>tanto</strong></span> <span class='ocrx_word' id='word_1_574' title='bbox 1696 1804 1747 1831; x_wconf 83' lang='lat' dir='ltr'><strong>pro</strong></span> 
     </span>
    </p>
   </div>
   <div class='ocr_carea' id='block_1_84' title="bbox 961 1841 1746 1877">
    <p class='ocr_par' dir='ltr' id='par_1_84' title="bbox 961 1841 1746 1877">
     <span class='ocr_line' id='line_1_84' title="bbox 961 1841 1746 1877; baseline 0.001 -9"><span class='ocrx_word' id='word_1_575' title='bbox 961 1841 1074 1872; x_wconf 85' lang='lat' dir='ltr'><strong>virtute,</strong></span> <span class='ocrx_word' id='word_1_576' title='bbox 1095 1846 1197 1877; x_wconf 89' lang='lat' dir='ltr'><strong>quanto</strong></span> <span class='ocrx_word' id='word_1_577' title='bbox 1213 1846 1308 1869; x_wconf 88' lang='lat' dir='ltr'><strong>contra</strong></span> <span class='ocrx_word' id='word_1_578' title='bbox 1320 1842 1495 1877; x_wconf 87' lang='lat' dir='ltr'><strong>iniquitatem</strong></span> <span class='ocrx_word' id='word_1_579' title='bbox 1513 1843 1582 1873; x_wconf 84' lang='lat' dir='ltr'><strong>zelo,</strong></span> <span class='ocrx_word' id='word_1_580' title='bbox 1600 1842 1746 1877; x_wconf 89' lang='lat' dir='ltr'><strong>utrobique</strong></span> 
     </span>
    </p>
   </div>
   <div class='ocr_carea' id='block_1_85' title="bbox 962 1880 1755 1921">
    <p class='ocr_par' dir='ltr' id='par_1_85' title="bbox 962 1880 1755 1921">
     <span class='ocr_line' id='line_1_85' title="bbox 962 1880 1755 1921; baseline 0.003 -10"><span class='ocrx_word' id='word_1_581' title='bbox 962 1892 1080 1916; x_wconf 88' lang='lat' dir='ltr'><strong>summo,</strong></span> <span class='ocrx_word' id='word_1_582' title='bbox 1106 1885 1254 1920; x_wconf 81' lang='lat' dir='ltr'><strong>agebatur:</strong></span> <span class='ocrx_word' id='word_1_583' title='bbox 1271 1885 1317 1920; x_wconf 91' lang='lat' dir='ltr'><strong>qui</strong></span> <span class='ocrx_word' id='word_1_584' title='bbox 1341 1887 1417 1921; x_wconf 88' lang='lat' dir='ltr'><strong>prius</strong></span> <span class='ocrx_word' id='word_1_585' title='bbox 1433 1886 1515 1914; x_wconf 85' lang='lat' dir='ltr'><strong>etiam</strong></span> <span class='ocrx_word' id='word_1_586' title='bbox 1537 1894 1618 1920; x_wconf 90' lang='lat' dir='ltr'><strong>quam</strong></span> <span class='ocrx_word' id='word_1_587' title='bbox 1641 1880 1755 1913; x_wconf 37' lang='lat' dir='ltr'><strong>veniret-</strong></span> 
     </span>
    </p>
   </div>
   <div class='ocr_carea' id='block_1_86' title="bbox 962 1931 1746 1966">
    <p class='ocr_par' dir='ltr' id='par_1_86' title="bbox 962 1931 1746 1966">
     <span class='ocr_line' id='line_1_86' title="bbox 962 1931 1746 1966; baseline 0.001 -9"><span class='ocrx_word' id='word_1_588' title='bbox 962 1931 1147 1961; x_wconf 86' lang='lat' dir='ltr'><strong>Antiochiam.</strong></span> <span class='ocrx_word' id='word_1_589' title='bbox 1175 1938 1284 1958; x_wconf 91' lang='lat' dir='ltr'><strong>omnem</strong></span> <span class='ocrx_word' id='word_1_590' title='bbox 1313 1936 1446 1966; x_wconf 90' lang='lat' dir='ltr'><strong>quantum</strong></span> <span class='ocrx_word' id='word_1_591' title='bbox 1479 1932 1571 1966; x_wconf 88' lang='lat' dir='ltr'><strong>potuit</strong></span> <span class='ocrx_word' id='word_1_592' title='bbox 1595 1931 1746 1966; x_wconf 81' lang='lat' dir='ltr'><strong>nequitiam</strong></span> 
     </span>
    </p>
   </div>
   <div class='ocr_carea' id='block_1_87' title="bbox 961 1976 1748 2012">
    <p class='ocr_par' dir='ltr' id='par_1_87' title="bbox 961 1976 1748 2012">
     <span class='ocr_line' id='line_1_87' title="bbox 961 1976 1748 2012; baseline 0.001 -9"><span class='ocrx_word' id='word_1_593' title='bbox 961 1985 1010 2012; x_wconf 91' lang='lat' dir='ltr'><strong>per</strong></span> <span class='ocrx_word' id='word_1_594' title='bbox 1027 1976 1166 2004; x_wconf 89' lang='lat' dir='ltr'><strong>Orientem</strong></span> <span class='ocrx_word' id='word_1_595' title='bbox 1198 1976 1358 2009; x_wconf 85' lang='lat' dir='ltr'><strong>sustulerat,</strong></span> <span class='ocrx_word' id='word_1_596' title='bbox 1387 1977 1506 2004; x_wconf 89' lang='lat' dir='ltr'><strong>acutiori</strong></span> <span class='ocrx_word' id='word_1_597' title='bbox 1527 1978 1610 2004; x_wconf 85' lang='lat' dir='ltr'><strong>etiam</strong></span> <span class='ocrx_word' id='word_1_598' title='bbox 1635 1977 1663 2003; x_wconf 91' lang='lat' dir='ltr'><strong>in</strong></span> <span class='ocrx_word' id='word_1_599' title='bbox 1686 1977 1748 2004; x_wconf 89' lang='lat' dir='ltr'><strong>illos</strong></span> 
     </span>
    </p>
   </div>
   <div class='ocr_carea' id='block_1_88' title="bbox 960 2022 1746 2057">
    <p class='ocr_par' dir='ltr' id='par_1_88' title="bbox 960 2022 1746 2057">
     <span class='ocr_line' id='line_1_88' title="bbox 960 2022 1746 2057; baseline 0 -8"><span class='ocrx_word' id='word_1_600' title='bbox 960 2022 1058 2049; x_wconf 86' lang='lat' dir='ltr'><strong>stricto</strong></span> <span class='ocrx_word' id='word_1_601' title='bbox 1069 2022 1170 2057; x_wconf 75' lang='lat' dir='ltr'><strong>gladio,</strong></span> <span class='ocrx_word' id='word_1_602' title='bbox 1191 2022 1238 2056; x_wconf 92' lang='lat' dir='ltr'><strong>qui</strong></span> <span class='ocrx_word' id='word_1_603' title='bbox 1262 2027 1342 2049; x_wconf 85' lang='lat' dir='ltr'><strong>erant</strong></span> <span class='ocrx_word' id='word_1_604' title='bbox 1366 2022 1393 2048; x_wconf 94' lang='lat' dir='ltr'><strong>in</strong></span> <span class='ocrx_word' id='word_1_605' title='bbox 1421 2022 1556 2057; x_wconf 82' lang='lat' dir='ltr'><strong>dignitate</strong></span> <span class='ocrx_word' id='word_1_606' title='bbox 1583 2022 1746 2054; x_wconf 86' lang='lat' dir='ltr'><strong>constituti;</strong></span> 
     </span>
    </p>
   </div>
   <div class='ocr_carea' id='block_1_89' title="bbox 961 2068 1748 2103">
    <p class='ocr_par' dir='ltr' id='par_1_89' title="bbox 961 2068 1748 2103">
     <span class='ocr_line' id='line_1_89' title="bbox 961 2068 1748 2103; baseline -0.001 -8"><span class='ocrx_word' id='word_1_607' title='bbox 961 2069 1001 2095; x_wconf 89' lang='lat' dir='ltr'><strong>sic</strong></span> <span class='ocrx_word' id='word_1_608' title='bbox 1014 2072 1045 2095; x_wconf 89' lang='lat' dir='ltr'><strong>ut</strong></span> <span class='ocrx_word' id='word_1_609' title='bbox 1057 2069 1202 2095; x_wconf 87' lang='lat' dir='ltr'><strong>universos</strong></span> <span class='ocrx_word' id='word_1_610' title='bbox 1222 2069 1305 2095; x_wconf 88' lang='lat' dir='ltr'><strong>timor</strong></span> <span class='ocrx_word' id='word_1_611' title='bbox 1326 2076 1357 2096; x_wconf 90' lang='lat' dir='ltr'><strong>ac</strong></span> <span class='ocrx_word' id='word_1_612' title='bbox 1384 2072 1488 2095; x_wconf 87' lang='lat' dir='ltr'><strong>tremor</strong></span> <span class='ocrx_word' id='word_1_613' title='bbox 1510 2068 1664 2101; x_wconf 71' lang='lat' dir='ltr'><strong>invaderet,</strong></span> <span class='ocrx_word' id='word_1_614' title='bbox 1687 2069 1748 2103; x_wconf 84' lang='lat' dir='ltr'><strong>ipso</strong></span> 
     </span>
    </p>
   </div>
   <div class='ocr_carea' id='block_1_90' title="bbox 961 2113 1748 2141">
    <p class='ocr_par' dir='ltr' id='par_1_90' title="bbox 961 2113 1748 2141">
     <span class='ocr_line' id='line_1_90' title="bbox 961 2113 1748 2141; baseline 0 -1"><span class='ocrx_word' id='word_1_615' title='bbox 961 2114 1145 2141; x_wconf 88' lang='lat' dir='ltr'><strong>adventante:</strong></span> <span class='ocrx_word' id='word_1_616' title='bbox 1175 2121 1226 2140; x_wconf 89' lang='lat' dir='ltr'><strong>nec</strong></span> <span class='ocrx_word' id='word_1_617' title='bbox 1242 2114 1332 2141; x_wconf 86' lang='lat' dir='ltr'><strong>solum</strong></span> <span class='ocrx_word' id='word_1_618' title='bbox 1360 2113 1440 2140; x_wconf 92' lang='lat' dir='ltr'><strong>nihili</strong></span> <span class='ocrx_word' id='word_1_619' title='bbox 1464 2113 1590 2140; x_wconf 92' lang='lat' dir='ltr'><strong>homines</strong></span> <span class='ocrx_word' id='word_1_620' title='bbox 1608 2121 1639 2140; x_wconf 85' lang='lat' dir='ltr'><strong>ac</strong></span> <span class='ocrx_word' id='word_1_621' title='bbox 1662 2113 1748 2141; x_wconf 85' lang='lat' dir='ltr'><strong>male-</strong></span> 
     </span>
    </p>
   </div>
   <div class='ocr_carea' id='block_1_91' title="bbox 123 2159 1747 2195">
    <p class='ocr_par' dir='ltr' id='par_1_91' title="bbox 123 2159 1747 2195">
     <span class='ocr_line' id='line_1_91' title="bbox 123 2159 1747 2195; baseline 0.001 -10"><span class='ocrx_word' id='word_1_622' title='bbox 123 2159 190 2187; x_wconf 85' lang='lat' dir='ltr'><strong>voli.</strong></span> <span class='ocrx_word' id='word_1_623' title='bbox 206 2159 253 2186; x_wconf 79' lang='lat' dir='ltr'><strong>sed</strong></span> <span class='ocrx_word' id='word_1_624' title='bbox 267 2159 284 2186; x_wconf 92' lang='lat' dir='ltr'><strong>ii</strong></span> <span class='ocrx_word' id='word_1_625' title='bbox 299 2167 418 2194; x_wconf 83' lang='lat' dir='ltr'><strong>quoque,</strong></span> <span class='ocrx_word' id='word_1_626' title='bbox 432 2168 551 2194; x_wconf 90' lang='lat' dir='ltr'><strong>quorum</strong></span> <span class='ocrx_word' id='word_1_627' title='bbox 569 2159 624 2186; x_wconf 86' lang='lat' dir='ltr'><strong>vita</strong></span> <span class='ocrx_word' id='word_1_628' title='bbox 645 2167 706 2186; x_wconf 90' lang='lat' dir='ltr'><strong>eum</strong></span> <span class='ocrx_word' id='word_1_629' title='bbox 724 2159 861 2194; x_wconf 87' lang='lat' dir='ltr'><strong>probitate</strong></span> <span class='ocrx_word' id='word_1_630' title='bbox 894 2167 927 2187; x_wconf 88' lang='lat' dir='ltr'><strong>ac</strong></span> <span class='ocrx_word' id='word_1_631' title='bbox 946 2160 1026 2188; x_wconf 85' lang='lat' dir='ltr'><strong>bonis</strong></span> <span class='ocrx_word' id='word_1_632' title='bbox 1042 2159 1166 2187; x_wconf 88' lang='lat' dir='ltr'><strong>moribus</strong></span> <span class='ocrx_word' id='word_1_633' title='bbox 1181 2161 1329 2195; x_wconf 82' lang='lat' dir='ltr'><strong>conjuncta</strong></span> <span class='ocrx_word' id='word_1_634' title='bbox 1360 2163 1431 2192; x_wconf 86' lang='lat' dir='ltr'><strong>erat,</strong></span> <span class='ocrx_word' id='word_1_635' title='bbox 1446 2159 1667 2192; x_wconf 82' lang='lat' dir='ltr'><strong>reiormidarent,</strong></span> <span class='ocrx_word' id='word_1_636' title='bbox 1679 2159 1747 2186; x_wconf 77' lang='lat' dir='ltr'><strong>adeo</strong></span> 
     </span>
    </p>
   </div>
   <div class='ocr_carea' id='block_1_92' title="bbox 125 2205 582 2240">
    <p class='ocr_par' dir='ltr' id='par_1_92' title="bbox 125 2205 582 2240">
     <span class='ocr_line' id='line_1_92' title="bbox 125 2205 582 2240; baseline -0.002 -7"><span class='ocrx_word' id='word_1_637' title='bbox 125 2205 262 2234; x_wconf 83' lang='lat' dir='ltr'><strong>terribilis</strong></span> <span class='ocrx_word' id='word_1_638' title='bbox 275 2210 336 2231; x_wconf 87' lang='lat' dir='ltr'><strong>erat</strong></span> <span class='ocrx_word' id='word_1_639' title='bbox 351 2206 410 2239; x_wconf 76' lang='lat' dir='ltr'><strong>ejus</strong></span> <span class='ocrx_word' id='word_1_640' title='bbox 426 2206 582 2240; x_wconf 65' lang='lat' dir='ltr'><strong>praesentia.</strong></span> 
     </span>
    </p>
   </div>
   <div class='ocr_carea' id='block_1_93' title="bbox 162 2247 951 2286">
    <p class='ocr_par' dir='ltr' id='par_1_93' title="bbox 162 2247 951 2286">
     <span class='ocr_line' id='line_1_93' title="bbox 162 2247 951 2286; baseline 0.001 -10"><span class='ocrx_word' id='word_1_641' title='bbox 162 2252 224 2286; x_wconf 63' lang='lat'><strong>906&#39;.</strong></span> <span class='ocrx_word' id='word_1_642' title='bbox 240 2247 322 2280; x_wconf 75' lang='grc' dir='ltr'>Οὗτος</span> <span class='ocrx_word' id='word_1_643' title='bbox 336 2250 447 2281; x_wconf 76' lang='grc' dir='ltr'>πολλοὺς</span> <span class='ocrx_word' id='word_1_644' title='bbox 458 2251 508 2277; x_wconf 75' lang='grc' dir='ltr'><strong>ἀνὰ</strong></span> <span class='ocrx_word' id='word_1_645' title='bbox 522 2252 570 2285; x_wconf 82' lang='grc' dir='ltr'>τὴν</span> <span class='ocrx_word' id='word_1_646' title='bbox 590 2251 724 2286; x_wconf 81' lang='grc' dir='ltr'>Ἀντιόχου</span> <span class='ocrx_word' id='word_1_647' title='bbox 742 2251 797 2278; x_wconf 86' lang='grc' dir='ltr'><strong>τῶν</strong></span> <span class='ocrx_word' id='word_1_648' title='bbox 816 2251 912 2286; x_wconf 82' lang='grc' dir='ltr'>Ἐλλη-</span> <span class='ocrx_word' id='word_1_649' title='bbox 927 2253 951 2282; x_wconf 87' lang='lat' dir='ltr'><strong>D</strong></span> 
     </span>
    </p>
   </div>
   <div class='ocr_carea' id='block_1_94' title="bbox 125 2296 912 2331">
    <p class='ocr_par' dir='ltr' id='par_1_94' title="bbox 125 2296 912 2331">
     <span class='ocr_line' id='line_1_94' title="bbox 125 2296 912 2331; baseline -0.001 -7"><span class='ocrx_word' id='word_1_650' title='bbox 125 2297 226 2325; x_wconf 83' lang='grc' dir='ltr'>νιοτῶν</span> <span class='ocrx_word' id='word_1_651' title='bbox 241 2297 287 2322; x_wconf 78' lang='grc' dir='ltr'>καὶ</span> <span class='ocrx_word' id='word_1_652' title='bbox 300 2297 398 2326; x_wconf 78' lang='grc' dir='ltr'>ἀθέων,</span> <span class='ocrx_word' id='word_1_653' title='bbox 408 2296 461 2321; x_wconf 81' lang='grc' dir='ltr'>τῶν</span> <span class='ocrx_word' id='word_1_654' title='bbox 473 2305 501 2321; x_wconf 88' lang='grc' dir='ltr'><strong>τε</strong></span> <span class='ocrx_word' id='word_1_655' title='bbox 515 2297 578 2331; x_wconf 74' lang='grc' dir='ltr'>περὶ</span> <span class='ocrx_word' id='word_1_656' title='bbox 589 2296 622 2322; x_wconf 77' lang='grc' dir='ltr'>τὰ</span> <span class='ocrx_word' id='word_1_657' title='bbox 634 2297 761 2331; x_wconf 84' lang='grc' dir='ltr'>σχήματα</span> <span class='ocrx_word' id='word_1_658' title='bbox 771 2296 826 2324; x_wconf 84' lang='grc' dir='ltr'><strong>τῶν</strong></span> <span class='ocrx_word' id='word_1_659' title='bbox 836 2297 912 2323; x_wconf 78' lang='grc' dir='ltr'>ἀστέ-</span> 
     </span>
    </p>
   </div>
   <div class='ocr_carea' id='block_1_95' title="bbox 125 2341 914 2379">
    <p class='ocr_par' dir='ltr' id='par_1_95' title="bbox 125 2341 914 2379">
     <span class='ocr_line' id='line_1_95' title="bbox 125 2341 914 2379; baseline -0.001 -9"><span class='ocrx_word' id='word_1_660' title='bbox 125 2353 181 2379; x_wconf 82' lang='grc' dir='ltr'><strong>ρων</strong></span> <span class='ocrx_word' id='word_1_661' title='bbox 198 2343 243 2369; x_wconf 78' lang='grc' dir='ltr'><strong>καὶ</strong></span> <span class='ocrx_word' id='word_1_662' title='bbox 254 2343 302 2374; x_wconf 76' lang='grc' dir='ltr'>τὰς</span> <span class='ocrx_word' id='word_1_663' title='bbox 314 2341 415 2372; x_wconf 71' lang='grc' dir='ltr'>πλοκὰς</span> <span class='ocrx_word' id='word_1_664' title='bbox 426 2342 588 2376; x_wconf 82' lang='grc' dir='ltr'>κεχηνότων,</span> <span class='ocrx_word' id='word_1_665' title='bbox 601 2342 672 2377; x_wconf 74' lang='grc' dir='ltr'>ἅπερ</span> <span class='ocrx_word' id='word_1_666' title='bbox 683 2343 774 2375; x_wconf 75' lang='grc' dir='ltr'>αὐτοῖς</span> <span class='ocrx_word' id='word_1_667' title='bbox 784 2344 855 2370; x_wconf 78' lang='grc' dir='ltr'>κατὰ</span> <span class='ocrx_word' id='word_1_668' title='bbox 866 2344 914 2378; x_wconf 82' lang='grc' dir='ltr'>τῆς</span> 
     </span>
    </p>
   </div>
   <div class='ocr_carea' id='block_1_96' title="bbox 122 2388 915 2425">
    <p class='ocr_par' dir='ltr' id='par_1_96' title="bbox 122 2388 915 2425">
     <span class='ocr_line' id='line_1_96' title="bbox 122 2388 915 2425; baseline -0.001 -9"><span class='ocrx_word' id='word_1_669' title='bbox 122 2391 255 2424; x_wconf 81' lang='grc' dir='ltr'>προνοίας</span> <span class='ocrx_word' id='word_1_670' title='bbox 278 2389 443 2422; x_wconf 74' lang='grc' dir='ltr'>ἐπινενόητο,</span> <span class='ocrx_word' id='word_1_671' title='bbox 471 2390 518 2414; x_wconf 78' lang='grc' dir='ltr'>καί</span> <span class='ocrx_word' id='word_1_672' title='bbox 531 2388 633 2414; x_wconf 75' lang='grc' dir='ltr'>τούτων</span> <span class='ocrx_word' id='word_1_673' title='bbox 649 2389 704 2415; x_wconf 79' lang='grc' dir='ltr'>ὅσοι</span> <span class='ocrx_word' id='word_1_674' title='bbox 730 2389 915 2425; x_wconf 78' lang='grc' dir='ltr'>διαφερόντως</span> 
     </span>
    </p>
   </div>
   <div class='ocr_carea' id='block_1_97' title="bbox 122 2434 914 2469">
    <p class='ocr_par' dir='ltr' id='par_1_97' title="bbox 122 2434 914 2469">
     <span class='ocr_line' id='line_1_97' title="bbox 122 2434 914 2469; baseline -0.003 -6"><span class='ocrx_word' id='word_1_675' title='bbox 122 2437 180 2463; x_wconf 83' lang='grc' dir='ltr'>τῶν</span> <span class='ocrx_word' id='word_1_676' title='bbox 209 2435 296 2463; x_wconf 73' lang='grc' dir='ltr'>ἄλλων</span> <span class='ocrx_word' id='word_1_677' title='bbox 323 2435 526 2469; x_wconf 75' lang='grc' dir='ltr'>ἐπισημότεροι,</span> <span class='ocrx_word' id='word_1_678' title='bbox 553 2434 673 2469; x_wconf 79' lang='grc' dir='ltr'>ἀνευρὼν</span> <span class='ocrx_word' id='word_1_679' title='bbox 695 2435 848 2468; x_wconf 71' lang='grc' dir='ltr'>φιλοπόνως</span> <span class='ocrx_word' id='word_1_680' title='bbox 866 2435 914 2461; x_wconf 75' lang='grc' dir='ltr'>καὶ</span> 
     </span>
    </p>
   </div>
   <div class='ocr_carea' id='block_1_98' title="bbox 124 2479 914 2515">
    <p class='ocr_par' dir='ltr' id='par_1_98' title="bbox 124 2479 914 2515">
     <span class='ocr_line' id='line_1_98' title="bbox 124 2479 914 2515; baseline 0 -9"><span class='ocrx_word' id='word_1_681' title='bbox 124 2481 334 2514; x_wconf 74' lang='grc' dir='ltr'>συλλαϐόμενος,</span> <span class='ocrx_word' id='word_1_682' title='bbox 345 2480 391 2505; x_wconf 78' lang='grc' dir='ltr'><strong>καὶ</strong></span> <span class='ocrx_word' id='word_1_683' title='bbox 408 2479 505 2509; x_wconf 68' lang='grc' dir='ltr'>αὐτοὺς</span> <span class='ocrx_word' id='word_1_684' title='bbox 523 2479 571 2512; x_wconf 78' lang='grc' dir='ltr'>μὲν</span> <span class='ocrx_word' id='word_1_685' title='bbox 586 2479 625 2509; x_wconf 77' lang='grc' dir='ltr'>εἰς</span> <span class='ocrx_word' id='word_1_686' title='bbox 640 2479 815 2515; x_wconf 78' lang='grc' dir='ltr'>δεσμωτήρια</span> <span class='ocrx_word' id='word_1_687' title='bbox 830 2489 914 2506; x_wconf 85' lang='grc' dir='ltr'>κατα-</span> 
     </span>
    </p>
   </div>
   <div class='ocr_carea' id='block_1_99' title="bbox 122 2522 912 2558">
    <p class='ocr_par' dir='ltr' id='par_1_99' title="bbox 122 2522 912 2558">
     <span class='ocr_line' id='line_1_99' title="bbox 122 2522 912 2558; baseline -0.008 -7"><span class='ocrx_word' id='word_1_688' title='bbox 122 2525 247 2557; x_wconf 79' lang='grc' dir='ltr'>κλείσας,</span> <span class='ocrx_word' id='word_1_689' title='bbox 264 2525 351 2555; x_wconf 78' lang='grc' dir='ltr'>πάσας</span> <span class='ocrx_word' id='word_1_690' title='bbox 369 2523 396 2549; x_wconf 82' lang='grc' dir='ltr'>δὲ</span> <span class='ocrx_word' id='word_1_691' title='bbox 419 2523 468 2555; x_wconf 81' lang='grc' dir='ltr'><strong>τὰς</strong></span> <span class='ocrx_word' id='word_1_692' title='bbox 483 2523 573 2550; x_wconf 82' lang='grc' dir='ltr'>αὐτῶν</span> <span class='ocrx_word' id='word_1_693' title='bbox 590 2523 707 2558; x_wconf 79' lang='grc' dir='ltr'>βίϐλους,</span> <span class='ocrx_word' id='word_1_694' title='bbox 728 2525 758 2557; x_wconf 80' lang='grc' dir='ltr'><strong>ἐξ</strong></span> <span class='ocrx_word' id='word_1_695' title='bbox 777 2522 814 2552; x_wconf 85' lang='grc' dir='ltr'>ὧν</span> <span class='ocrx_word' id='word_1_696' title='bbox 839 2526 912 2552; x_wconf 64' lang='grc' dir='ltr'>ἐκεῖ-</span> 
     </span>
    </p>
   </div>
   <div class='ocr_carea' id='block_1_100' title="bbox 163 2601 913 2637">
    <p class='ocr_par' dir='ltr' id='par_1_100' title="bbox 163 2601 913 2637">
     <span class='ocr_line' id='line_1_100' title="bbox 163 2601 913 2637; baseline 0.004 -11"><span class='ocrx_word' id='word_1_697' title='bbox 163 2603 217 2637; x_wconf 69' lang='grc' dir='ltr'><strong>(4ἴὶ)</strong></span> <span class='ocrx_word' id='word_1_698' title='bbox 231 2602 255 2628; x_wconf 80' lang='lat' dir='ltr'><strong>Is</strong></span> <span class='ocrx_word' id='word_1_699' title='bbox 269 2611 319 2628; x_wconf 85' lang='lat' dir='ltr'><strong>non</strong></span> <span class='ocrx_word' id='word_1_700' title='bbox 335 2601 414 2632; x_wconf 79' lang='lat' dir='ltr'><strong>alius,</strong></span> <span class='ocrx_word' id='word_1_701' title='bbox 431 2602 518 2637; x_wconf 71' lang='lat' dir='ltr'><strong>credo,</strong></span> <span class='ocrx_word' id='word_1_702' title='bbox 532 2601 620 2636; x_wconf 81' lang='lat' dir='ltr'><strong>fuerit,</strong></span> <span class='ocrx_word' id='word_1_703' title='bbox 634 2610 714 2636; x_wconf 82' lang='lat' dir='ltr'><strong>quam</strong></span> <span class='ocrx_word' id='word_1_704' title='bbox 724 2602 755 2628; x_wconf 81' lang='lat' dir='ltr'><strong>de</strong></span> <span class='ocrx_word' id='word_1_705' title='bbox 768 2611 818 2637; x_wconf 83' lang='lat' dir='ltr'><strong>quo</strong></span> <span class='ocrx_word' id='word_1_706' title='bbox 831 2602 913 2629; x_wconf 72' lang='lat' dir='ltr'><strong>Theo-</strong></span> 
     </span>
    </p>
   </div>
   <div class='ocr_carea' id='block_1_101' title="bbox 134 2636 910 2671">
    <p class='ocr_par' dir='ltr' id='par_1_101' title="bbox 134 2636 910 2671">
     <span class='ocr_line' id='line_1_101' title="bbox 134 2636 910 2671; baseline 0.003 -9"><span class='ocrx_word' id='word_1_707' title='bbox 134 2639 225 2664; x_wconf 73' lang='lat' dir='ltr'><strong>;lumcs</strong></span> <span class='ocrx_word' id='word_1_708' title='bbox 255 2637 289 2664; x_wconf 82' lang='lat' dir='ltr'><strong>ad</strong></span> <span class='ocrx_word' id='word_1_709' title='bbox 310 2645 410 2662; x_wconf 70' lang='lat' dir='ltr'><strong>anitum</strong></span> <span class='ocrx_word' id='word_1_710' title='bbox 434 2637 468 2663; x_wconf 66' lang='lat'><strong>“29</strong></span> <span class='ocrx_word' id='word_1_711' title='bbox 489 2636 634 2663; x_wconf 69' lang='lat' dir='ltr'><strong>Iustiniani</strong></span> <span class='ocrx_word' id='word_1_712' title='bbox 650 2638 715 2671; x_wconf 75' lang='lat' dir='ltr'><strong>imp.</strong></span> <span class='ocrx_word' id='word_1_713' title='bbox 743 2636 790 2663; x_wconf 80' lang='lat' dir='ltr'><strong>hoc</strong></span> <span class='ocrx_word' id='word_1_714' title='bbox 813 2639 910 2664; x_wconf 72' lang='lat' dir='ltr'><strong>motio:</strong></span> 
     </span>
    </p>
   </div>
   <div class='ocr_carea' id='block_1_102' title="bbox 123 2647 911 2706">
    <p class='ocr_par' dir='ltr' id='par_1_102' title="bbox 123 2647 911 2706">
     <span class='ocr_line' id='line_1_102' title="bbox 134 2647 910 2671; baseline 0.003 -9"><span class='ocrx_word' id='word_1_715' title='bbox 134 2647 225 2664; x_wconf 66' lang='grc' dir='ltr'>ιηιιηιιδ</span> <span class='ocrx_word' id='word_1_716' title='bbox 255 2647 287 2664; x_wconf 85' lang='lat' dir='ltr'><strong>aa</strong></span> <span class='ocrx_word' id='word_1_717' title='bbox 310 2647 410 2662; x_wconf 85' lang='lat' dir='ltr'><strong>ammm</strong></span> <span class='ocrx_word' id='word_1_718' title='bbox 435 2647 468 2663; x_wconf 75' lang='lat' dir='ltr'><strong>ZU</strong></span> <span class='ocrx_word' id='word_1_719' title='bbox 489 2647 634 2663; x_wconf 67' lang='grc' dir='ltr'>διιδιιιιιίηιι</span> <span class='ocrx_word' id='word_1_720' title='bbox 650 2647 715 2671; x_wconf 72' lang='lat' dir='ltr'><strong>imp.</strong></span> <span class='ocrx_word' id='word_1_721' title='bbox 743 2647 790 2663; x_wconf 68' lang='grc'><strong><em>1106</em></strong></span> <span class='ocrx_word' id='word_1_722' title='bbox 813 2647 910 2664; x_wconf 74' lang='grc' dir='ltr'><strong><em>1110(ιοῖ</em></strong></span> 
     </span>
     <span class='ocr_line' id='line_1_103' title="bbox 123 2647 911 2706; baseline 0.001 -8"><span class='ocrx_word' id='word_1_723' title='bbox 123 2647 260 2706; x_wconf 58' lang='grc' dir='ltr'>ίη-ωοιιιιὶι</span> <span class='ocrx_word' id='word_1_724' title='bbox 272 2673 408 2703; x_wconf 80' lang='lat' dir='ltr'><strong>Amantio,</strong></span> <span class='ocrx_word' id='word_1_725' title='bbox 424 2672 529 2698; x_wconf 62' lang='grc' dir='ltr'><strong>ηιιιιιὶξυ</strong></span> <span class='ocrx_word' id='word_1_726' title='bbox 546 2672 686 2705; x_wconf 78' lang='lat' dir='ltr'><strong>magistro,</strong></span> <span class='ocrx_word' id='word_1_727' title='bbox 697 2673 723 2698; x_wconf 90' lang='lat' dir='ltr'><strong>in</strong></span> <span class='ocrx_word' id='word_1_728' title='bbox 741 2673 911 2700; x_wconf 67' lang='lat' dir='ltr'><strong>Palmstinani</strong></span> 
     </span>
    </p>
   </div>
   <div class='ocr_carea' id='block_1_103' title="bbox 123 2707 910 2741">
    <p class='ocr_par' dir='ltr' id='par_1_103' title="bbox 123 2707 910 2741">
     <span class='ocr_line' id='line_1_104' title="bbox 123 2707 910 2741; baseline 0 -7"><span class='ocrx_word' id='word_1_729' title='bbox 123 2708 211 2734; x_wconf 62' lang='lat' dir='ltr'><strong>misszt</strong></span> <span class='ocrx_word' id='word_1_730' title='bbox 221 2708 254 2733; x_wconf 85' lang='lat' dir='ltr'><strong>dc</strong></span> <span class='ocrx_word' id='word_1_731' title='bbox 268 2707 399 2740; x_wconf 75' lang='lat' dir='ltr'><strong>Stephani</strong></span> <span class='ocrx_word' id='word_1_732' title='bbox 413 2708 485 2734; x_wconf 68' lang='lat' dir='ltr'><strong>mede.</strong></span> <span class='ocrx_word' id='word_1_733' title='bbox 499 2707 638 2740; x_wconf 81' lang='lat' dir='ltr'><strong>inqmrcre</strong></span> <span class='ocrx_word' id='word_1_734' title='bbox 657 2707 754 2741; x_wconf 78' lang='lat' dir='ltr'><strong>(fuerat</strong></span> <span class='ocrx_word' id='word_1_735' title='bbox 767 2708 808 2733; x_wconf 82' lang='lat' dir='ltr'><strong>hic</strong></span> <span class='ocrx_word' id='word_1_736' title='bbox 822 2707 910 2734; x_wconf 67' lang='grc' dir='ltr'><strong>ϐαι-ςα-</strong></span> 
     </span>
    </p>
   </div>
   <div class='ocr_carea' id='block_1_104' title="bbox 123 2742 909 2776">
    <p class='ocr_par' dir='ltr' id='par_1_104' title="bbox 123 2742 909 2776">
     <span class='ocr_line' id='line_1_105' title="bbox 123 2742 909 2776; baseline 0 -7"><span class='ocrx_word' id='word_1_737' title='bbox 123 2750 180 2769; x_wconf 65' lang='lat' dir='ltr'><strong>rem</strong></span> <span class='ocrx_word' id='word_1_738' title='bbox 195 2742 329 2776; x_wconf 71' lang='lat' dir='ltr'><strong>pra-[crtus</strong></span> <span class='ocrx_word' id='word_1_739' title='bbox 347 2748 424 2775; x_wconf 74' lang='lat' dir='ltr'><strong>utr/nc</strong></span> <span class='ocrx_word' id='word_1_740' title='bbox 443 2751 457 2767; x_wconf 78' lang='grc' dir='ltr'>[ι</span> <span class='ocrx_word' id='word_1_741' title='bbox 475 2742 694 2768; x_wconf 78' lang='lat' dir='ltr'><strong>tunmlluanlibus</strong></span> <span class='ocrx_word' id='word_1_742' title='bbox 707 2742 805 2769; x_wconf 80' lang='lat' dir='ltr'><strong>Juda&#39;is</strong></span> <span class='ocrx_word' id='word_1_743' title='bbox 821 2747 844 2769; x_wconf 85' lang='lat' dir='ltr'><strong>cl</strong></span> <span class='ocrx_word' id='word_1_744' title='bbox 859 2742 909 2769; x_wconf 83' lang='lat' dir='ltr'><strong>Sa—</strong></span> 
     </span>
    </p>
   </div>
   <div class='ocr_carea' id='block_1_105' title="bbox 123 2776 906 2810">
    <p class='ocr_par' dir='ltr' id='par_1_105' title="bbox 123 2776 906 2810">
     <span class='ocr_line' id='line_1_106' title="bbox 123 2776 906 2810; baseline 0.003 -7"><span class='ocrx_word' id='word_1_745' title='bbox 123 2778 241 2807; x_wconf 77' lang='lat' dir='ltr'><strong>maritis,</strong></span> <span class='ocrx_word' id='word_1_746' title='bbox 256 2785 308 2802; x_wconf 80' lang='lat' dir='ltr'><strong>una</strong></span> <span class='ocrx_word' id='word_1_747' title='bbox 324 2785 382 2802; x_wconf 80' lang='lat' dir='ltr'><strong>cum</strong></span> <span class='ocrx_word' id='word_1_748' title='bbox 403 2785 510 2803; x_wconf 78' lang='lat' dir='ltr'><strong>numero</strong></span> <span class='ocrx_word' id='word_1_749' title='bbox 527 2785 577 2802; x_wconf 84' lang='lat' dir='ltr'><strong>non</strong></span> <span class='ocrx_word' id='word_1_750' title='bbox 590 2784 670 2810; x_wconf 81' lang='lat' dir='ltr'><strong>parvo</strong></span> <span class='ocrx_word' id='word_1_751' title='bbox 686 2776 906 2810; x_wconf 73' lang='lat' dir='ltr'><strong>Christianorum,</strong></span> 
     </span>
    </p>
   </div>
   <div class='ocr_carea' id='block_1_106' title="bbox 121 2811 908 2847">
    <p class='ocr_par' dir='ltr' id='par_1_106' title="bbox 121 2811 908 2847">
     <span class='ocr_line' id='line_1_107' title="bbox 121 2811 908 2847; baseline 0 -8"><span class='ocrx_word' id='word_1_752' title='bbox 121 2813 300 2846; x_wconf 64' lang='lat' dir='ltr'><strong>interfectust,</strong></span> <span class='ocrx_word' id='word_1_753' title='bbox 321 2812 366 2845; x_wconf 88' lang='lat' dir='ltr'><strong>qui</strong></span> <span class='ocrx_word' id='word_1_754' title='bbox 379 2820 447 2846; x_wconf 82' lang='lat' dir='ltr'><strong>quos</strong></span> <span class='ocrx_word' id='word_1_755' title='bbox 465 2811 680 2846; x_wconf 81' lang='lat' dir='ltr'><strong>reperitsontes,</strong></span> <span class='ocrx_word' id='word_1_756' title='bbox 699 2813 767 2839; x_wconf 86' lang='lat' dir='ltr'><strong>alios</strong></span> <span class='ocrx_word' id='word_1_757' title='bbox 792 2821 908 2847; x_wconf 72' lang='lat' dir='ltr'><strong>snspen-</strong></span> 
     </span>
    </p>
   </div>
   <div class='ocr_carea' id='block_1_107' title="bbox 268 2857 682 2889">
    <p class='ocr_par' dir='ltr' id='par_1_107' title="bbox 268 2857 682 2889">
     <span class='ocr_line' id='line_1_108' title="bbox 268 2857 682 2889; baseline -0.002 0"><span class='ocrx_word' id='word_1_758' title='bbox 268 2859 392 2889; x_wconf 76' lang='lat' dir='ltr'><strong>PATROL</strong></span> <span class='ocrx_word' id='word_1_759' title='bbox 428 2858 485 2888; x_wconf 81' lang='lat' dir='ltr'><strong>Gn.</strong></span> <span class='ocrx_word' id='word_1_760' title='bbox 512 2858 558 2886; x_wconf 74' lang='lat' dir='ltr'><strong>l..\&#39;</strong></span> <span class='ocrx_word' id='word_1_761' title='bbox 568 2857 682 2888; x_wconf 75' lang='lat' dir='ltr'><strong>XXVI.</strong></span> 
     </span>
    </p>
   </div>
   <div class='ocr_carea' id='block_1_108' title="bbox 998 2250 1750 2285">
    <p class='ocr_par' dir='ltr' id='par_1_108' title="bbox 998 2250 1750 2285">
     <span class='ocr_line' id='line_1_109' title="bbox 998 2250 1750 2285; baseline 0.003 -8"><span class='ocrx_word' id='word_1_762' title='bbox 998 2251 1056 2277; x_wconf 68' lang='grc'><strong>174.</strong></span> <span class='ocrx_word' id='word_1_763' title='bbox 1073 2250 1122 2278; x_wconf 84' lang='lat' dir='ltr'><strong>Hic</strong></span> <span class='ocrx_word' id='word_1_764' title='bbox 1137 2251 1238 2278; x_wconf 89' lang='lat' dir='ltr'><strong>multos</strong></span> <span class='ocrx_word' id='word_1_765' title='bbox 1253 2251 1397 2285; x_wconf 78' lang='lat' dir='ltr'><strong>gentilium</strong></span> <span class='ocrx_word' id='word_1_766' title='bbox 1413 2256 1441 2278; x_wconf 91' lang='lat' dir='ltr'><strong>et</strong></span> <span class='ocrx_word' id='word_1_767' title='bbox 1452 2251 1597 2278; x_wconf 88' lang='lat' dir='ltr'><strong>atheorum</strong></span> <span class='ocrx_word' id='word_1_768' title='bbox 1614 2253 1750 2280; x_wconf 76' lang='lat' dir='ltr'><strong>siderum-</strong></span> 
     </span>
    </p>
   </div>
   <div class='ocr_carea' id='block_1_109' title="bbox 964 2297 1750 2333">
    <p class='ocr_par' dir='ltr' id='par_1_109' title="bbox 964 2297 1750 2333">
     <span class='ocr_line' id='line_1_110' title="bbox 964 2297 1750 2333; baseline 0.004 -9"><span class='ocrx_word' id='word_1_769' title='bbox 964 2305 1017 2331; x_wconf 88' lang='lat' dir='ltr'><strong>que</strong></span> <span class='ocrx_word' id='word_1_770' title='bbox 1033 2297 1191 2332; x_wconf 87' lang='lat' dir='ltr'><strong>aspectibus</strong></span> <span class='ocrx_word' id='word_1_771' title='bbox 1205 2301 1233 2324; x_wconf 89' lang='lat' dir='ltr'><strong>et</strong></span> <span class='ocrx_word' id='word_1_772' title='bbox 1248 2297 1490 2332; x_wconf 87' lang='lat' dir='ltr'><strong>conjunctionibus</strong></span> <span class='ocrx_word' id='word_1_773' title='bbox 1507 2299 1682 2333; x_wconf 86' lang='lat' dir='ltr'><strong>speculandis</strong></span> <span class='ocrx_word' id='word_1_774' title='bbox 1701 2299 1750 2327; x_wconf 90' lang='lat' dir='ltr'><strong>de-</strong></span> 
     </span>
    </p>
   </div>
   <div class='ocr_carea' id='block_1_110' title="bbox 964 2342 1750 2374">
    <p class='ocr_par' dir='ltr' id='par_1_110' title="bbox 964 2342 1750 2374">
     <span class='ocr_line' id='line_1_111' title="bbox 964 2342 1750 2374; baseline 0.003 -5"><span class='ocrx_word' id='word_1_775' title='bbox 964 2342 1097 2374; x_wconf 90' lang='lat' dir='ltr'><strong>ditorum,</strong></span> <span class='ocrx_word' id='word_1_776' title='bbox 1115 2350 1147 2369; x_wconf 90' lang='lat' dir='ltr'><strong>ac</strong></span> <span class='ocrx_word' id='word_1_777' title='bbox 1165 2343 1250 2369; x_wconf 90' lang='lat' dir='ltr'><strong>multa</strong></span> <span class='ocrx_word' id='word_1_778' title='bbox 1266 2342 1329 2369; x_wconf 89' lang='lat' dir='ltr'><strong>inde</strong></span> <span class='ocrx_word' id='word_1_779' title='bbox 1346 2347 1442 2370; x_wconf 89' lang='lat' dir='ltr'><strong>contra</strong></span> <span class='ocrx_word' id='word_1_780' title='bbox 1457 2343 1662 2371; x_wconf 86' lang='lat' dir='ltr'><strong>Providentiam</strong></span> <span class='ocrx_word' id='word_1_781' title='bbox 1678 2344 1750 2371; x_wconf 82' lang='lat' dir='ltr'><strong>divi-</strong></span> 
     </span>
    </p>
   </div>
   <div class='ocr_carea' id='block_1_111' title="bbox 963 2389 1748 2423">
    <p class='ocr_par' dir='ltr' id='par_1_111' title="bbox 963 2389 1748 2423">
     <span class='ocr_line' id='line_1_112' title="bbox 963 2389 1748 2423; baseline 0.003 -8"><span class='ocrx_word' id='word_1_782' title='bbox 963 2396 1025 2415; x_wconf 88' lang='lat' dir='ltr'><strong>nam</strong></span> <span class='ocrx_word' id='word_1_783' title='bbox 1040 2389 1235 2420; x_wconf 87' lang='lat' dir='ltr'><strong>astruentium,</strong></span> <span class='ocrx_word' id='word_1_784' title='bbox 1254 2389 1405 2423; x_wconf 66' lang='lat' dir='ltr'><strong>praesertim</strong></span> <span class='ocrx_word' id='word_1_785' title='bbox 1429 2389 1605 2423; x_wconf 90' lang='lat' dir='ltr'><strong>illustriores,</strong></span> <span class='ocrx_word' id='word_1_786' title='bbox 1627 2390 1748 2418; x_wconf 82' lang='lat' dir='ltr'><strong>studiose</strong></span> 
     </span>
    </p>
   </div>
   <div class='ocr_carea' id='block_1_112' title="bbox 963 2435 1749 2470">
    <p class='ocr_par' dir='ltr' id='par_1_112' title="bbox 963 2435 1749 2470">
     <span class='ocr_line' id='line_1_113' title="bbox 963 2435 1749 2470; baseline 0.004 -10"><span class='ocrx_word' id='word_1_787' title='bbox 963 2435 1132 2469; x_wconf 84' lang='lat' dir='ltr'><strong>conquisitos</strong></span> <span class='ocrx_word' id='word_1_788' title='bbox 1158 2435 1410 2469; x_wconf 82' lang='lat' dir='ltr'><strong>comprehendebat</strong></span> <span class='ocrx_word' id='word_1_789' title='bbox 1438 2436 1685 2470; x_wconf 81' lang='lat' dir='ltr'><strong>compingebatqne</strong></span> <span class='ocrx_word' id='word_1_790' title='bbox 1720 2436 1749 2463; x_wconf 89' lang='lat' dir='ltr'><strong>in</strong></span> 
     </span>
    </p>
   </div>
   <div class='ocr_carea' id='block_1_113' title="bbox 963 2481 1750 2517">
    <p class='ocr_par' dir='ltr' id='par_1_113' title="bbox 963 2481 1750 2517">
     <span class='ocr_line' id='line_1_114' title="bbox 963 2481 1750 2517; baseline 0.001 -9"><span class='ocrx_word' id='word_1_791' title='bbox 963 2489 1100 2508; x_wconf 85' lang='lat' dir='ltr'><strong>carcerem</strong></span> <span class='ocrx_word' id='word_1_792' title='bbox 1117 2489 1124 2507; x_wconf 85' lang='lat'>:</span> <span class='ocrx_word' id='word_1_793' title='bbox 1140 2481 1224 2508; x_wconf 76' lang='lat' dir='ltr'><strong>libros</strong></span> <span class='ocrx_word' id='word_1_794' title='bbox 1249 2485 1339 2508; x_wconf 86' lang='lat' dir='ltr'><strong>autem</strong></span> <span class='ocrx_word' id='word_1_795' title='bbox 1364 2481 1473 2508; x_wconf 86' lang='lat' dir='ltr'><strong>illorum</strong></span> <span class='ocrx_word' id='word_1_796' title='bbox 1496 2490 1602 2514; x_wconf 88' lang='lat' dir='ltr'><strong>omnes,</strong></span> <span class='ocrx_word' id='word_1_797' title='bbox 1630 2489 1664 2509; x_wconf 81' lang='lat' dir='ltr'><strong>ex</strong></span> <span class='ocrx_word' id='word_1_798' title='bbox 1689 2483 1750 2517; x_wconf 90' lang='lat' dir='ltr'><strong>qui—</strong></span> 
     </span>
    </p>
   </div>
   <div class='ocr_carea' id='block_1_114' title="bbox 963 2526 1750 2562">
    <p class='ocr_par' dir='ltr' id='par_1_114' title="bbox 963 2526 1750 2562">
     <span class='ocr_line' id='line_1_115' title="bbox 963 2526 1750 2562; baseline 0.001 -9"><span class='ocrx_word' id='word_1_799' title='bbox 963 2527 1015 2553; x_wconf 91' lang='lat' dir='ltr'><strong>bus</strong></span> <span class='ocrx_word' id='word_1_800' title='bbox 1025 2526 1092 2554; x_wconf 80' lang='lat' dir='ltr'><strong>l‘alsa</strong></span> <span class='ocrx_word' id='word_1_801' title='bbox 1105 2527 1239 2561; x_wconf 87' lang='lat' dir='ltr'><strong>sapientia</strong></span> <span class='ocrx_word' id='word_1_802' title='bbox 1251 2531 1279 2554; x_wconf 82' lang='lat' dir='ltr'><strong>et</strong></span> <span class='ocrx_word' id='word_1_803' title='bbox 1290 2534 1366 2554; x_wconf 79' lang='lat' dir='ltr'><strong>novae</strong></span> <span class='ocrx_word' id='word_1_804' title='bbox 1379 2532 1476 2554; x_wconf 87' lang='lat' dir='ltr'><strong>contra</strong></span> <span class='ocrx_word' id='word_1_805' title='bbox 1487 2527 1632 2555; x_wconf 89' lang='lat' dir='ltr'><strong>veritatem</strong></span> <span class='ocrx_word' id='word_1_806' title='bbox 1642 2527 1750 2562; x_wconf 90' lang='lat' dir='ltr'><strong>opinio—</strong></span> 
     </span>
    </p>
   </div>
   <div class='ocr_carea' id='block_1_115' title="bbox 968 2603 1749 2639">
    <p class='ocr_par' dir='ltr' id='par_1_115' title="bbox 968 2603 1749 2639">
     <span class='ocr_line' id='line_1_116' title="bbox 968 2603 1749 2639; baseline 0.005 -10"><span class='ocrx_word' id='word_1_807' title='bbox 968 2603 1024 2635; x_wconf 82' lang='lat' dir='ltr'><strong>dio,</strong></span> <span class='ocrx_word' id='word_1_808' title='bbox 1038 2603 1106 2630; x_wconf 88' lang='lat' dir='ltr'><strong>alios</strong></span> <span class='ocrx_word' id='word_1_809' title='bbox 1115 2604 1213 2639; x_wconf 87' lang='lat' dir='ltr'><strong>capitis</strong></span> <span class='ocrx_word' id='word_1_810' title='bbox 1228 2605 1408 2634; x_wconf 84' lang='lat' dir='ltr'><strong>abscissione.</strong></span> <span class='ocrx_word' id='word_1_811' title='bbox 1420 2605 1593 2633; x_wconf 84' lang='lat' dir='ltr'><strong>truncatione</strong></span> <span class='ocrx_word' id='word_1_812' title='bbox 1612 2605 1749 2633; x_wconf 86' lang='lat' dir='ltr'><strong>membro-</strong></span> 
     </span>
    </p>
   </div>
   <div class='ocr_carea' id='block_1_116' title="bbox 964 2641 1749 2675">
    <p class='ocr_par' dir='ltr' id='par_1_116' title="bbox 964 2641 1749 2675">
     <span class='ocr_line' id='line_1_117' title="bbox 964 2641 1749 2675; baseline 0.005 -11"><span class='ocrx_word' id='word_1_813' title='bbox 964 2646 1024 2664; x_wconf 87' lang='lat' dir='ltr'><strong>rum</strong></span> <span class='ocrx_word' id='word_1_814' title='bbox 1042 2641 1200 2668; x_wconf 80' lang='lat' dir='ltr'><strong>nnnnullos.</strong></span> <span class='ocrx_word' id='word_1_815' title='bbox 1232 2641 1378 2675; x_wconf 87' lang='lat' dir='ltr'><strong>plerosque</strong></span> <span class='ocrx_word' id='word_1_816' title='bbox 1404 2641 1564 2668; x_wconf 84' lang='lat' dir='ltr'><strong>facultatum</strong></span> <span class='ocrx_word' id='word_1_817' title='bbox 1600 2642 1749 2668; x_wconf 83' lang='lat' dir='ltr'><strong>amissione</strong></span> 
     </span>
    </p>
   </div>
   <div class='ocr_carea' id='block_1_117' title="bbox 963 2675 1748 2710">
    <p class='ocr_par' dir='ltr' id='par_1_117' title="bbox 963 2675 1748 2710">
     <span class='ocr_line' id='line_1_118' title="bbox 963 2675 1748 2710; baseline 0.003 -11"><span class='ocrx_word' id='word_1_818' title='bbox 963 2675 1099 2710; x_wconf 72' lang='lat' dir='ltr'><strong>multavit.</strong></span> <span class='ocrx_word' id='word_1_819' title='bbox 1127 2675 1165 2701; x_wconf 66' lang='lat' dir='ltr'><strong>lix</strong></span> <span class='ocrx_word' id='word_1_820' title='bbox 1192 2683 1246 2708; x_wconf 88' lang='lat' dir='ltr'><strong>quo</strong></span> <span class='ocrx_word' id='word_1_821' title='bbox 1257 2681 1347 2702; x_wconf 88' lang='lat' dir='ltr'><strong>metus</strong></span> <span class='ocrx_word' id='word_1_822' title='bbox 1375 2676 1471 2710; x_wconf 77' lang='lat' dir='ltr'><strong>ingens</strong></span> <span class='ocrx_word' id='word_1_823' title='bbox 1491 2677 1517 2702; x_wconf 89' lang='lat' dir='ltr'><strong>in</strong></span> <span class='ocrx_word' id='word_1_824' title='bbox 1531 2681 1624 2710; x_wconf 86' lang='lat' dir='ltr'><strong>partes</strong></span> <span class='ocrx_word' id='word_1_825' title='bbox 1652 2683 1748 2702; x_wconf 77' lang='lat' dir='ltr'><strong>omnes</strong></span> 
     </span>
    </p>
   </div>
   <div class='ocr_carea' id='block_1_118' title="bbox 961 2707 1746 2746">
    <p class='ocr_par' dir='ltr' id='par_1_118' title="bbox 961 2707 1746 2746">
     <span class='ocr_line' id='line_1_119' title="bbox 961 2707 1746 2746; baseline 0.006 -12"><span class='ocrx_word' id='word_1_826' title='bbox 961 2707 1116 2746; x_wconf 80' lang='lat' dir='ltr'><strong>Orientales</strong></span> <span class='ocrx_word' id='word_1_827' title='bbox 1137 2707 1271 2737; x_wconf 81' lang='lat' dir='ltr'><strong>incubuit.</strong></span> <span class='ocrx_word' id='word_1_828' title='bbox 1299 2710 1365 2737; x_wconf 79' lang='lat' dir='ltr'><strong>Hinc</strong></span> <span class='ocrx_word' id='word_1_829' title='bbox 1382 2707 1461 2745; x_wconf 67' lang='lat' dir='ltr'><strong>porro</strong></span> <span class='ocrx_word' id='word_1_830' title='bbox 1488 2707 1624 2746; x_wconf 75' lang='lat' dir='ltr'><strong>colligitur</strong></span> <span class='ocrx_word' id='word_1_831' title='bbox 1647 2711 1746 2739; x_wconf 81' lang='lat' dir='ltr'><strong>omnia.</strong></span> 
     </span>
    </p>
   </div>
   <div class='ocr_carea' id='block_1_119' title="bbox 960 2744 1748 2781">
    <p class='ocr_par' dir='ltr' id='par_1_119' title="bbox 960 2744 1748 2781">
     <span class='ocr_line' id='line_1_120' title="bbox 960 2744 1748 2781; baseline 0.004 -12"><span class='ocrx_word' id='word_1_832' title='bbox 960 2751 1018 2778; x_wconf 69' lang='lat' dir='ltr'><strong>qua:</strong></span> <span class='ocrx_word' id='word_1_833' title='bbox 1031 2744 1062 2770; x_wconf 87' lang='lat' dir='ltr'><strong>ab</strong></span> <span class='ocrx_word' id='word_1_834' title='bbox 1074 2745 1147 2771; x_wconf 79' lang='lat' dir='ltr'><strong>initio</strong></span> <span class='ocrx_word' id='word_1_835' title='bbox 1160 2746 1253 2780; x_wconf 74' lang='lat' dir='ltr'><strong>capitis</strong></span> <span class='ocrx_word' id='word_1_836' title='bbox 1270 2746 1303 2772; x_wconf 81' lang='grc'><strong>15</strong></span> <span class='ocrx_word' id='word_1_837' title='bbox 1319 2747 1369 2772; x_wconf 84' lang='lat' dir='ltr'><strong>huc</strong></span> <span class='ocrx_word' id='word_1_838' title='bbox 1383 2744 1476 2778; x_wconf 70' lang='lat' dir='ltr'><strong>usque</strong></span> <span class='ocrx_word' id='word_1_839' title='bbox 1510 2744 1559 2781; x_wconf 63' lang='grc' dir='ltr'>ρει-⁷</span> <span class='ocrx_word' id='word_1_840' title='bbox 1571 2746 1604 2772; x_wconf 86' lang='grc'>70</span> <span class='ocrx_word' id='word_1_841' title='bbox 1626 2753 1748 2772; x_wconf 80' lang='lat' dir='ltr'><strong>numeros</strong></span> 
     </span>
    </p>
   </div>
   <div class='ocr_carea' id='block_1_120' title="bbox 959 2781 1748 2813">
    <p class='ocr_par' dir='ltr' id='par_1_120' title="bbox 959 2781 1748 2813">
     <span class='ocr_line' id='line_1_121' title="bbox 959 2781 1748 2813; baseline 0.004 -9"><span class='ocrx_word' id='word_1_842' title='bbox 959 2783 1116 2812; x_wconf 78' lang='lat' dir='ltr'><strong>narrantur,</strong></span> <span class='ocrx_word' id='word_1_843' title='bbox 1133 2781 1204 2806; x_wconf 80' lang='lat' dir='ltr'><strong>intra</strong></span> <span class='ocrx_word' id='word_1_844' title='bbox 1231 2781 1307 2806; x_wconf 81' lang='lat' dir='ltr'><strong>unius</strong></span> <span class='ocrx_word' id='word_1_845' title='bbox 1323 2785 1369 2807; x_wconf 78' lang='lat' dir='ltr'><strong>aut</strong></span> <span class='ocrx_word' id='word_1_846' title='bbox 1392 2785 1420 2807; x_wconf 82' lang='lat' dir='ltr'><strong>ut</strong></span> <span class='ocrx_word' id='word_1_847' title='bbox 1443 2789 1576 2808; x_wconf 79' lang='lat' dir='ltr'><strong>sumntum</strong></span> <span class='ocrx_word' id='word_1_848' title='bbox 1596 2781 1748 2813; x_wconf 69' lang='lat' dir='ltr'><strong>sexquinnni</strong></span> 
     </span>
    </p>
   </div>
   <div class='ocr_carea' id='block_1_121' title="bbox 957 2814 1187 2847">
    <p class='ocr_par' dir='ltr' id='par_1_121' title="bbox 957 2814 1187 2847">
     <span class='ocr_line' id='line_1_122' title="bbox 957 2814 1187 2847; baseline 0.013 -8"><span class='ocrx_word' id='word_1_849' title='bbox 957 2814 1043 2847; x_wconf 77' lang='lat' dir='ltr'><strong>spatio</strong></span> <span class='ocrx_word' id='word_1_850' title='bbox 1056 2816 1187 2842; x_wconf 69' lang='grc' dir='ltr'><strong>(ιι-(ἰιίίδδίι.</strong></span> 
     </span>
    </p>
   </div>
   <div class='ocr_carea' id='block_1_122' title="bbox 1029 2851 1563 2892">
    <p class='ocr_par' dir='ltr' id='par_1_122' title="bbox 1029 2851 1563 2892">
     <span class='ocr_line' id='line_1_123' title="bbox 1029 2851 1563 2892; baseline 0 0"><span class='ocrx_word' id='word_1_851' title='bbox 1029 2851 1049 2869; x_wconf 75' lang='grc'><strong>⁹</strong></span> <span class='ocrx_word' id='word_1_852' title='bbox 1526 2864 1563 2892; x_wconf 74' lang='lat' dir='ltr'><strong>bu</strong></span> 
     </span>
    </p>
   </div>
  </div>
