1966 3068
225 193 292 225 ΞΞΞῙ

788 216 797 229 γ,
828 191 858 221 S.
878 189 1067 220 SYMEONIS
1086 190 1267 221 JUNIORIS

1779 187 1860 223 ὯῙὲ

224 257 306 286 atque
315 248 445 277 mrumnis
459 248 557 283 impar,
567 247 600 274 ad
613 251 739 273 sanctum
752 243 916 282 SyIiJconem
930 247 1014 273 addu-

1077 245 1187 280 ινεχοεὶς
1202 245 1327 280 Συμεὼν,
1342 244 1394 280 πρὸ
1407 245 1455 280 τῆς
1473 245 1555 272 αὒτοῦ
1572 245 1694 277 στάσεως
1710 245 1863 272 ἐκυλινδεῖ-

224 303 294 328 ctus,
305 298 370 322 ante
387 295 543 322 columnam
559 293 660 320 misere
673 292 869 320 volutabatur:
887 292 962 328 quod
975 293 1016 320 fa-

226 346 300 368 ctum
309 341 464 373 fuerat,non
472 339 565 367 verbis
573 339 659 374 magis
666 347 747 374 quam
756 339 887 375 laerymis
895 339 1015 367 ubertim

226 387 381 418 perterram
389 382 574 415 fluitantibus,
588 381 748 413 enuntians,
759 387 842 416 atque
852 381 1018 409 calamitatis

226 429 458 456 suzelevatiouem
471 428 648 463 precabatur.
678 428 729 456 Cui
749 436 868 463 surgens
887 433 1016 456 sanctus:

226 474 311 505 Vade,
329 474 430 509 inquit,
442 473 668 508 donecsuperato
680 474 778 506 iluvto,
797 473 1018 501 adversumcon-

227 520 370 548 scenderis
384 525 524 553 montem;
538 525 566 547 et
581 520 616 547 da
637 520 752 554 gloriam
771 520 827 547 Deo
851 528 900 554 per
918 527 970 547 me.
993 519 1019 547 Is

226 571 318 592 autem
330 565 413 592 verba
430 565 522 592 hmcin
541 569 613 592 terra
626 565 709 596 bona,
721 564 806 591 veluti
823 572 916 601 serqen
929 565 1017 599 quod-

227 611 400 644 dam,eordis
413 611 476 638 sinu
494 611 644 645 excipiens.
660 611 787 644 cumjam
804 610 831 637 in
846 614 967 637 montem
982 618 1015 637 ex

227 658 352 693 opposito
364 658 446 684 situm
461 657 560 684 enixus
573 661 656 687 esset,
672 656 705 682 ad
723 656 775 682 viri
793 656 841 684 Dei
860 656 1016 683 columnam

227 711 389 735 Conversus,
406 703 544 733 manibus,
559 702 642 729 simul
657 710 719 729 cum
733 709 781 736 spe
791 707 819 729 et
834 702 1019 729 cordeinem-

226 751 268 777 los
276 750 384 783 levatis,
401 750 517 785 genibus
528 758 558 776 ac
565 750 642 776 vultu
653 750 679 776 in
691 753 790 776 terram
800 749 924 784 deiectis,
933 750 1017 776 Deum

228 805 277 832 per
298 796 478 823 mediatorem
495 795 660 831 Symeonem
676 803 726 830 pro
742 795 907 823 liberatione
927 795 1019 830 depri-

229 843 328 870 mentis
342 851 371 870 se
388 842 451 869 mali
472 842 630 875 invocabat,
654 847 682 869 et
697 842 830 869 continuo
845 841 917 876 (quis
941 840 1019 868 audi-

230 889 304 916 tione
332 890 398 915 tanti
422 888 546 916 miraculi
563 896 617 915 non
633 888 839 923 obstupescet?)
865 892 957 914 tumor
973 887 1018 914 ille

1070 300 1110 322 το,
1127 291 1157 318 τὸ
1174 291 1286 325 γεγονὸς
1302 290 1484 325 ἀπαγγέλλων
1503 291 1533 317 οὐ
1548 291 1650 326 ῥήμασι
1668 292 1766 326 μᾶλλον
1781 292 1798 327 ἢ
1815 291 1864 318 δά-

1069 337 1205 373 κρυσιν,ἃ
1221 337 1252 371 δὴ
1268 337 1354 363 πολλά
1377 337 1508 371 κατέχεεν
1529 337 1576 363 τοῦ
1600 337 1725 370 ἐδάφους,
1741 339 1789 364 καὶ
1811 337 1864 372 τῆς

1071 383 1217 417 συμφορᾶς
1233 382 1425 417 ἀπαλλαγῆναι
1444 382 1581 417 δεόμενος.
1604 383 1633 409 Ὀ
1647 382 1676 409 δὲ
1699 383 1861 414 διαναστὰς,

1070 429 1202 464 Πορεύου,
1225 429 1277 464 ἔφη
1293 436 1299 442 ”
1316 429 1359 455 ἐπ’
1378 429 1411 455 ἂν
1431 431 1521 463 μέντοι
1542 429 1587 455 τον
1603 429 1724 463 ποταμῆν
1741 437 1865 464 περαιω-

1069 474 1125 506 θεὶς
1141 473 1188 500 τοῦ
1204 475 1352 509 ἀντιπέρας
1370 474 1468 509 ἐπιϐῇς
1480 474 1576 509 ὅρους,
1588 474 1632 505 δὸς
1647 474 1727 507 δῦξαν
1744 474 1777 500 δι’
1794 474 1863 508 ἐμοῦ

1069 521 1108 555 τῷ
1123 521 1192 556 Θεῷ.
1212 521 1241 548 ’0
1258 521 1285 548 δὲ
1298 521 1343 548 τὸν
1358 521 1437 555 λόγον
1447 521 1518 548 κατὰ
1535 520 1585 553 τὴν
1605 520 1713 554 ἀγαθὴν
1732 520 1795 555 γῆν,
1809 520 1865 546 οἱο-

1070 567 1109 592 νεί
1126 576 1186 594 τινα
1211 567 1322 602 σπόρον,
1336 569 1365 594 ὲν
1379 568 1435 598 τοῖς
1454 568 1503 602 τῆς
1518 567 1632 602 καρδίας
1655 567 1764 598 κόλποις
1782 567 1863 599 δεξά-

1072 622 1161 648 μενος,
1179 613 1216 644 ὡς
1235 613 1284 648 ἧδή
1300 613 1347 639 τοῦ
1373 613 1435 640 κατ’
1453 614 1568 649 ἀντικρὺ
1584 614 1665 649 ὅρους
1678 613 1776 647 ἐπέϐη,
1793 615 1863 648 πρὶς

1068 660 1115 685 τὸν
1136 659 1231 686 στύλον
1252 659 1299 686 τοῦ
1322 659 1418 695 ἀνδρὸς
1440 660 1619 695 ἐπιστρέψας,
1638 659 1750 691 καὶτὰς
1764 661 1862 695 χεῖρας

1072 705 1140 739 μετὰ
1153 705 1207 731 τῶν
1221 705 1339 731 ἐλπίδων
1352 705 1398 732 καὶ
1414 707 1462 740 τῆς
1475 706 1587 741 καρδίας
1603 707 1642 737 είς
1654 706 1786 742 οὐρανοὺς
1799 706 1865 732 ἀνα-

1070 752 1170 783 τείνας,
1189 751 1292 785 γόνατά
1313 760 1342 778 τε
1365 752 1413 778 καὶ
1427 751 1502 787 δψεις
1523 754 1557 786 γῇ
1570 752 1703 785 δεδωκὼς,
1724 752 1771 779 τὸν
1797 751 1864 778 Θειν

1070 797 1123 824 ὑπὸ
1138 797 1234 833 μεσίτῃ
1251 797 1290 833 τῷ
1305 798 1419 833 Συμεὼν
1434 798 1474 829 είς
1489 798 1649 834 ἀπαλλαγὴν
1664 799 1715 833 τῆς
1730 799 1863 834 κατεχού-

1071 853 1121 879 σης
1135 844 1218 870 αὑτὸν
1233 844 1356 878 ἀνάγκης
1373 844 1541 871 ἐπεκαλεῖτο.
1559 845 1611 871 Καὶ
1626 845 1798 880 παραχρῆμα
1811 846 1865 877 (τίς

1072 890 1121 916 οὐκ
1138 889 1170 916 ἂν
1185 890 1254 925 ἀκοῇ
1267 890 1298 916 τὸ
1312 890 1404 925 θαῦμα
1424 891 1629 926 καταπλαγείης
1642 891 1651 925 )
1675 892 1688 917 ὁ
1705 891 1866 926 τηλικοῦτος

229 929 381 962 immensus
396 935 520 966 evanuit,
543 934 672 961 omnibus
687 934 774 968 ipsius
800 933 932 960 membris
947 937 1020 959 recte

1077 936 1210 962 διαλέλυτο
1223 936 1314 970 ὄγκος,
1327 937 1411 970 ὑγιῶς
1422 937 1496 972 αὺτῷ
1511 937 1619 964 πάντων
1634 938 1680 964 καὶ
1695 938 1766 965 κατὰ
1785 938 1865 972 φύσιν

228 990 259 1008 ae
270 986 456 1016 congruenter
470 985 575 1008 natura
591 988 620 1007 se
635 979 958 1014 habentibus.Quotquot
970 979 1020 1006 ita-

229 1036 282 1063 que
294 1028 397 1055 conscii
415 1026 580 1054 calamitatis
593 1027 667 1054 illius
679 1026 802 1057 fuerunt,
818 1026 835 1052 ii
849 1033 949 1060 nempe
960 1032 1020 1052 om-

229 1082 279 1102 nes
296 1074 343 1109 qui
368 1081 480 1101 manum
497 1072 662 1107 adjutrieem
685 1071 865 1099 admoventes
877 1071 967 1105 ipsum
993 1070 1019 1097 in

186 1144 189 1147 .
230 1124 352 1147 montem
382 1119 599 1154 transtulerant,
627 1117 739 1144 eosdem
767 1116 884 1152 prodigii
911 1123 1021 1151 quoque

230 1166 356 1194 conscios
370 1165 451 1198 fecit;
466 1172 584 1199 eumque
599 1166 780 1191 monstrasset
791 1171 846 1198 quo
853 1166 934 1198 pacto
943 1162 1022 1189 malis

229 1216 374 1246 exemptus
388 1214 472 1243 esset,
484 1210 565 1237 simul
576 1209 608 1236 ad
617 1213 744 1237 sanctum
764 1208 917 1241 redierunt,
940 1207 1022 1234 simul

232 1257 396 1284 beneﬁcium
422 1255 541 1283 confessi
560 1258 741 1290 agnoverunt.

268 1359 330 1387 t80.
350 1358 444 1393 Magna
457 1357 568 1393 quidem
580 1361 609 1384 et
620 1355 763 1388 mirabilis,
778 1356 847 1387 scio.
861 1354 1023 1391 aceiditpiis

232 1406 347 1432 auribus
359 1405 416 1431 haec
430 1403 563 1435 narratio,
580 1403 662 1430 habet
676 1407 767 1430 tamen
780 1403 863 1430 etiam
876 1408 1023 1437 suppareln

234 1452 319 1481 illam,
338 1458 398 1484 qum
414 1450 551 1484 sequitur.
575 1448 654 1476 Alius
673 1449 798 1483 quidam,
811 1448 934 1476 Caesarea
955 1447 1024 1483 Cap-

234 1496 356 1532 padociae
369 1495 515 1527 oriundus,
532 1503 547 1522 a
560 1503 590 1522 re
602 1495 730 1522 familiari
749 1495 852 1522 affatim
868 1503 920 1522 nec
933 1495 1025 1522 minus

233 1553 247 1570 a
262 1543 372 1579 generis
388 1542 532 1570 nobilitate
549 1542 712 1573 instructus,
724 1541 820 1568 iisdem
832 1542 933 1572 quibus
945 1549 1026 1576 supe-

1071 982 1197 1016 ὲχόντων.
1212 981 1282 1013 Τοὺς
1300 983 1445 1014 κοινωνοὺς
1465 984 1554 1010 τοίνυν
1569 983 1618 1018 τῆς
1634 985 1787 1019 συμφορᾶς,
1809 985 1866 1011 ὅσοι

1071 1026 1171 1062 δηλαδὴ
1191 1027 1238 1054 καὶ
1259 1028 1518 1063 συνεπιῦοηθοῦντες
1541 1029 1616 1064 αὐτῷ
1640 1029 1866 1062 διαδαστάζοντες

1071 1070 1141 1106 ἦσαν
1155 1072 1224 1108 πρὸς
1238 1072 1287 1108 τὴν
1301 1074 1424 1109 πορείαν,
1439 1075 1584 1107 κοινωνοὺς
1600 1076 1647 1102 καὶ
1661 1076 1708 1102 τοῦ
1724 1076 1865 1111 θαύματος

1072 1119 1205 1145 ἐποιεῖτο·
1225 1119 1272 1146 καὶ
1290 1120 1364 1151 ὅπως
1387 1120 1435 1146 τοῦ
1460 1121 1561 1153 πάθους
1583 1122 1744 1157 ἀπήλλακτο
1764 1123 1865 1155 δείξας.

1073 1165 1149 1199 κοινῇ
1163 1165 1230 1200 πρὸς
1244 1165 1290 1192 τὸν
1301 1166 1396 1199 ’Ἃγιον
1419 1168 1572 1203 ἐπανῄεσαν
1588 1167 1676 1201 αὖθις,
1685 1170 1760 1204 κοινῇ
1773 1170 1807 1196 τὰ
1817 1169 1866 1203 τῆς

1073 1211 1233 1247 εὐεργεσίας
1247 1212 1448 1248 ἀνωμολόγουν.

1111 1360 1164 1393 ρπν.
1181 1356 1261 1392 Μέγα
1289 1356 1338 1392 μὲν
1361 1355 1407 1383 οὖν
1424 1354 1482 1384 οῖδα
1505 1356 1638 1391 φιλοοέοις
1659 1357 1753 1389 ἀκοαῖς
1771 1355 1803 1383 τὸ
1826 1356 1867 1383 δι-

1075 1404 1181 1440 ήγημα,
1208 1403 1321 1438 ἀδελφὸν
1340 1404 1367 1430 δὲ
1390 1404 1465 1439 ὅμως
1487 1403 1535 1430 καὶ
1555 1404 1586 1430 τὸ
1609 1404 1779 1438 ὲπαγόμενον
1799 1403 1866 1439 ἔχει.

1076 1450 1189 1486 Ἕτερος
1205 1452 1258 1485 γάρ
1268 1460 1319 1482 τις,
1341 1451 1373 1477 ἐκ
1384 1450 1552 1485 Καισαρείας
1566 1450 1594 1476 δὲ
1606 1450 1801 1477 Καππαδοκῶν
1814 1450 1868 1485 ὡρ-

1078 1497 1208 1531 μημένος,
1229 1495 1286 1529 βίου
1310 1495 1360 1530 μὲν
1382 1494 1483 1526 ἱκανῶς
1503 1495 1554 1521 οὐκ
1576 1495 1690 1530 ἀσήμως
1712 1495 1740 1521 δὲ
1759 1494 1807 1522 καὶ
1823 1495 1868 1528 γέ-

1075 1551 1137 1572 νους
1151 1542 1230 1577 ἔχων,
1245 1541 1326 1567 πάθει
1339 1541 1386 1568 καὶ
1399 1541 1477 1577 βάρει
1542 1541 1616 1576 αὑτῷ
1631 1542 1805 1576 πιεζόμενος,
1822 1542 1868 1568 καὶ

235 1589 292 1616 rior
320 1589 486 1615 torminibus
510 1588 672 1623 ventrisque
693 1592 801 1614 tumore
816 1587 1021 1620 afﬂictabatur;

1077 1589 1124 1622 τὴν
1141 1588 1190 1623 μὲν
1203 1588 1298 1614 οὐσίαν
1317 1587 1427 1622 τέχναις
1442 1587 1543 1623 ἰατρῶν
1566 1587 1775 1621 ἐκδαπανηοεὶς,
1792 1587 1868 1614 οἰδὲν

231 1636 342 1670 jamque
355 1634 508 1661 substantia
521 1633 595 1661 omni
608 1635 635 1660 in
648 1633 818 1661 medicorum
830 1638 916 1660 artem
926 1641 1025 1668 expen—
1042 1653 1047 1659 .

234 1690 274 1714 sa,
291 1681 365 1708 aliud
383 1681 451 1707 nihil
465 1680 645 1707 emolumenti
658 1684 780 1715 ceperat,
793 1687 874 1714 quam
890 1679 962 1714 quod
982 1679 1026 1706 di-

235 1728 333 1755 dicerit
359 1727 528 1754 curationem
545 1726 694 1753 humanam
710 1733 769 1753 esse
781 1733 1024 1760 supervacaneam,

236 1773 354 1807 ideoque
369 1772 401 1799 ad
416 1772 537 1798 divinam
556 1771 641 1798 divini
661 1771 776 1806 hujusce
795 1771 847 1797 viri
863 1778 943 1805 opem
961 1777 1027 1797 con-

235 1819 346 1854 fugerit.
362 1819 401 1845 Eo
417 1818 509 1852 itaque
521 1825 583 1844 cum
600 1817 766 1848 advenisset,
778 1824 885 1852 preces,
896 1817 1025 1852 gemitus,

236 1865 379 1899 lacrymas,
397 1869 426 1890 et
445 1864 467 1890 si
483 1863 549 1897 quid
568 1867 699 1898 praeterea
722 1868 766 1890 est
782 1863 855 1897 quod
880 1862 1027 1889 commise-

239 1910 372 1936 rationcm
399 1909 479 1935 cierer
497 1908 550 1942 piis
573 1908 717 1935 animabus
739 1908 835 1942 possit.
854 1915 903 1942 pro
920 1906 1027 1933 incolu-

239 1955 332 1982 mitate
347 1960 375 1981 et
395 1955 520 1981 dolorum
540 1953 702 1988 depulsione
719 1953 878 1980 exhibebat.
893 1953 941 1980 His
961 1959 1028 1979 vero

239 2001 357 2036 Symeon
373 2000 406 2028 ad
433 2000 622 2028 miserandum
649 2005 755 2029 motus.
770 2007 867 2026 versus
890 1999 963 2025 illam
978 1999 1029 2025 mi-

239 2046 416 2073 sericordiam
434 2045 529 2072 oculos
542 2045 666 2074 sustulit.
684 2052 746 2079 qua:
759 2044 892 2079 quidquid
909 2044 1029 2078 petimus

239 2099 348 2127 semper
360 2091 458 2119 tribuit
474 2100 481 2118 :
501 2092 680 2126 sentiensque
696 2090 861 2117 diviniore’m
879 2089 1028 2124 quamdam

240 2139 266 2165 in
278 2146 307 2165 se
318 2138 431 2173 gratiam
442 2137 624 2170 :Ascendens,
636 2137 736 2171 inquit,
748 2136 937 2171 appropinqua
949 2135 1028 2162 mihi.

240 2184 291 2216 Qui
305 2191 368 2210 cum
379 2183 453 2218 iussa
466 2191 528 2209 mox
539 2190 698 2217 capescens,
711 2182 822 2216 jamque
833 2181 957 2216 proxime
970 2188 1030 2208 san-

241 2234 314 2255 ctum
331 2229 445 2256 veniens
456 2229 528 2264 (quis
539 2228 648 2255 Domini
660 2227 867 2254 misericordias
878 2226 1027 2262 cantabit?)

1075 1635 1103 1662 δὲ.
1123 1635 1186 1662 ἄλλο
1204 1634 1306 1661 τούτων
1332 1634 1462 1669 ὀνάμενος
1482 1635 1523 1661 ὅτι
1545 1635 1582 1670 μὴ
1601 1633 1650 1670 τὴν
1671 1633 1700 1666 ἐξ
1716 1634 1867 1668 ἀνθρώπιον

1076 1681 1124 1715 τῆς
1149 1679 1297 1715 θεραπείας
1315 1680 1482 1714 ἀπόγνωσιν,
1507 1680 1553 1706 καὶ
1575 1679 1618 1706 διὰ
1633 1679 1712 1706 τοῦτο
1736 1679 1804 1714 προς
1823 1680 1867 1706 τὸν

1077 1726 1147 1752 θεῖον
1171 1726 1254 1761 ἄνδρα
1270 1725 1364 1752 τοῦτον
1396 1726 1445 1752 καὶ
1469 1726 1517 1761 τὴν
1543 1724 1572 1758 ἐξ
1595 1725 1677 1751 αὐτοῦ
1702 1724 1867 1759 καταφυγὼν

1077 1772 1152 1799 θείαν
1170 1772 1309 1807 ἐνέργειαν
1336 1779 1344 1787 ·
1363 1769 1440 1803 οὗτος
1459 1771 1534 1806 παρὰ
1553 1772 1599 1798 τὸν
1619 1771 1731 1805 Συμεὼν
1750 1771 1867 1798 ἀνελθὼν

1076 1819 1192 1853 δεήσεις,
1209 1818 1341 1853 οἰμωγὰς,
1355 1818 1470 1852 δάκρυα,
1484 1819 1539 1844 πᾶν
1561 1817 1587 1843 εί
1600 1826 1625 1844 τι
1640 1817 1705 1844 ἄλλο
1719 1817 1868 1852 δυνάμενον

1077 1866 1116 1896 εις
1129 1862 1219 1891 οἶκτον
1236 1864 1349 1890 έλκῦααι
1366 1864 1465 1900 ψυχὴν,
1484 1864 1552 1899 ὑπὲρ
1567 1865 1616 1898 τῆς
1634 1864 1681 1890 τοῦ
1697 1864 1800 1895 πάθους
1816 1865 1867 1890 ἁπ-

1078 1910 1198 1945 αλλαγῆς
1215 1910 1355 1936 ἐπεδείκνυ
1366 1917 1374 1925 ·
1391 1910 1458 1944 πρὸς
1473 1910 1546 1944 ἅπερ
1561 1911 1664 1941 ἐκεῖνος
1675 1909 1710 1936 τὰ
1728 1910 1869 1944 σπλάγχνα

1078 1955 1183 1986 παθὼν,
1211 1957 1250 1987 είς
1275 1956 1432 1991 οίκτιρμοὺς
1468 1955 1565 1989 ἔϐλεψε
1590 1954 1681 1986 πάλιν,
1717 1956 1780 1986 τοὺς
1809 1956 1868 1982 ὅσον

1078 2001 1207 2036 αἰτοῦμεν
1220 2001 1263 2027 ἀεὶ
1278 2001 1410 2033 διδόντας,
1423 2001 1469 2027 καί
1484 2009 1556 2031 τινος
1568 1999 1729 2034 αἰσθόμενος
1742 2001 1771 2026 ὲν
1782 2001 1868 2034 ἑαυτῷ

1078 2049 1188 2082 χάριτος
1204 2046 1352 2081 θειοτέρας,
1370 2046 1495 2078 Ἀναϐὰς,
1507 2047 1598 2081 φησιν,
1617 2046 1726 2080 ἐγγισόν
1744 2055 1800 2080 μοι.
1818 2047 1869 2073 Τοῦ

1078 2093 1106 2119 δὲ
1127 2093 1164 2124 ὡς
1181 2092 1341 2119 κεκέλευστο
1355 2092 1515 2127 δράσαντος,
1538 2092 1655 2127 ἐπείπερ
1681 2092 1797 2126 ἔγγιστα
1821 2093 1868 2129 ἢδη

1077 2139 1124 2166 τοῦ
1142 2139 1232 2172 Ἀγίου
1249 2138 1320 2165 ἔλθοι
1335 2138 1387 2172 (τίς
1403 2138 1509 2174 ᾅσεται,
1522 2138 1635 2174 Χριστὲ,
1648 2139 1682 2164 τὰ
1703 2138 1768 2172 ἐλέη
1783 2148 1832 2165 σου
1844 2139 1871 2174 ς)

1078 2185 1125 2211 τοῦ
1138 2184 1241 2215 πάθους
1258 2184 1358 2215 εὐθέως
1371 2183 1599 2219 θεραπευθέντος,
1621 2185 1635 2210 ὁ
1660 2184 1775 2219 Συμεὼν
1793 2185 1872 2219 ιλαρᾷ

1080 2231 1127 2258 καὶ
1140 2231 1254 2266 δψεικαὶ
1267 2230 1384 2265 γλώττῃ,
1402 2230 1557 2265 Ἄνθρωπε,
1572 2230 1656 2262 ἴασαι,
1672 2231 1734 2264 ἔφη.
1744 2231 1788 2262 Ὠς
1803 2231 1831 2257 δὲ
1846 2232 1873 2257 τὺ

242 2276 315 2302 ilhco
328 2279 476 2309 persanato
491 2275 587 2302 morbo
607 2273 754 2301 incolumis
766 2277 883 2305 astaret;
898 2273 1024 2308 Symeon,

1080 2277 1177 2312 ἀθρόον
1197 2277 1284 2311 ἐκεῖνο
1301 2277 1348 2311 τῆς
1364 2277 1522 2310 θεραπείας,
1537 2275 1584 2302 καὶ
1600 2275 1685 2311 αὐτὴν
1710 2275 1813 2308 ἔϐλαψε
1827 2278 1873 2310 τὴν

241 2321 439 2348 animadversis
457 2321 512 2356 jam
529 2325 557 2348 et
571 2320 716 2355 repentina
733 2319 855 2346 hominis
875 2319 1028 2350 sanatione,

241 2372 270 2394 et
283 2367 358 2402 gravi
372 2367 450 2402 quasi
464 2367 554 2394 adhuc
570 2366 702 2401 patientis
716 2373 809 2396 sensu.
826 2366 864 2392 ait
885 2365 935 2395 illi.
953 2365 1029 2392 vultu

242 2417 323 2448 atque
339 2420 386 2440 ore
407 2412 544 2440 renidenti
560 2421 566 2438 :
583 2412 616 2439 Mi
635 2412 727 2443 homo,
744 2415 856 2438 sanatus
865 2418 907 2438 es.
924 2410 1032 2444 Nequa-

241 2466 334 2493 quam,
349 2463 443 2486 sancte
455 2459 513 2490 Dei,
526 2459 562 2485 ait
577 2458 646 2485 alter
659 2457 728 2484 ﬂens
743 2461 825 2491 atque
837 2456 1031 2491 ingemiscens,

240 2505 288 2532 sed
299 2509 420 2532 extrema
434 2503 557 2538 quaedam
571 2503 721 2530 necessitas
733 2510 776 2528 me
790 2501 901 2536 premit,
913 2501 1032 2536 facitque

243 2556 273 2578 ut
288 2559 363 2578 mors
379 2551 446 2577 mihi
465 2551 543 2585 longe
562 2549 665 2584 gratior
679 2548 725 2575 tali
743 2548 799 2575 vita
814 2548 858 2575 sit.
877 2548 954 2575 Tunc
968 2556 1032 2575 san-

242 2602 304 2625 ctus
323 2597 405 2624 tacite
422 2596 591 2631 subjiciens:
607 2594 748 2625 Scrutare,
767 2594 1031 2629 inquit,temelipse,

241 2643 428 2678 etcomperies
435 2651 467 2670 ex
476 2647 532 2669 toto
538 2641 722 2669 convaluisse.
732 2640 800 2668 Cum
816 2645 908 2667 autem
918 2641 940 2667 is
951 2649 1032 2667 manu

242 2690 395 2725 periculum
413 2689 473 2723 ejus
488 2688 528 2715 rei
545 2688 666 2720 fecisset,
683 2695 712 2714 se
733 2687 899 2713 incolumem
919 2686 1031 2721 reperit.

243 2734 339 2761 tubere
347 2735 422 2760 omni
436 2733 548 2760 omnino
558 2733 680 2759 emollito
696 2737 723 2759 et
734 2732 859 2767 depulso.
874 2731 942 2759 Cum
952 2732 1035 2767 igitur

243 2781 310 2806 nihil
319 2779 479 2814 quidquam,
491 2779 564 2813 quod
574 2788 589 2806 a
603 2783 700 2806 natura
712 2778 832 2806 alienum
843 2783 925 2809 esset,
935 2779 1035 2813 depre-

245 2825 388 2857 henderet,
399 2829 467 2851 aestu
479 2825 562 2851 animi
574 2825 695 2859 repletus
703 2831 735 2850 ac
745 2824 879 2859 vertigine
887 2824 969 2859 (quod
981 2832 1034 2851 non

246 2871 328 2895 modo
336 2871 473 2904 repentini
484 2871 586 2902 luctus,
598 2878 695 2897 verum
707 2871 790 2897 etiam
803 2871 895 2906 gaudii
907 2879 1036 2899 excessus

248 2919 300 2939 non
315 2921 377 2941 raro
393 2917 537 2943 consuevit
551 2917 670 2947 ellicere,
687 2924 749 2943 cum
766 2925 794 2944 re
809 2917 936 2952 quapiam
958 2918 1034 2945 inex-

1081 2322 1128 2348 τοῦ
1153 2318 1302 2356 πάσχοντος
1319 2321 1456 2356 αἴσθησιν,
1484 2320 1628 2355 οὐδαμῶς,
1653 2320 1714 2354 ἅγιε
1733 2320 1780 2346 τοῦ
1795 2321 1872 2351 Θεοῦ,

1082 2367 1206 2403 δακρύων
1222 2367 1270 2394 καὶ
1287 2364 1388 2393 στένων
1401 2364 1487 2396 εἶπεν,
1504 2366 1571 2392 ἀλλᾶ
1590 2366 1694 2400 χαλεπή
1708 2374 1751 2396 τις
1767 2366 1873 2400 ἀνάγκη

1083 2413 1172 2444 πιέζει
1196 2421 1240 2446 με,
1256 2412 1330 2447 1ἥδιον
1347 2411 1436 2446 πολλῷ
1459 2411 1506 2437 τοῦ
1523 2411 1572 2446 ζῇν
1593 2410 1680 2441 οὕτως
1702 2410 1874 2445 ἐργαζομένη

1085 2468 1129 2492 μοι
1155 2459 1185 2485 τὸ
1202 2458 1302 2484 θανεῖν.
1325 2457 1353 2484 '0
1373 2458 1400 2484 δὲ
1427 2457 1517 2492 ἡρέμα
1544 2456 1684 2492 προσθεὶς,
1711 2457 1875 2492 Ἑρεύνησον

1084 2505 1190 2538 ἑαυτὸν,
1207 2505 1270 2539 ἔφη,
1286 2504 1402 2540 καὶεῖσῃ
1415 2503 1506 2537 σαφῶς
1522 2503 1562 2529 ὅτι
1579 2502 1625 2529 τοῦ
1637 2503 1739 2533 πάθους
1756 2503 1876 2537 ἀπήλλιο

1085 2551 1138 2583 ξαι.
1165 2550 1210 2581 Ὣς
1235 2550 1263 2576 δὲ
1281 2552 1313 2585 τῇ
1333 2551 1405 2585 χειρὶ
1424 2550 1472 2584 τὴν
1496 2549 1608 2584 ἔρευναν
1625 2548 1788 2584 ἐπιτρέψας,
1810 2550 1876 2581 ἔγνω

1085 2598 1182 2624 ἑαυτὸν
1206 2597 1311 2630 ἀπαθῆ,
1327 2596 1374 2622 τοῦ
1392 2596 1475 2630 ὄγκου
1497 2597 1671 2622 παντάπασιν
1696 2595 1876 2621 ὐπολεανθέν-

1084 2652 1140 2675 τος,
1162 2643 1200 2674 ὡς
1222 2643 1304 2678 μηδὲν
1319 2652 1345 2668 τι
1364 2640 1410 2668 οὖν
1429 2641 1680 2676 ὲπισημαίνειν,τοῦ
1696 2642 1769 2667 κατὰ
1785 2642 1866 2675 φύσιν

1088 2689 1190 2722 ἰλίγγου
1205 2687 1355 2722 πληροῦται
1377 2688 1424 2713 καὶ
1438 2687 1510 2722 δίνης
1525 2694 1531 2700 ”
1547 2687 1616 2721 ὅπερ
1630 2686 1660 2712 οὐ
1678 2686 1768 2721 λύπης
1792 2687 1876 2721 αἰφνι-

1085 2736 1141 2761 δίου
1162 2735 1252 2769 μόνον,
1270 2734 1338 2760 ἀλλὰ
1354 2735 1400 2759 καὶ
1417 2734 1503 2768 χαρᾶς
1519 2732 1657 2768 ὑπερϐολὴ
1680 2733 1814 2764 πολλακις
1832 2733 1877 2758 πέ-

1087 2789 1155 2813 φυκε
1168 2781 1245 2815 δρᾷν,
1259 2780 1299 2815 τῷ
1312 2780 1435 2815 ἀδοκήτῳ
1453 2779 1499 2805 τοῦ
1519 2779 1682 2813 πράγματος
1698 2779 1728 2804 τὺ
1744 2779 1795 2813 τῆς
1812 2786 1877 2812 mp-

1087 2827 1144 2858 δίας
1173 2826 1273 2862 Οερμδν
1301 2825 1480 2856 συστείλασα,
1507 2825 1554 2851 καὶ
1584 2824 1684 2859 νεκρὰς
1712 2824 1810 2860 ὥσπερ
1835 2823 1876 2849 to:

1089 2872 1212 2907 σώματος
1236 2871 1285 2904 τὰς
1306 2871 1445 2906 ἐνεργείας
1462 2869 1645 2896 ἀπολιποῦσα.
1666 2869 1696 2896 '0
1712 2869 1762 2904 μὲν
1783 2867 1829 2895 οὖν
1844 2869 1878 2901 τᾷ

1090 2918 1136 2944 τοῦ
1162 2918 1324 2954 πράγματος
1340 2915 1487 2953 παραδόξῳ
1501 2915 1701 2949 καταπλαγεὶς,
1722 2916 1816 2950 ὀλίγου
1830 2916 1876 2942 θεῖε
