1966 3068
117 402 125 441 l

157 111 171 141 3
177 111 226 143 1-53

153 165 248 200 ἔμελλε
273 164 506 200 περιτρέπεινηεί
531 164 568 200 μὴ
587 164 680 200 χεῖρας
700 163 774 198 αὐτῷ
797 172 869 194 τινες
893 163 943 189 τῶν
958 164 983 193 Α

154 211 297 246 παρόντων
314 211 441 245 ὑπέσχον.

660 110 748 140 ῊΤΛ
768 110 792 138 Α
810 108 1027 139 NICEPHORO
1046 107 1288 141 CONSCRIPTA.
1301 120 1309 135 ε

1715 101 1785 134 315i

995 167 1118 197 spectata
1135 162 1210 189 calor
1221 161 1313 189 cordis
1325 159 1509 191 contrahitur,
1521 162 1549 186 et
1557 158 1681 193 corporis
1690 166 1786 192 opera-

998 209 1087 236 tiones
1101 209 1177 235 velut
1191 207 1327 246 emortua?
1341 206 1495 238 desinunt),
1518 205 1650 239 repletus,
1663 204 1786 238 inquam,

153 264 268 293 stupore
280 259 316 286 ob
331 259 369 285 rei
385 266 440 285 non
455 258 573 293 opinata:
589 257 842 288 admirabilitatem,
875 264 960 291 prope
980 256 1031 283 fuit
1054 261 1084 283 ut
1099 259 1251 287 corrueret,
1269 254 1322 281 nisi
1341 253 1454 289 quidam
1486 252 1663 287 prasentium
1681 251 1788 286 injectis

154 307 283 334 manibus
301 307 519 341 prohibuissent.

191 356 266 388 ρπα¹.
278 353 556 388 Καταπεπληγμένων
566 353 593 379 δὲ
604 353 701 388 κομιδῇ
713 352 760 378 καὶ
770 351 878 378 πάντων
888 351 947 377 ὅσοι

152 398 199 425 τοῦ
214 398 323 425 τοσοῦδε
342 397 480 432 θαύματος
496 397 643 431 ἐτύγχανον
664 398 769 429 θεαταὶ,
783 397 813 423 τὸ
830 395 943 423 παλαιὸν

153 444 201 471 τοῦ
217 444 336 478 πονηροῦ
351 443 418 478 προς
435 443 534 469 κακίαν
559 443 675 477 ὄργανον
689 443 703 468 ὁ
726 443 885 476 ’Λγγουλᾶς,
911 443 944 469 ὲκ

158 491 240 518 ιιέσου
253 491 354 517 τούτων
372 489 526 520 ὑπολαὸὼν.
547 490 576 516 '0
592 490 639 524 μὲν
652 488 699 516 οὖν
716 491 808 524 ὄγκος,
824 489 861 519 ὡς
875 488 946 523 ὀρῶ-

158 546 220 572 μεν,
235 537 331 573 ᾤχετο,
350 537 401 572 ἐφη
414 544 421 551 ·
436 536 463 563 τί
480 536 509 562 δὲ
525 536 571 563 καὶ
584 537 597 562 ὁ
607 536 733 567 τοσοῦτος
753 536 799 562 τοῦ
815 536 948 570 δέρματος

158 582 268 615 κόλπος,
281 581 330 608 εἴτ’
343 582 389 608 οὖν
401 582 430 608 τὸ
444 582 689 617 ὑποπεπλησμένον
705 580 750 606 τοῦ
765 580 847 614 ὄγκου
861 579 949 613 δέρμα

158 629 283 663 γεγόνει;
313 630 363 663 ἐμὲ
390 629 444 664 γὰρ
471 629 501 655 οὺ
519 628 637 663 μετρίως
663 628 697 654 τὰ
710 626 823 653 τοιαῦτα
843 625 949 658 πέφυκε

160 675 357 707 σκανδαλίζειν.
386 675 470 706 Εἰδὼς
502 675 590 701 τοίνυν
608 675 621 700 ὁ
648 673 742 706 Μέγας
764 673 861 706 πεῖραν
881 668 949 696 εἶναι

159 721 238 748 τοῦτο
253 722 299 747 τοῦ
315 722 448 756 βασκάνου
463 722 509 747 καὶ
524 721 616 750 πάλιν,
627 721 714 747 ὁπόσα
728 719 775 746 καὶ
788 718 896 754 γλώττῃ
912 715 950 751 τῷ

158 767 246 802 ἀθλίῳ
261 767 346 802 τούτῳ
362 767 514 802 χρωμένου,
531 767 692 801 ἐμφυσήσας
712 765 751 800 τῷ
766 764 947 799 ἀναισχύντῳ,
964 753 985 780 Β

160 813 204 839 ἵνα
217 813 264 839 καὶ
275 813 324 848 τὴν
338 814 462 840 ἐναντίαν
479 813 602 848 ἀπελάσῃ
615 812 740 847 δύναμιν,
758 811 787 837 Ὀ
803 810 849 836 τὸν
860 809 953 835 τοσοῦ-

160 868 217 892 τον,
230 860 294 894 ἔφη,
306 859 402 891 λεάνας
413 860 493 894 ὄγκον
507 860 553 886 καὶ
562 860 701 890 διαλύσας,
713 859 763 884 οὐκ
777 857 830 892 ἄρα
841 855 952 887 δυνατὸς

159 903 238 936 οὗτος
254 907 300 932 καὶ
314 906 345 932 τὸ
361 906 449 941 δέρμα
467 906 579 938 συνάξαι
593 905 674 931 πάλιν
695 904 742 931 καὶ
756 903 950 933 καταστεῖλαι;

167 951 237 977 Ἀλλ’
263 953 277 978 ὀ
303 951 352 987 μὲν
379 952 427 987 τὴν
452 952 498 978 τοῦ
521 952 636 978 παλαιοῦ
650 951 780 986 πολεμίου
798 949 952 985 προσϐολὴν

159 997 248 1033 ταύτῃ
257 999 304 1024 καὶ
319 998 364 1024 νῦν
376 998 561 1033 διεκρούσατο,
573 999 653 1033 ἡμεῖς
665 997 693 1023 δὲ
705 997 773 1033 πρὸς
785 996 819 1023 τὰ
829 996 892 1031 ἑξῆς
904 994 952 1021 τοῦ

160 1043 240 1077 λόγου
255 1044 419 1079 τρεψόμεθα.

199 1088 269 1123 ρπβκ
290 1089 415 1124 Μοναχός
442 1098 482 1119 τις
511 1089 582 1116 κατὰ
603 1089 763 1116 Λαοδίκειαν
783 1088 833 1122 τῆς
851 1087 952 1122 Συρίας

160 1128 399 1169 ἐγκεκλεισμένος,
419 1135 487 1170 πρός
502 1144 532 1161 τε
548 1135 597 1170 τὴν
619 1135 729 1170 χρονίαν
751 1133 890 1168 κάθειρξιν
905 1134 953 1160 καὶ

160 1181 211 1216 τὴν
243 1181 342 1216 συχνὴν
371 1182 488 1217 ἐρημίαν
516 1180 678 1215 ἀκηδιάσας,
699 1180 827 1215 ἀφορμὴν
857 1179 952 1215 ὥσπερ

160 1229 212 1253 οὐκ
227 1227 329 1254 ἐλάττω
340 1229 390 1262 τῆς
398 1227 514 1262 ἡσυχίας
523 1227 571 1263 τὴν
582 1228 622 1258 είς
640 1227 686 1253 τὸν
697 1227 767 1252 θεῖον
781 1225 893 1261 Συμεὼν
903 1227 951 1253 ἄν-

161 1273 221 1300 οδον
235 1273 358 1308 θέμενος,
376 1273 512 1308 ἐμήνυσεν
527 1273 599 1308 αὐτῷ
616 1273 716 1308 θερμὸν
731 1272 821 1307 ἔρωτα
838 1272 888 1307 τῆς
903 1272 951 1299 αὑ-

161 1318 209 1344 τοῦ
222 1318 433 1354 προσκυνήσεωε
452 1318 535 1353 ἔχειν,
554 1319 601 1345 καὶ
616 1318 665 1353 ἤδη
681 1317 823 1353 βούλεσθαι
834 1318 950 1344 ἀνιέναι.

167 1365 198 1391 Ὀ
213 1365 242 1391 δὲ
260 1365 290 1391 τδ
308 1364 485 1400 μικροψύχως
502 1365 548 1391 ὑπ’
560 1364 643 1392 αὺιοῦ
666 1365 807 1399 γινόμενον
823 1363 875 1390 οὐκ
899 1365 951 1396 ἀγ-

163 1412 282 1446 νοήσας,
299 1413 354 1446 υὺχ
379 1412 452 1438 ὅσιον
471 1412 532 1438 οὐδὲ
549 1412 664 1447 πρέπον.
686 1411 748 1446 ἔφη,
766 1410 951 1437 καταλιπόντα

163 1459 194 1484 τδ
213 1460 375 1493 προσκυνεῖν
389 1458 448 1494 Θεῷ
468 1459 498 1485 ὲν
512 1458 580 1494 αὐλῇ
599 1458 667 1493 ἁγίᾳ
691 1457 784 1490 αὑτοῦ,
799 1457 862 1492 ἥτις
881 1457 954 1483 ἐστὶν

164 1505 178 1530 ὁ
194 1505 240 1531 τοῦ
260 1505 377 1540 μοναχοῦ
394 1505 513 1536 οἰκίσκος
528 1505 640 1540 ἀρεταῖς
667 1504 786 1535 ἁπάσαις
812 1503 953 1538 καταλαμη

165 1551 283 1584 τέμενός
298 1559 328 1577 τε
346 1551 393 1578 καὶ
411 1552 625 1586 πλατυνόμενος,
640 1552 680 1582 είς
704 1550 849 1585 ἀνθρώπου
871 1557 957 1584 προσ-

165 1598 279 1631 κύνησιν
289 1597 376 1632 ἥκειν·
402 1598 579 1632 Ὑπόμεινον
593 1598 658 1632 γὰρ,
673 1598 750 1632 φησι,
764 1597 818 1623 τὸν
835 1597 956 1629 Κύριον,

164 1647 180 1671 ὸ
197 1644 268 1675 θεῖος
295 1643 394 1675 Aut/£5,
422 1643 470 1670 καί
499 1643 638 1678 φύλαξον
666 1643 724 1675 τὴν
755 1642 828 1669 ὁδὸν
852 1641 956 1668 αὐτοῦ.

166 1688 260 1715 Ταῦτα
273 1689 423 1723 τηνικαῦτα
439 1688 488 1723 μὲν
505 1689 604 1722 ἐπέσχε
625 1687 671 1713 τὸν
687 1688 803 1721 μοναχόν
817 1695 824 1702 ·
842 1686 888 1713 τοῦ
905 1687 958 1712 πά-

167 1735 231 1766 θονς
248 1735 276 1761 δὲ
292 1735 362 1769 μετὰ
377 1734 474 1770 μικρὸν
487 1733 730 1765 δυναστεύσαντος,
745 1733 854 1765 ἔξεισιν,
865 1733 895 1758 οὐ
907 1732 958 1767 τὴν

166 1781 284 1816 ἡσυχίαν
304 1781 369 1814 παρ’
383 1780 459 1806 οὐδὲν
475 1779 554 1814 μόνον
570 1778 629 1804 οὐδὲ
654 1778 703 1813 τὴν
720 1778 859 1813 κάθειρξιν
878 1777 959 1812 θέμε-

169 1835 224 1858 νος,
245 1827 314 1853 ἀλλὰ
341 1826 388 1853 καὶ
412 1827 451 1857 είς
486 1825 625 1860 πορνείαν,
651 1825 746 1859 οίμοιί
775 1825 958 1859 κατενεχθεὶς,

169 1872 270 1908 πτῶμα
301 1873 382 1899 τίνων
415 1873 445 1898 οὺ
474 1871 619 1907 δακρύων,
644 1873 729 1898 ποίων
758 1871 809 1897 οὐκ
835 1871 960 1907 ὀδυρμῶν

168 1920 243 1952 ἄξιον
254 1921 260 1946 !

205 1969 278 2001 ρπγ’.
297 1966 413 1992 Ἔπειτα
440 1966 532 1999 μέντοι
562 1965 700 1999 παρέϐαλε
730 1965 769 2000 τῷ
802 1965 962 2001 Ἀγίῳ,τῆς

170 2012 220 2046 μὲν
235 2011 372 2046 ἁμαρτιας
391 2011 452 2038 οὐδὲ
485 2011 565 2047 ψιλὴν
586 2011 654 2043 ὅλως
677 2011 838 2046 ποιούμενος
853 2012 962 2046 μνήμην

169 2056 224 2092 (οἷα
241 2057 276 2084 τὰ
299 2057 346 2084 τοῦ
372 2057 494 2093 πονηροῦ
521 2058 708 2093 τεχνάσματα,
732 2058 805 2092 καὶὴ
822 2057 889 2091 πρὸς
916 2056 962 2090 τὴν

169 2104 364 2139 ἐξομολόγησιν
381 2104 427 2131 τοῦ
444 2105 530 2131 κακοῦ
549 2106 609 2136 ταῖς
624 2104 678 2130 τῶν
694 2103 850 2138 ἀνθρώπων
862 2103 961 2138 ψυχαῖς

169 2151 335 2185 ἐγγινομένη
361 2150 442 2182 αἰδώς
455 2150 488 2184 l),
503 2150 552 2185 τὴν
568 2150 596 2176 δὲ
610 2150 660 2184 τῆς
688 2149 821 2184 συνήθους
846 2149 960 2184 ἡσυχίας

170 2197 308 2222 ἔκπτωσιν
347 2196 453 2230 πικρῶς
482 2197 653 2231 ὀδυρόμενος.
688 2197 717 2223 ’0
751 2196 778 2222 δὲ
811 2195 960 2231 ὀφθαλμοῖς

169 2241 295 2272 ἀθεάτοις
327 2241 359 2267 τὰ
389 2242 567 2276 κεκρυμμένα
585 2242 666 2277 ὀρῶν,
693 2243 739 2268 καὶ
764 2241 811 2268 τοῦ
841 2242 960 2276 χαλεποῦ

172 2286 274 2319 μύσους
292 2285 397 2311 ἐκείνου
421 2286 466 2312 τὸν
485 2287 601 2321 μοναχὸν
627 2287 803 2321 ἀποκαθᾶραι
830 2286 960 2321 βουλόμε-

967 1431 990 1461 ο

122 2339 146 2360 _-,
171 2337 225 2360 νος,
239 2329 276 2354 Οὐ
297 2329 460 2363 συναλγήτω
479 2339 531 2362 σοι,
549 2331 641 2365 φησὶν,
656 2331 697 2357 ὅτι
719 2332 763 2358 τὸν
777 2331 823 2358 τοῦ
837 2332 960 2359 οίκίσκου

172 2375 320 2410 διέρῤηξας
346 2377 444 2411 τοῖχον.
460 2377 520 2402 ἐπεί
551 2385 592 2403 σοι
611 2377 658 2403 καὶ
674 2377 805 2404 εἰσελθεῖν
832 2378 910 2409 αὖθις
926 2379 960 2405 δι’

173 2421 256 2448 αὑτοῦ
273 2423 348 2458 ῥᾷον,
364 2424 412 2450 καὶ
437 2424 502 2450 εἵσω
526 2423 653 2457 γενέσθαι
670 2424 751 2451 πάλιν
772 2425 959 2452 ὲπανελθόντι’

172 2469 229 2496 ἀλλ’
244 2470 284 2496 ὅτι
297 2471 342 2496 τὸν
358 2471 409 2504 τῆς
429 2470 519 2505 ψυχῆς
532 2470 695 2501 κατέσεισας
716 2471 831 2507 πύργον,
849 2472 897 2498 καὶ
924 2472 961 2507 τῷ

171 2517 272 2552 ἐχθρῷ,
301 2517 367 2551 φεῦί
383 2517 556 2552 αἰχμάλωτος
570 2517 741 2553 ἁπηνέχθης,
765 2519 805 2550 εἰς
832 2519 961 2554 πορνείαν

171 2563 381 2598 κατολισθήσας.
398 2564 490 2590 Ταῦτα
521 2563 568 2590 τὸν
596 2564 713 2601 μοναχὸν
744 2565 916 2599 καταπλῆξαί
932 2574 961 2591 τε

171 2610 229 2644 ἅμα
246 2609 293 2636 καὶ
311 2610 479 2642 καταιδέσαι,
494 2610 525 2636 τὸ
544 2610 593 2645 μὲν
617 2612 649 2646 τῇ
673 2611 726 2637 τῶν
743 2610 862 2645 ἐλέγχων
885 2611 961 2637 ἐλευ-

172 2656 250 2692 θερίᾳ
267 2657 314 2683 ἐπὶ
330 2659 384 2688 τοῖς
400 2658 517 2692 ἀδήλως,
535 2657 572 2689 ὡς
601 2657 681 2689 αὐτὸς
708 2655 786 2692 ᾤετο,
807 2658 961 2693 διαπεπρα-

170 2705 292 2739 γμένοις,
317 2704 348 2731 τὸ
373 2704 401 2731 δὲ
417 2705 456 2740 τῷ
478 2705 588 2740 μεγέθει
613 2705 662 2740 τῆς
686 2705 802 2740 ὕϐρεως,
827 2705 860 2740 ἣν
880 2705 962 2737 αὐτὸς

171 2750 212 2783 είς
243 2750 340 2777 ἑαυτὸν
370 2750 470 2782 ἀθλίως
501 2751 648 2786 ἐνύϐρισε·
681 2751 729 2778 καὶ
749 2751 840 2788 πρηνῆ
864 2752 961 2779 ἑαυτὸν

206 2841 229 2858 ⁵⁸
245 2840 316 2869 Psal.
339 2849 428 2874 xxxvi,
444 2840 487 2867 5i.

467 2957 477 2971 \

1033 348 1095 375 181.
1117 348 1172 375 Nec
1182 348 1273 374 minor
1288 352 1395 378 omnes,
1407 346 1454 381 qui
1469 346 1536 373 tanti
1550 344 1669 380 prodigii
1682 349 1789 380 specta-

997 398 1072 421 tores
1085 394 1222 426 astabant,
1237 392 1475 428 stuporlincessit.
1489 391 1567 419 Unus
1584 391 1716 426 Angulas.
1732 391 1788 425 jam

997 440 1104 475 pridem
1124 441 1257 467 daemonis
1280 439 1314 466 ad
1332 440 1402 466 mala
1421 437 1604 473 perpetranda
1616 437 1789 464 instrumen-

999 491 1068 518 tum,
1084 494 1099 513 e
1115 486 1205 513 media
1223 485 1302 512 turba
1322 485 1527 520 proclamans:
1548 483 1652 510 Tumor
1665 482 1790 517 quidem,

1001 533 1102 567 inquit,
1120 532 1201 564 abiit,
1222 536 1251 559 ut
1273 531 1400 559 videmus
1415 539 1422 558 :
1437 539 1533 558 verum
1551 529 1616 564 quid
1634 533 1727 556 tantus
1740 529 1791 555 iste

1001 577 1084 612 pellis
1095 578 1193 604 sinus?!
1205 577 1276 612 quid
1290 577 1313 604 si
1326 575 1433 603 tumore
1446 576 1538 602 denuo
1550 574 1738 609 compleatur?
1751 573 1792 601 Me

1001 625 1143 651 enimvero
1155 632 1211 651 non
1223 623 1402 651 mediocriter
1414 622 1503 649 solent
1518 622 1581 648 talia
1593 620 1791 648 scandalizare.

999 670 1210 704 Procomperto
1221 674 1312 697 autem
1326 669 1432 696 habetis
1451 675 1567 702 magnus
1581 667 1701 702 Symeon
1730 671 1774 693 ten
1784 681 1792 684 -

1003 716 1136 743 tationem
1152 723 1213 743 esse
1237 715 1322 742 invidi
1352 715 1441 742 hostis‘
1455 714 1553 747 nostri,
1576 722 1626 748 per
1645 721 1677 740 os
1698 712 1792 740 miseri

1004 762 1084 789 istius
1101 762 1251 797 loquentis.
1271 761 1421 788 insulllavit
1436 761 1466 788 in
1487 760 1686 795 impudentem.
1709 763 1794 794 utque

1004 808 1108 836 inimici
1131 812 1296 843 potestatem
1312 808 1345 835 ab
1365 815 1399 835 eo
1423 808 1589 842 repelleret:
1608 807 1671 840 Qui,
1692 806 1793 841 inquit.

1006 854 1167 882 mollescere
1181 859 1262 889 atque
1271 861 1435 882 evanescere
1448 853 1513 885 fecit
1528 857 1661 880 tumorem
1677 856 1795 885 tantum,

1002 909 1094 928 nonne
1108 901 1181 928 idem
1199 901 1286 935 possit
1303 908 1413 935 quoque
1429 900 1529 934 pellem
1543 899 1673 934 colligere
1688 906 1720 926 ac
1730 906 1795 926 cou-

1004 946 1114 973 trahere
1126 946 1236 973 denuo?
1245 946 1334 980 Atque
1347 946 1393 973 ille
1404 946 1516 980 quidem
1527 946 1568 972 sic
1580 945 1715 979 impetum
1725 944 1796 971 anti-

1003 992 1050 1026 qui
1062 992 1149 1019 hostis
1160 992 1244 1019 etiam
1256 997 1322 1019 tunc
1337 992 1487 1027 repressitl:
1502 999 1552 1019 nos
1566 999 1632 1019 vero
1643 991 1676 1018 ad
1691 990 1795 1024 reliqua

1003 1038 1171 1073 pertexeuda
1187 1038 1386 1066 convertimur.

1040 1096 1100 1123 18'2.
1113 1096 1228 1130 Quidam
1245 1097 1396 1124 monachus
1409 1097 1551 1124 LaodiCCw
1562 1097 1646 1132 Syriae
1661 1096 1794 1127 inclusus,

1003 1142 1186 1170 diuturnioris
1212 1143 1346 1170 clausura).
1364 1150 1395 1170 ac
1412 1142 1570 1178 solitudinis
1596 1146 1736 1177 perpetuae
1752 1146 1796 1169 tw-

1004 1189 1061 1221 dio,
1087 1189 1272 1216 meditabatur
1297 1190 1403 1216 aditum
1425 1190 1459 1217 ad
1479 1180 1606 1225 sanctum
1622 1189 1796 1225 Symeonem,

1003 1235 1088 1262 veluti
1113 1236 1285 1263 occasionem
1306 1244 1360 1262 non
1379 1236 1471 1263 minus
1483 1236 1569 1271 quieti
1590 1240 1772 1270 opportunam
1788 1244 1795 1260 :

1002 1281 1114 1315 jamque
1128 1280 1332 1315 significaverat
1346 1287 1428 1315 quam
1446 1279 1553 1307 ardenti
1569 1278 1708 1307 desiderio
1722 1282 1798 1305 teuc-

1005 1327 1189 1361 retur,ipsum
1200 1327 1343 1358 adorandi,
1357 1326 1487 1361 quodque
1503 1326 1530 1352 in
1545 1325 1688 1361 procinctu
1703 1324 1736 1351 ad
1748 1324 1798 1351 iter

1004 1377 1099 1400 staret.
1116 1373 1169 1400 Sed
1182 1373 1226 1399 ille
1258 1372 1285 1399 in
1309 1372 1564 1407 pusillanimitatem
1589 1370 1720 1397 incidisse
1735 1377 1796 1396 eun-

1006 1418 1167 1453 neutiquam
1186 1419 1324 1453 ignorans,
1341 1417 1485 1452 respondit
1499 1426 1504 1443 :
1523 1415 1580 1443 Nec
1595 1416 1671 1451 pium
1692 1419 1734 1442 est
1749 1423 1796 1441 nor

1007 1465 1096 1496 dedet,
1115 1465 1137 1491 si
1148 1464 1255 1491 desinat
1270 1465 1333 1498 quis
1350 1465 1435 1491 Deum
1445 1463 1561 1490 adorare
1582 1463 1608 1489 in
1630 1461 1692 1488 aula
1706 1466 1797 1488 saueza

1007 1519 1068 1543 sua,
1095 1511 1184 1545 qualis
1210 1513 1252 1537 est
1276 1510 1343 1537 cella
1366 1508 1505 1539 monachi,
1526 1508 1658 1537 virtutum
1675 1506 1799 1533 omnium

1008 1555 1154 1590 Splendore
1168 1555 1309 1590 refulgens
1327 1561 1359 1581 ac
1371 1553 1482 1585 referta,
1499 1553 1650 1587 veniatque
1663 1551 1696 1578 ad
1709 1550 1800 1578 homi-

1008 1609 1072 1627 nem
1083 1599 1264 1627 adorandum.
1279 1599 1411 1634 Exspecta
1422 1598 1576 1630 Dominum,
1589 1597 1700 1624 divinus
1711 1596 1800 1630 inquit

1008 1646 1104 1676 David.
1119 1650 1142 1672 et
1152 1645 1252 1672 custodi
1266 1646 1337 1672 viam
1348 1645 1405 1679 ejus
1417 1644 1451 1669 ³³.
1464 1643 1526 1670 llaec
1535 1648 1591 1669 tum
1603 1642 1715 1677 quidem
1730 1641 1802 1668 inhi-

1010 1691 1135 1718 buerunt
1150 1691 1336 1723 monachum;
1354 1697 1451 1719 verum
1470 1689 1551 1724 paulo
1569 1693 1640 1723 post,
1653 1687 1800 1722 pradomi<

1010 1743 1092 1765 nante
1107 1737 1203 1765 eadem
1213 1737 1297 1764 animi
1312 1736 1535 1773 perturbatione,
1545 1735 1623 1765 exiit,
1643 1734 1803 1768 relinquens

1011 1791 1067 1810 non
1083 1783 1171 1810 solum
1189 1783 1311 1819 quietem
1324 1790 1400 1810 suam
1416 1787 1501 1817 atque
1519 1782 1684 1811 claustrum.
1709 1780 1756 1807 sed
1773 1781 1799 1806 iu

1011 1829 1222 1856 fornicationem
1240 1835 1363 1863 quoque,
1396 1828 1450 1855 heu
1477 1828 1538 1854 mel
1571 1826 1709 1856 incidens.
1735 1834 1799 1854 casu

1011 1875 1114 1909 quibus
1127 1882 1181 1901 non
1200 1874 1341 1912 lacrymis,
1366 1874 1467 1909 quibus
1496 1882 1551 1903 non
1578 1873 1736 1908 planctibus
1761 1872 1804 1899 di‘

1012 1927 1066 1955 guo
1078 1921 1084 1946 l

1050 1966 1110 1993 185.
1126 1966 1228 1994 lleinde
1248 1971 1338 1993 tamen
1359 1966 1446 1992 sancti
1462 1970 1604 2001 aspectum
1623 1966 1719 1998 subiit,
1736 1966 1800 1992 nul-

1013 2012 1066 2040 lam
1080 2013 1122 2040 vel
1145 2013 1336 2040 tenuissimam
1361 2012 1463 2046 (qualia
1479 2013 1589 2048 maligni
1603 2012 1719 2047 spiritus
1741 2012 1804 2038 arti-

1014 2058 1092 2085 ﬁcia!
1108 2059 1198 2093 qualis
1213 2059 1380 2086 verecundia
1398 2059 1430 2085 ad
1460 2057 1647 2085 confitendum
1670 2058 1802 2085 malitiam

981 2105 1105 2136 Dsuam,
1129 2104 1258 2131 humanis
1279 2105 1419 2132 mentibus
1449 2104 1602 2139 ingenita!)
1629 2103 1736 2138 peccati
1762 2104 1804 2130 sui

1012 2149 1117 2177 faciens
1144 2150 1330 2182 mentionem,
1364 2150 1412 2178 sed
1447 2150 1638 2178 indesinenter
1675 2149 1804 2184 plorans.

1012 2196 1085 2230 quod
1107 2196 1221 2231 pristina
1252 2197 1344 2232 quiete
1370 2197 1526 2225 excidisset.
1556 2196 1657 2224 Verum
1682 2203 1804 2227 sanctus,

1013 2243 1194 2270 interioribus
1203 2243 1292 2271 oculis
1308 2244 1470 2271 abscondita
1485 2242 1667 2278 perspiciens.
1680 2251 1711 2269 ac
1724 2242 1804 2269 tertia

1013 2289 1118 2325 peccati
1144 2289 1250 2316 macula
1278 2290 1444 2317 monachum
1472 2288 1642 2317 emundaudi
1667 2288 1804 2323 cupidus:

1013 2334 1075 2361 Non
1089 2342 1141 2370 ego
1154 2334 1205 2361 tibi
1222 2335 1388 2369 eompatior,
1411 2335 1511 2370 inquit,
1523 2335 1597 2370 quod
1621 2334 1735 2361 claustri
1764 2334 1804 2360 tui

1013 2388 1108 2408 muros
1130 2381 1287 2416 perfregisti
1320 2382 1462 2416 (quoniam
1489 2381 1570 2409 facile
1587 2381 1637 2408 tibi
1668 2386 1710 2408 cst
1728 2385 1805 2416 post-

1014 2427 1120 2453 liminio
1156 2428 1270 2459 reverti,
1295 2435 1327 2455 ac
1361 2436 1474 2456 reverso
1507 2429 1634 2461 intrare),
1655 2427 1702 2455 sed
1731 2426 1803 2462 quod

980 2510 983 2513 Ι
1013 2473 1177 2500 animm-tuae
1201 2475 1411 2509 propugnaculo
1435 2475 1587 2506 destructo,
1617 2474 1743 2508 captivus
1766 2473 1801 2501 ab

1014 2518 1092 2546 hoste
1104 2519 1241 2548 abductus
1254 2520 1382 2556 (pudor!)
1396 2521 1423 2548 in
1433 2520 1642 2548 fornicationem
1660 2520 1804 2555 prolapsus

1013 2565 1061 2592 sis.
1078 2566 1330 2594 Perculerunthzec
1344 2567 1509 2594 monachum
1527 2567 1630 2601 pariter
1655 2574 1686 2592 ac
1703 2565 1803 2593 confu-

1015 2611 1137 2645 derunt;
1164 2617 1223 2639 tum
1254 2617 1368 2648 propter
1392 2613 1550 2640 libertatem
1578 2612 1802 2647 reprehendendi

1014 2658 1059 2685 illa
1087 2666 1148 2693 quae
1174 2659 1232 2693 ipse
1246 2659 1362 2693 putabat
1390 2660 1460 2686 clam
1490 2659 1576 2691 facta;
1600 2664 1658 2685 tum
1691 2662 1805 2693 propter

1014 2709 1114 2732 tetram
1130 2705 1288 2740 ignominia!
1302 2707 1487 2740 notamquam
1508 2704 1560 2732 sibi
1587 2704 1645 2739 ipse
1668 2704 1805 2731 inusserat

1014 2749 1125 2777 infelix:
1144 2751 1348 2787 prostravitque
1360 2759 1388 2779 se
1404 2758 1519 2788 pronus,
1539 2754 1674 2786 quantum
1703 2750 1807 2785 potuit.
