1966 3068
179 97 247 130 9153

785 100 816 130 S.
837 99 1025 130 SYMEONtb
1045 101 1224 131 JUN’IORIS

1735 103 1805 136 3156

181 162 213 182 ac
230 155 331 182 calcnli
346 155 491 183 oculorum
504 156 592 183 imbre
609 161 709 182 terram
734 154 877 190 irrigavit;
896 158 966 181 tem-

1024 155 1057 186 ὡς
1073 153 1128 190 εἶχε
1143 155 1316 187 καταῦαλὼν,
1333 156 1378 182 καὶ
1395 155 1484 191 θερμὰ
1499 155 1605 191 δάκρυα
1625 155 1672 183 τοῦ
1689 157 1807 193 ἐδάφους

183 208 234 234 pus
248 208 359 236 quoque
374 209 429 236 quo
441 201 533 236 lapsus
545 200 633 228 fuerat
658 200 794 230 indicans,
809 199 963 232 dictitabat,

181 247 306 280 quintam
320 247 393 274 illam
409 251 471 281 post
484 254 576 273 casum
590 246 632 280 agi
645 245 734 277 diem;
746 244 966 278 obsecrabalquc

184 293 295 320 liberari
313 300 327 319 a
338 296 443 324 sancto,
459 293 515 328 jam
528 291 618 327 praeda
638 290 711 318 hosti
726 291 827 317 factus.
841 289 892 322 Qui
905 297 967 316 ora-

183 339 256 366 tione
268 343 296 366 et
311 339 402 367 crucis
415 339 493 374 signo
513 339 603 373 ipsum
632 337 771 368 muniens,
791 335 966 370 insuperabi-

184 387 237 414 lem
250 386 381 421 deinceps
397 387 473 414 hosti
499 386 585 418 fecit;
602 385 669 413 fecit
694 384 776 412 etiam
796 384 966 417 circumspc-

183 431 285 460 ctiores
299 432 448 467 discipulos
467 438 544 465 suos,
566 432 619 459 hoc
644 430 770 464 exemplo
795 429 965 460 admonitos,

182 478 263 510 nihil,
277 478 343 505 licet
356 479 383 507 in
394 479 504 506 occulto
521 477 635 510 factum,
649 485 705 504 non
717 476 888 510 exploratum
903 482 963 502 esse

181 522 322 558 Symeoni.

216 569 278 597 184.
295 569 329 597 Et
344 569 397 597 hoc
417 569 530 604 quidem
556 569 737 600 demonstrat,
765 566 838 602 quod
870 565 965 601 procul

181 619 286 643 remota
302 615 430 650 Symeoni
444 615 520 642 velut
534 619 597 641 ante
605 614 701 641 oculos
712 618 786 648 gesta
799 619 881 647 atque
898 619 966 646 pra:-

181 661 271 689 sentia
289 661 508 692 exhiberentur;
526 660 574 688 sed
595 660 684 687 oratio
710 663 804 687 nostra
831 658 889 686 vult
913 657 965 684 alia

180 715 301 743 quoque,
317 707 440 742 eiusdem
461 715 523 734 cum
538 707 594 742 jam
610 706 685 734 dicto
701 705 812 732 virtutis
823 709 851 732 et
875 703 966 731 emea-

181 753 231 780 cia:
242 753 364 788 adjungi.
384 752 502 784 Accidit,
519 757 641 787 tempore
657 759 712 786 quo
738 751 831 786 fruges
853 753 967 776 malum

180 805 255 830 sunt,
268 798 414 833 quemdam
427 798 567 825 hominem
585 806 614 826 se
627 797 660 824 ad
677 801 798 824 montem
812 796 966 823 mirabilem

181 845 320 875 conferre,
338 844 563 879 tempestatisque
577 843 677 871 ardere
687 848 715 870 et
736 842 906 870 acclivitate.
916 841 967 868 viae

180 891 298 918 excitata
314 889 561 918 sitisvehementia
589 889 774 920 deiicientem,
801 888 878 914 humi
900 894 969 914 con-

181 937 274 965 cidere
288 942 317 964 et
329 941 434 964 tantum
454 944 510 964 non
526 936 619 964 animo
643 935 742 970 linqui.
759 935 875 969 Jamque
899 938 968 961 tem-

181 990 232 1018 pus
243 986 303 1010 erat
316 990 371 1018 quo
401 982 568 1016 vespertinae
593 985 731 1009 canuntur
757 987 865 1015 preces.
899 987 968 1013 quas

181 1034 294 1057 sanctus
303 1037 355 1064 pro
368 1035 447 1056 more
467 1036 517 1055 suo
536 1036 598 1055 cum
618 1027 764 1062 discipulis
794 1027 850 1053 Deo
862 1025 968 1060 persol-

181 1076 278 1108 Vebat;
303 1082 367 1103 cum
396 1075 466 1102 duos
489 1074 600 1101 illorum
620 1073 654 1100 ad
679 1080 708 1099 se
737 1076 850 1099 vocatos
877 1071 967 1106 jubet,

181 1125 294 1155 accepto
306 1127 377 1155 pane
387 1124 416 1147 et
432 1127 514 1154 aqua,
526 1118 569 1146 via
585 1118 689 1145 montis
704 1121 838 1145 consueta
854 1115 969 1143 descen-

182 1167 261 1198 «lere,
278 1167 442 1193 inventuros
457 1164 605 1200 quemdam
627 1164 654 1190 in
665 1168 768 1190 terram
784 1165 967 1197 prostratum,

181 1214 227 1241 vix
245 1213 398 1248 spirantem
413 1212 506 1239 animo
519 1211 666 1238 deﬁciente
679 1219 686 1237 :
700 1210 778 1237 hisee
788 1209 889 1236 fractas
916 1208 967 1243 ipsi

182 1259 256 1286 vircs
273 1258 471 1286 restituendas.
486 1258 589 1285 Verum
607 1256 737 1284 festinato
765 1263 835 1290 opus
851 1260 902 1286 est,
931 1254 969 1280 in«

183 1304 251 1339 quit.
266 1311 301 1331 ne
315 1311 389 1331 mors
405 1308 574 1338 pnevertens
588 1302 695 1329 auferat
718 1300 879 1336 pauxillum,
895 1299 968 1334 quod

182 1354 317 1384 superest,
341 1349 465 1384 spiritus.
496 1348 537 1375 llli
564 1352 656 1375 autem
687 1350 832 1374 currentes
861 1349 892 1372 ut
915 1344 969 1371 sibi

184 1395 342 1421 mandatum
356 1399 426 1427 erat,
455 1393 600 1428 reperiunt
621 1393 756 1428 jacentem
775 1392 801 1419 in
818 1391 862 1418 via
881 1390 970 1418 homi-

184 1448 257 1472 nem,
270 1441 326 1475 jam
338 1444 443 1467 tantum
457 1447 513 1466 non
530 1443 681 1465 mortuum.
694 1438 807 1465 Tollunt
819 1445 883 1472 ergo
893 1443 968 1469 cum,

184 1493 267 1521 atque
288 1486 315 1512 in
330 1489 437 1520 partem
451 1483 613 1512 monasterii
642 1483 804 1510 inferiorem
840 1486 968 1517 portant:

185 1532 232 1559 ubi
246 1531 291 1559 vix
316 1531 425 1558 tandem
454 1530 651 1558 abiturieutem
681 1530 811 1564 spiritum
839 1529 969 1561 retinere,

186 1578 312 1612 viresque
328 1584 458 1604 revocare
471 1580 634 1611 potuerunt.

222 1623 280 1650 185.
295 1622 468 1651 Carbonibus
479 1622 628 1657 aliquando
642 1620 837 1649 deﬁcientibus
855 1622 883 1649 in
914 1628 972 1648 mo-

189 1670 321 1702 nasterio,
336 1669 517 1697 contulerunt
528 1669 638 1703 vesperi
650 1667 723 1696 inter
733 1676 762 1696 se
775 1668 865 1703 capita
873 1672 901 1695 et
915 1675 971 1695 ser-

188 1724 285 1743 mones
296 1715 445 1743 admodum
471 1714 544 1742 anxii
564 1714 684 1741 fratres:
707 1714 809 1748 quibus
833 1713 970 1749 Symeon:

187 1762 286 1794 Nolite,
302 1761 402 1796 inquit,
423 1761 534 1788 solliciti
545 1768 624 1794 esse;
647 1759 776 1788 adveniet
790 1759 893 1795 quippe
911 1759 973 1786 luce

186 1807 308 1835 crastina
323 1811 416 1834 tantus
430 1807 580 1840 carbonum
590 1814 734 1837 numerus.
745 1811 865 1841 quantus
877 1804 974 1833 usibus

187 1851 349 1879 monasterii
364 1851 480 1878 sufﬁciat
492 1860 498 1878 :
510 1859 573 1878 nam
590 1851 680 1878 virum
694 1850 840 1886 quemdam
862 1849 972 1885 prospi-

187 1897 231 1924 cio
244 1897 425 1929 rusticanum,
439 1896 508 1923 duos
522 1896 612 1923 mulos
621 1896 675 1923 huc
687 1900 823 1931 agentem,
836 1894 971 1931 ejusmodi

189 1950 260 1978 quos
280 1942 364 1970 vultis
391 1942 527 1969 carbones
552 1943 717 1978 bajulantes.
746 1941 823 1968 Talia
848 1941 894 1968 ille
921 1940 973 1968 sub

189 1987 280 2015 noctis
291 1986 436 2014 exordium
453 1987 617 2022 discipulis:
633 1990 743 2022 postera
767 1993 834 2013 vero
856 1985 918 2013 luce
931 1985 974 2012 vir

188 2034 233 2061 ille
247 2033 357 2061 advexit
366 2032 598 2068 qua-praedixerat
607 2036 729 2059 sanctus.
743 2032 913 2066 Prmceperat
923 2030 974 2058 ali-

188 2079 300 2115 quando
307 2079 375 2111 suis,
388 2086 423 2106 ne
432 2087 514 2114 quem
529 2079 644 2106 omnino
664 2078 822 2106 saecularem
834 2077 973 2104 hominem

188 2126 377 2157 convenirent,
400 2132 491 2159 neque
516 2123 652 2158 colloquia
685 2123 739 2150 ulla
762 2126 810 2150 aut
833 2129 975 2150 sermones

1023 201 1233 236 καταχεόμενος,
1251 202 1290 228 ἔτι
1304 202 1351 228 καὶ
1363 201 1408 228 τὸν
1424 202 1518 236 χρόνον
1533 201 1578 228 τοῦ
1601 202 1745 237 πτώματος
1763 204 1808 236 ἑξ-

1020 244 1187 278 ομολογεῖτο,
1201 245 1329 280 πέμπτην
1340 244 1415 279 αὐτῷ
1429 245 1532 280 ταύτην
1547 244 1615 272 εἶναι
1631 246 1718 280 λέγων
1736 249 1808 282 μετὰ

1020 290 1051 316 τὸ
1072 290 1158 320 πάθος
1173 291 1290 325 ἡμέραν,
1305 291 1351 316 καὶ
1367 291 1499 325 ῥυσθῆναι
1516 291 1561 317 ὑπ’
1576 292 1656 318 αὐτοῦ
1670 293 1740 327 ᾔτει,
1758 294 1810 329 ἆρ-

1021 341 1118 367 παγμα
1146 333 1195 368 ἤδη
1222 333 1261 368 τῷ
1289 333 1422 370 ἀλλοτρίῳ
1448 336 1640 370 γεγενημένος.
1658 337 1738 364 Ἀλλὰ
1762 338 1809 364 τὸν

1022 379 1071 414 μὲν
1087 379 1153 414 εὐχῇ
1165 380 1213 406 καὶ
1231 381 1358 415 σφραγῖδι
1381 381 1506 413 ὁπλίσας,
1523 382 1745 417 ἁκαταγώνιστον
1759 384 1808 410 τοῦ

1020 426 1115 453 λοιποῦ
1136 425 1175 461 τῷ
1191 426 1280 462 ἐχθρῷ
1297 428 1445 462 πεποιήκει
1462 435 1468 442 ⁸
1482 427 1703 464 ἀσφαλεστέρους
1717 429 1745 455 δὲ
1759 430 1809 456 καὶ

1019 472 1083 503 τοὺς
1099 471 1234 506 μαθητὰς,
1254 472 1358 503 εἰδότας
1374 472 1447 504 ὅπως
1469 473 1546 500 οὐδὲν
1565 473 1647 500 αὐτὸν
1671 474 1733 501 οὐδὲ
1753 474 1808 501 τῶν

1022 519 1050 544 ὲν
1068 519 1160 553 κρυφῇ
1176 519 1328 554 γινομένων
1342 518 1523 546 διαλανθάνει.

1057 563 1128 598 ρπδ’.
1145 564 1200 590 Καὶ
1227 564 1305 590 τοῦτο
1337 563 1386 599 μὲν
1410 564 1443 599 δὴ
1467 564 1583 597 τοιοῦτο,
1599 565 1648 590 καὶ
1676 565 1748 591 οὕτω
1772 565 1809 591 τὰ

1023 609 1132 644 μακρὰν
1159 609 1206 636 καὶ
1229 610 1324 645 πόρρω
1339 609 1378 644 τῷ
1405 609 1517 644 Συμεὼν
1543 610 1573 636 ὲν
1596 610 1756 644 ὀφθαλμοῖς,
1769 610 1808 642 ὡς

1021 656 1144 690 παρόντα
1166 655 1289 682 δεικνύον
1303 663 1310 670 ”
1327 655 1340 681 ὁ
1357 656 1384 682 δὲ
1399 656 1478 690 λόγος
1501 657 1548 683 καὶ
1569 656 1637 683 ἄλλα
1653 658 1702 691 τῆς
1722 657 1807 691 αὐτῆς

1020 701 1058 737 τῷ
1072 701 1210 737 εἰρημένῳ
1219 701 1360 737 δυνάμεως
1372 703 1528 738 προσθεῖναι
1543 702 1808 738 βούλεταινΑνορώ-

1020 756 1064 782 πῳ
1093 747 1192 782 συνέὸη
1218 748 1272 774 τινὶ
1301 748 1364 783 περὶ
1391 747 1463 774 σίτου
1487 748 1580 783 ἀκμὴν
1599 748 1629 774 τὸ
1653 747 1808 784 θαυμαστὸν

1021 794 1122 821 ἀνιόντι
1137 794 1200 830 ὅρος
1230 794 1277 820 καὶ
1291 793 1330 828 τῷ
1353 803 1383 820 τε
1409 794 1529 821 καύσωνι
1555 795 1603 830 τῆς
1623 796 1710 832 ὥρας,
1723 796 1762 831 τῷ
1777 804 1809 822 τι

981 836 1004 864 Β
1019 841 1067 875 τῆς
1084 841 1143 868 ὁδοῦ
1160 841 1278 872 ἀνάντει,
1298 841 1366 876 πρὸς
1388 841 1438 876 τὴν
1461 841 1508 868 τοῦ
1536 841 1628 876 δίψους
1650 842 1810 877 ἀπαγορεύ-

1023 894 1100 912 σαντι
1118 885 1178 920 βίαν
1191 886 1238 912 ἐπὶ
1256 886 1306 921 τὴν
1321 886 1372 920 γῆν
1394 885 1592 921 καταρῤεὖσαι,
1610 886 1657 913 καὶ
1676 887 1736 912 κατ’
1752 886 1810 912 ὀλί-

1019 940 1066 966 γον
1096 931 1305 966 ὑπολιμπάνειν.
1316 929 1371 958 Ἦν
1390 931 1439 967 μὲν
1455 930 1502 959 οὖν
1518 932 1568 968 ἠδη
1596 932 1660 968 περὶ
1676 933 1726 963 τὰς
1747 933 1808 959 sm-

1019 977 1144 1012 λυχνξους
1170 977 1253 1013 ᾠδὰς,
1267 978 1315 1005 καὶ
1338 977 1450 1010 ταύτας,
1465 977 1502 1009 ὡς
1519 978 1645 1014 σύνηθες,
1662 979 1676 1004 ό
1695 978 1809 1012 Συμεὼν

1020 1023 1078 1058 Θεῴ
1104 1024 1173 1058 μετὰ
1195 1024 1248 1050 τῶν
1265 1024 1393 1059 μαθητῶν
1405 1024 1532 1050 ἀπεδίδου
1547 1033 1553 1039 ·
1572 1025 1601 1050 ὲν
1617 1024 1704 1060 τούτῳ
1716 1024 1744 1051 δὲ
1762 1024 1810 1050 δύο

1019 1068 1096 1098 τινὰς
1123 1068 1240 1101 καλέσας
1266 1068 1356 1095 αὐτῶν
1376 1068 1549 1103 ἐπισκήπτει,
1571 1069 1704 1101 λαϐόντας
1723 1070 1808 1104 ἄρτου

1020 1113 1067 1140 καὶ
1082 1112 1188 1145 ὓδατος,
1206 1113 1256 1149 τήν
1271 1121 1301 1140 τε
1316 1113 1362 1140 τοῦ
1377 1113 1457 1149 ὅρους
1471 1114 1529 1141 ὁδὸν
1542 1115 1690 1150 παριόντας
1718 1115 1809 1150 εὑρεῖν

1019 1168 1079 1185 τινα
1094 1159 1165 1186 κατὰ
1179 1159 1231 1194 γῆς
1246 1160 1422 1196 ὲῤῥιμμένον,
1442 1161 1561 1188 πνέοντα
1579 1161 1667 1196 μικρὰ
1694 1162 1741 1188 καὶ
1763 1163 1810 1188 ὲκ-

1020 1205 1174 1238 λελοιπότα,
1193 1205 1300 1237 τούτοις
1323 1206 1398 1242 αὑτῷ
1414 1207 1462 1241 τὴν
1488 1207 1604 1239 δύναμιν
1624 1208 1810 1242 ὰπειρηκυῐαν

1021 1250 1179 1278 ἀναλαϐεῖν.
1202 1250 1283 1277 Ἀλλὰ
1307 1251 1406 1286 τάχους
1420 1251 1458 1286 τῷ
1485 1251 1626 1286 πράγματι
1651 1252 1730 1287 χρεία
1745 1273 1753 1285 ,
1772 1254 1810 1288 μὴ

1021 1297 1146 1329 θάνατος,
1160 1296 1239 1331 φησὶ,
1255 1297 1400 1332 προλαϐὼν
1427 1297 1474 1324 καὶ
1505 1298 1554 1332 τὴν
1577 1298 1672 1333 ὀλίγην
1700 1298 1810 1334 ἐκείνην

1022 1343 1107 1377 πνοὴν
1122 1343 1266 1378 ἀφέληται.
1283 1343 1316 1369 Οί
1329 1343 1357 1369 δὲ
1374 1343 1520 1378 δράσαντες
1537 1343 1608 1370 κατὰ
1634 1344 1669 1370 τὰ.
1690 1353 1810 1379 προστε-

1020 1388 1153 1422 ταγμένα,
1171 1388 1329 1422 εὑρίσκουσι
1356 1389 1481 1423 κείμενον
1504 1389 1585 1415 αὑτὸν
1599 1389 1651 1416 ἀνὰ
1675 1390 1724 1425 τὴν
1739 1391 1808 1421 ὁδὸν,

1022 1433 1092 1468 πλὴν
1106 1433 1154 1460 τοῦ
1169 1434 1300 1460 ἀναπνεῖν
1311 1434 1407 1469 νεκρόν
1420 1442 1426 1448 ·
1443 1435 1599 1470 ἀνελόμενοι
1614 1435 1705 1461 τοίνυν
1717 1436 1810 1469 αὐτὸν,

1023 1480 1070 1506 καὶ
1099 1481 1139 1511 εἰς
1165 1480 1215 1514 τὴν
1240 1479 1388 1515 κατωτέρω
1413 1481 1497 1516 μονὴν
1523 1481 1682 1515 ἀγαγόντες,
1699 1482 1748 1517 ὀψὲ
1764 1484 1811 1509 καὶ

1025 1525 1100 1561 μόλις
1122 1526 1306 1560 ἐπαναγαγεῖν
1330 1525 1408 1558 αὖθις
1428 1526 1503 1562 αὐτῷ
1528 1527 1578 1563 τὴν
1602 1527 1718 1564 δύναμιν
1735 1529 1812 1564 ῖσχυ-

1024 1581 1083 1600 σαν.

1016 1642 1025 1646 -
1043 1624 1130 1665 ιρπεκ
1151 1620 1307 1654 Ἀνοράκων
1329 1619 1442 1656 ἀπύρων
1467 1620 1533 1647 ποτὲ
1552 1620 1601 1656 τὴν
1617 1624 1699 1656 μονὴν
1720 1622 1812 1648 ἐπιλε-

1023 1665 1165 1696 λοιπότων.
1184 1666 1240 1696 τοῖς
1256 1665 1304 1700 μὲν
1317 1665 1441 1700 ἀδελφοῖς
1457 1666 1535 1700 λόγος
1549 1666 1668 1702 ἑσπέρας
1680 1667 1748 1702 πρὸς
1765 1668 1811 1694 ἁλ-

1024 1712 1119 1747 λήλους
1143 1713 1193 1738 οὐκ
1216 1712 1304 1746 ὀλίγος
1327 1709 1378 1747 ἦν’
1403 1713 1416 1739 ὁ
1435 1712 1473 1744 δὲ,
1491 1713 1536 1747 Μὴ
1552 1713 1724 1748 φροντίσητε,
1747 1714 1810 1748 ἔφη·

1023 1758 1148 1792 ἀφίξεται
1171 1757 1225 1793 γὰρ
1240 1757 1334 1793 αὔριον
1356 1758 1457 1793 πλῆθος
1481 1759 1581 1791 αὐτῶν,
1605 1759 1667 1786 ὅσον
1688 1761 1721 1794 τῇ
1743 1763 1810 1795 μονῇ

1024 1805 1093 1832 κατὰ
1103 1804 1207 1840 χρείαψ
1224 1803 1280 1839 ὁρῶ
1295 1804 1349 1839 γὰρ
1361 1803 1445 1838 ἄνδρα
1457 1804 1517 1830 τινὰ
1530 1804 1584 1830 τῶν
1598 1805 1812 1840 ἀγροικοτέριυν,

1024 1851 1100 1877 δυσίν
1114 1850 1206 1885 ὥσπερ
1216 1850 1338 1885 ἡμιόνοις
1351 1850 1532 1885 προσάγοντα,
1546 1850 1660 1877 τοιοῦτοι
1673 1851 1702 1877 δὲ
1715 1851 1814 1886 ἄνθρα-

1024 1905 1071 1928 κες
1095 1897 1148 1932 ἄρα
1174 1895 1278 1922 τούτοιν
1300 1896 1441 1931 ἑκατέροιν
1460 1897 1474 1922 ὁ
1490 1897 1598 1930 φόρτος.
1615 1897 1707 1923 Ταῦτα
1730 1899 1744 1923 ὸ
1762 1898 1814 1932 μὲν

1024 1943 1080 1974 τοῖς
1096 1941 1229 1977 μαθηταῖς
1247 1942 1311 1976 περὶ
1333 1941 1428 1973 νυκτὸς
1441 1942 1529 1977 ἀρχὰς
1546 1940 1631 1974 εἶπεν,
1644 1943 1708 1978 ἥκει
1729 1943 1758 1969 δὲ
1773 1945 1814 1974 εἰς

1025 1988 1072 2023 τὴν
1085 1987 1148 2022 ἑξῆς
1167 1989 1181 2014 ὁ
1196 1987 1326 2019 τοιοῦτος,
1339 1987 1459 2022 κομίζων
1476 1989 1509 2022 τῇ
1526 1989 1593 2023 μονῇ
1610 1989 1732 2020 τούτους,
1748 1988 1786 2020 ὡς
1799 1991 1814 2015 ὁ

1025 2034 1138 2069 Συμεὼν
1153 2035 1327 2069 προειρήκει.
1348 2034 1507 2060 Ἐντὲταλτο
1519 2035 1585 2069 παρ’
1597 2034 1678 2061 αὑτοῦ
1691 2036 1747 2065 τοῖς
1763 2044 1814 2069 μα-

1026 2080 1119 2115 θηταῖς
1137 2080 1230 2116 μηδενὶ
1251 2079 1376 2114 μηδαμοῦ
1391 2080 1516 2114 κοσμικῷ
1531 2080 1687 2115 παρρησίαν
1702 2080 1812 2113 διδόναι,

1027 2127 1088 2162 μηδ’
1111 2127 1149 2157 εἰς
1165 2126 1272 2161 ὁμιλίαν
1289 2127 1380 2156 αὐτοῖς
1401 2126 1435 2152 τὰ
1447 2125 1532 2152 πολλὰ
1547 2126 1593 2153 καὶ
1609 2126 1705 2160 λόγους
1722 2127 1814 2162 ᾔκειν,

188 2180 250 2200 cum
268 2172 302 2199 iis
317 2171 476 2203 miscerent,
503 2170 556 2197 nisi
577 2170 605 2196 in
620 2169 780 2204 gravissima
793 2170 970 2202 necessitate;

1028 2173 1052 2199 εἰ
1069 2172 1107 2207 μὴ
1128 2172 1198 2198 κατὰ
1213 2171 1280 2198 πολύ
1295 2180 1321 2197 τι
1338 2172 1368 2197 τὸ
1383 2172 1543 2205 ἀναγκαῖον·
1568 2172 1614 2198 καὶ
1638 2171 1718 2198 τοῦτο
1731 2172 1760 2198 δὲ
1777 2173 1814 2207 μὴ

189 2222 255 2245 tunc
265 2225 330 2244 vero
342 2217 426 2244 etiam
442 2223 496 2243 non
510 2215 713 2242 immorandum
724 2215 783 2246 diu,
799 2214 846 2241 sed
861 2214 975 2249 praeciso

189 2270 317 2290 sermone
332 2261 528 2289 discedendum
544 2269 625 2296 quam
641 2268 720 2292 mox;
736 2264 765 2287 ut
784 2263 879 2288 noctes
895 2265 977 2294 atque

189 2306 250 2334 dies
269 2306 371 2334 divinis
384 2306 498 2340 psalmis
517 2314 549 2333 ac
563 2306 670 2341 legibus
690 2305 855 2332 meditandis
876 2305 977 2332 transi-

189 2358 295 2390 gentes,
311 2353 399 2380 seduli
413 2353 634 2388 praascriptarum
651 2352 805 2387 regularum
816 2351 976 2379 observato-

189 2408 235 2427 res
244 2400 347 2426 forent.
358 2399 512 2434 Aliquando
523 2399 616 2433 igitur,
626 2405 687 2425 cum
699 2402 810 2425 sanctus
820 2397 854 2424 ad
864 2397 978 2425 inferius

192 2445 389 2473 monasterium
418 2445 578 2472 accessisset
606 2444 729 2478 propius,
756 2444 832 2471 visus
857 2444 909 2471 sibi
937 2449 979 2472 est

191 2490 288 2518 audire
298 2490 404 2526 aliquos
418 2490 480 2517 talia
489 2497 550 2516 cum
562 2488 901 2524 secularibusloquentes,
913 2497 980 2524 qua-

192 2537 226 2564 lia
244 2544 298 2563 non
314 2536 414 2563 licebat
428 2543 476 2570 per
489 2535 551 2562 data
567 2539 713 2569 praecepta.
731 2535 881 2562 Accersens
895 2535 979 2570 igitur

193 2581 263 2612 illos,
273 2580 486 2615 cxaminansque
501 2585 529 2607 et
544 2587 601 2607 rem
614 2584 641 2607 et
653 2584 770 2615 tempus,
788 2580 890 2608 factum
902 2588 978 2608 eom-

194 2627 274 2660 perit,
291 2627 362 2653 sicut
376 2627 567 2661 spiritualibus
583 2626 670 2653 oculis
685 2633 702 2653 a
720 2634 749 2653 se
763 2627 850 2653 visum
868 2626 977 2653 fuerat:

194 2671 219 2698 ἓιΙ
231 2672 303 2707 quod
315 2680 369 2699 non
384 2673 470 2699 levent
483 2672 599 2699 incussit
616 2672 759 2707 discipulis
772 2673 907 2704 timorem,
928 2671 979 2700 ﬁde

194 2719 305 2752 ilignum
319 2718 429 2753 majoris
444 2719 470 2745 in
488 2719 611 2746 futurum
629 2719 742 2745 cautelzc
758 2718 865 2745 vadem.

231 2763 290 2790 {$6.
314 2764 407 2790 l-‘ratcr
422 2764 547 2799 quidam,
567 2764 696 2791 virtutem
709 2765 859 2798 professus,
880 2765 978 2791 missus

198 2807 264 2834 ffvrtc
282 2810 313 2835 ad
329 2809 532 2839 dire-nl'cmlum
547 2811 642 2842 salem,
661 2810 766 2838 insidiis
782 2811 895 2841 diaboli,
915 2811 976 2838 talia

1028 2217 1245 2253 ὲνδιατρίῦοντας
1269 2218 1330 2248 ταῖς
1357 2217 1425 2252 πρὸς
1447 2218 1544 2248 αὐτοὺς
1567 2217 1727 2250 διαλέξεσιν,
1747 2218 1817 2244 ἀλλὰ

1027 2263 1096 2298 ταχὺ
1120 2261 1384 2297 ἀπαλλαττομένους,
1412 2263 1496 2288 νύκτα
1524 2262 1616 2296 μέντοι
1641 2264 1686 2288 καὶ
1708 2263 1816 2297 ἡμέραν

1027 2308 1083 2337 τοῖς
1102 2307 1184 2338 θείοις
1198 2306 1316 2341 ψαλμοῖς
1333 2307 1380 2333 καὶ
1393 2306 1485 2341 νόμοις
1507 2307 1661 2342 ἐμμελετᾷν
1680 2307 1726 2334 τοῦ
1743 2308 1817 2334 δεδο-

1029 2353 1110 2388 μένου
1121 2353 1232 2384 κανόνος
1247 2344 1383 2387 ἒπιμελῶς
1398 2353 1552 2388 ἐχομένους.
1569 2353 1638 2379 Ποτὲ
1650 2353 1714 2388 γοῦν
1730 2355 1816 2381 ἐδόκει

1027 2400 1066 2435 τῷ
1080 2399 1201 2434 Συμεὼν,
1220 2398 1333 2434 πλησίον
1354 2398 1447 2434 ὥσπερ
1473 2399 1553 2425 αὐτὸν
1571 2399 1601 2426 ὲν
1623 2400 1655 2435 τῇ
1673 2401 1816 2435 κατωτέρα

1030 2447 1096 2481 μονῇ
1125 2446 1281 2479 γενόμενον,
1305 2445 1397 2471 ἐκεῖνα
1415 2445 1483 2480 πρός
1507 2453 1583 2477 τινας
1601 2445 1657 2471 τῶν
1677 2446 1820 2480 κοσμικῶν

1027 2491 1138 2517 ἀκούειν
1155 2490 1317 2522 λαλούντων,
1334 2490 1405 2523 ἅπερ
1421 2490 1494 2524 αύτῷ
1509 2491 1536 2516 αἱ
1549 2490 1655 2517 ἐντολαὶ
1669 2492 1718 2518 οὐκ
1740 2493 1817 2517 ἐϐού-

1028 2535 1115 2563 λοντο.
1152 2536 1278 2567 Καλέσας
1304 2535 1394 2562 τοίνυν
1427 2536 1540 2568 αὐτοὺς,
1571 2536 1697 2571 ὲρεύναις
1729 2545 1758 2562 τε
1788 2539 1819 2562 τί,

1029 2582 1145 2617 πρᾶγμα
1157 2581 1204 2608 καὶ
1217 2580 1261 2607 τὸν
1273 2582 1368 2616 καιρὸν
1379 2580 1510 2613 δεδωκὼς,
1527 2579 1606 2616 εὗρεν
1624 2581 1662 2613 ὡς
1678 2583 1752 2616 αὐτῷ
1764 2585 1818 2614 τοίς

1028 2627 1074 2653 τοῦ
1090 2627 1250 2662 Πνεύματος
1261 2627 1408 2662 ὀψθαλμοῖς
1422 2627 1518 2661 ἐθεάθη
1530 2635 1537 2642 ·
1548 2627 1563 2653 ὃ
1575 2627 1622 2654 καὶ
1636 2627 1718 2662 φόϐον
1729 2629 1819 2660 αὐτοῖς

1029 2673 1079 2699 οὐκ
1106 2673 1195 2708 ὀλίγον
1222 2673 1313 2708 ἐνῆκε,
1335 2673 1485 2709 μελλούσης
1508 2673 1658 2709 ἀξιόχρεων
1681 2675 1818 2710 ἐγγυητὴ-ι

1030 2719 1188 2753 ἀσφαλείας.

1069 2769 1143 2799 ρπς¹.
1168 2766 1294 2799 ’Λδελφὸς
1323 2775 1363 2797 τις
1388 2765 1487 2800 ἀρετὴν
1520 2766 1754 2801 μαρτυρούμενος.
1779 2768 1817 2794 εὶς

1032 2811 1122 2843 ἅλατι),
1144 2812 1270 2847 ἓπῖμςηη
1284 2812 1429 2845 ἲιακονίαν,
1442 2813 1501 2842 ταῖς
1514 2812 1540 2838 δὲ
1555 2812 1602 2837 τοῦ
1618 2813 1736 2847 πονηροῦ
1749 2813 1816 2838 Ltd
