1966 3068
118 155 186 188 3157

629 161 717 191 νιΤΑ
737 162 758 190 Α
780 161 998 192 NICEPIIORO
1018 162 1258 194 CONSCRIPTA.

1678 158 1746 191 3152

116 212 309 240 τῶντοιούτων
325 213 483 246 ἐπιϐουλαῖς
508 215 555 241 καὶ
578 217 633 248 τοῖς
657 216 763 242 ἐκείνου
786 217 909 248 πιθανοῖς

980 218 1125 245 urantibus
1137 218 1298 250 infestioris,
1312 217 1443 252 falsisque
1451 214 1677 251 persuasionibus
1689 223 1747 249 spc—

117 259 276 294 διλεάμασι,
298 261 509 296 παρακερδαίνει
537 270 563 288 τι
590 263 638 297 τῆς
660 263 756 289 τούτου
779 263 904 298 τιμῆς,ἣ

119 304 265 339 ζημιοῦται
282 305 383 340 μᾶλλον
399 307 530 342 ἐσχάτως,
545 308 594 334 ὅσα
614 308 660 334 καὶ
675 308 763 343 ψυχῆς
779 309 794 342 ἠ
811 308 907 342 ζημία.

119 349 204 376 Τοῦτο
231 351 321 377 τοίνυν
348 353 362 377 ὁ
391 352 503 386 Συμεὼν
527 353 580 379 ἀπὸ
599 353 735 388 μακρόθεν
751 354 839 386 εἰδὼς,
855 354 911 385 τοῖς

120 395 255 430 μαθηταῖς
271 397 437 431 ἀπαγγέλλει
450 406 455 414 ’
472 397 530 425 εἶτα
546 399 755 434 μεταστέλλεται
770 399 836 435 πρὸς
849 400 912 427 ἑαυ-

119 440 165 467 τὸν
187 441 368 469 ἐπανελθόντα
392 443 438 469 τὸν
458 443 582 478 ἀδελφὸν,
607 445 712 479 ἐλέγχει
732 445 762 471 τὸ
789 446 911 479 γεγονὸς,

121 486 236 522 ἐπιτιμᾷ
253 487 304 520 τῆς
319 487 420 524 κλοπῆς
431 497 437 504 ·
451 488 546 515 ἔπειτα
562 489 653 524 μέντοι
676 490 784 524 δέχεται
808 489 856 526 τὴν
871 489 913 522 ἐξ·

118 532 292 568 ομολὸγησιν,
303 533 394 560 δίδωσι
406 534 454 570 τὴν
464 534 571 568 ἄφεσιν,
583 535 679 569 ἐπάγει
690 535 739 571 τὴν
752 536 913 571 θεραπείαν.

128 578 255 614 ’Λνῆλθόν
270 580 341 611 τινές
356 588 421 606 ποτε
441 581 495 606 τῶν
514 581 690 615 Ἰσραηλιτῶν
705 582 775 608 κατὰ
793 582 914 617 προσκύ-

122 633 200 658 νησιν
224 625 270 651 τοῦ
299 624 391 659 Ἀγίου
406 636 411 642 ·
430 628 528 662 συνέϐη
549 628 576 654 δὲ
599 627 649 662 τὴν
680 628 781 654 τούτων
804 629 914 664 ἡμίονον

123 670 313 702 ἁπολυθείσαν,
332 672 378 698 καὶ
391 673 459 707 πρός
473 681 533 699 τινα
555 673 602 699 τοῦ
619 673 698 708 Epeo;
713 675 836 709 κρημνὸν
851 675 916 700 ὑπο-

123 716 293 749 καταϐᾶσαν,
308 718 451 752 προσδέσει
472 718 519 744 τοῦ
543 719 660 754 ῥυτῆρος
676 720 739 755 περί
756 728 819 746 τινα
836 719 914 755 ὓλην,

122 758 167 786 οἷα
192 761 265 794 φιλεῖ
290 761 420 794 πολλάκις
440 763 602 798 αὐτομάτως
623 764 757 797 γίνεσθαι,
774 765 835 800 τῇδε
850 767 916 791 ἁπο-

123 807 267 842 ληφθῆναι.
293 807 338 839 Ὠς
365 807 411 834 οὖν
436 808 535 844 πολλὴν
556 810 642 844 αὐτῆς
667 811 774 844 θέμενοι
791 811 915 845 ζήτησιν,

124 852 192 878 ἀλλὰ
210 852 258 878 καὶ
275 853 314 882 εἰς
329 853 425 888 τρίτην
441 854 505 888 ἑξῆς
518 855 624 890 ἡμέραν
635 856 684 890 οὐχ
698 853 789 882 οἷοίτε
802 857 916 890 γεγόνα-

126 905 168 924 σιν
190 898 325 933 ἀνευρεῖν,
350 900 478 933 προσίασι
497 900 535 935 τῷ
558 901 695 936 Μεγάλῳ,
719 901 846 933 ἀλύοντες
868 903 914 928 καὶ
931 891 954 919 Β

125 943 174 975 τὰς
197 944 285 979 ψυχὰς
310 945 411 981 σφόδρα
433 945 650 982 διαπονούμενοι.
684 948 714 974 ’0
737 947 775 979 δὲ,
791 948 917 983 καθάπερ

125 990 197 1025 ὀρῶν
222 988 250 1017 oi
260 991 421 1025 προσδέδετο
439 990 520 1028 αὕτη,
538 993 656 1025 καλέσεις
679 993 725 1020 δύο
749 993 804 1020 τῶν
827 994 916 1030 μαθη-

126 1036 190 1069 τῶν,
222 1037 348 1064 ἐκέλευσε
382 1039 440 1065 ἐκεῖ
464 1040 637 1074 γενομένους,
659 1041 706 1067 καὶ
733 1041 782 1076 τὴν
806 1041 916 1076 ἡμίονον

126 1081 259 1114 λύσαντας
286 1084 479 1111 ἀνασώσασθαι
500 1086 557 1117 τοῖς
581 1085 734 1118 δεσπόταις.
760 1087 848 1122 Ὅπερ
872 1082 918 1113 οὖν

126 1127 213 1164 ταύτῃ
245 1129 291 1155 καὶ
322 1130 443 1164 γεγονὸς,
478 1131 661 1163 ἀπολαϐόντες
690 1132 775 1167 αὐτὴν
807 1133 917 1164 ἐκείνοι,

129 1173 197 1207 πρὸς
208 1173 256 1209 τὴν
268 1175 373 1201 ἑαυτῶν
387 1176 552 1212 ἐπανῄεσαν,
566 1176 660 1212 θαῦμα
673 1177 718 1204 τὸν
732 1177 816 1213 ἄνδρα
827 1177 916 1204 ποιού-

129 1227 214 1253 μενοι.

961 262 1031 289 ciem
1044 263 1170 290 veritatis
1183 262 1393 298 prmferentibus
1404 262 1544 294 inductus,
1560 260 1664 296 aliquid
1676 261 1749 296 justo

962 309 1080 343 amplius
1101 309 1182 341 lucri,
1207 313 1256 336 aut
1271 309 1363 343 potius
1381 309 1498 335 multum
1522 307 1615 335 damni
1635 307 1709 340 fecit,
1728 306 1749 333 si

962 355 1080 381 animam
1097 360 1213 390 spectes.
1226 355 1303 387 Quod
1312 363 1374 382 cum
1390 359 1500 382 sanctus
1513 354 1629 390 Symeon
1643 354 1750 382 eminus

962 405 1151 435 cognosceret,
1164 401 1308 435 discipulis
1317 409 1426 436 quoque
1440 399 1625 427 manifestavit
1635 408 1642 426 :
1652 399 1750 426 deinde

963 446 1080 474 accersit
1096 446 1208 473 fratrem
1225 447 1302 473 illum
1322 447 1377 482 jam
1393 447 1533 479 reducem,
1549 446 1581 473 ad
1599 453 1628 473 se
1644 445 1751 480 :arguit

963 491 1076 524 factum,
1097 492 1274 526 reprehendit
1293 492 1427 523 fraudetur,
1454 498 1510 519 tum
1527 492 1630 526 excipit
1646 492 1752 519 confes

964 538 1081 570 sionem,
1114 538 1229 566 remittit
1259 544 1420 573 peccatum,
1449 539 1570 566 restituit
1594 535 1750 565 sanitatem.

964 582 1147 612 Advenerunt
1167 585 1314 620 aliquando
1326 586 1469 613 lsmaclila:
1488 586 1599 620 quidam
1613 585 1753 612 adoraturi

965 637 1110 664 sanetum;
1128 640 1190 659 eum
1209 632 1320 664 accidit,
1337 632 1453 659 solutam
1468 639 1564 658 eorum
1578 632 1678 658 mulam
1706 639 1755 666 per

966 679 1104 714 quoddam
1134 679 1236 706 montis
1265 678 1448 714 prmcipitiunt
1470 678 1649 708 descendere,
1673 682 1754 712 atque

966 725 1170 752 adlizcreseente
1194 725 1272 751 freno
1287 725 1328 759 (ut
1345 723 1404 751 ﬁeri
1425 731 1478 750 non
1492 731 1554 750 raro
1568 727 1665 758 sponte
1680 730 1756 749 asso-

966 771 1015 804 let)
1039 771 1072 796 ad
1097 770 1206 797 arboris
1232 774 1372 802 truneutn,
1396 769 1500 796 ibidem
1526 769 1651 796 retineri.
1669 768 1756 800 Quam

967 825 1029 844 cum
1044 817 1168 851 diligenti
1181 825 1211 844 ac
1224 817 1353 844 triduana
1366 817 1449 844 etiam
1464 816 1645 851 inquisitione
1661 815 1758 849 depre-

970 863 1093 890 hendere
1109 871 1163 890 non
1180 867 1308 898 possent;
1331 863 1435 890 adeunt
1450 867 1587 893 sanetum,
1609 864 1758 888 mmrentes

968 909 1178 944 pendentesque
1197 909 1307 936 animis.
1327 909 1352 935 Is
1371 913 1473 941 autem,
1494 908 1571 943 quasi
1589 907 1696 934 videret
1712 905 1758 933 ubi

970 955 1079 989 alligata
1093 958 1165 981 esset
1178 955 1263 986 mula,
1280 955 1384 982 vocalis
1399 955 1508 982 duobus
1518 953 1662 989 discipulis
1675 953 1759 986 impe-

971 1000 1050 1030 ravit.
1065 1008 1097 1027 eo
1114 1006 1143 1026 ιιι
1162 1000 1373 1033 contenderent,
1393 1001 1569 1034 solutumque
1590 998 1691 1026 animal
1709 997 1758 1024 do~

972 1045 1054 1072 minis
1071 1045 1249 1073 restituerent
1271 1046 1419 1073 incolume.
1437 1046 1515 1078 Quod
1531 1046 1567 1072 ita
1589 1045 1690 1072 factum
1707 1048 1758 1071 est.

971 1092 1012 1119 Illi
1032 1097 1122 1120 autem
1139 1100 1202 1119 cum
1224 1097 1333 1127 recepta
1348 1093 1422 1120 mula
1449 1093 1482 1120 ad
1500 1100 1549 1119 sua
1566 1092 1669 1119 reversi
1684 1095 1759 1123 sunt,

971 1139 1160 1174 prodigiosum
1177 1139 1254 1167 illum
1274 1147 1334 1167 esse
1353 1139 1492 1167 hominem
1515 1138 1705 1174 praedicantes.

838 1293 950 1322 CAPUT
970 1292 1064 1321 XXlV.

673 1349 753 1377 Varia
770 1351 894 1386 prwvidet
913 1360 944 1378 ac
969 1351 1088 1387 prwdicit
1107 1351 1229 1387 Symcon.

168 1403 239 1438 ρπζ¹.
255 1403 435 1438 Σχολαστικός
452 1414 504 1439 τις,
520 1405 606 1442 ὄνομα
631 1407 767 1442 Ἰωάννης,
789 1408 859 1444 ἀνὴρ
879 1408 923 1434 εὐ-

132 1450 224 1485 σεϐὴς,
246 1450 294 1476 καὶ
309 1451 342 1485 τῇ
364 1451 411 1485 τῆς
437 1451 508 1486 ζωῆς
523 1453 597 1488 πηγῇ
617 1451 656 1487 τῷ
670 1453 716 1479 τοῦ
733 1453 801 1479 Θεοῦ
822 1453 922 1489 δηλαδὴ

134 1495 207 1530 ψόῆῳ
220 1494 340 1530 τρυφῶν,
359 1495 390 1522 ἐκ
411 1505 483 1528 τινος
501 1497 549 1531 μὲν
564 1497 725 1533 ὁρμώμενος
743 1497 851 1534 κώμης,
869 1498 923 1525 τῶν

133 1539 184 1566 ὑπὸ
202 1540 250 1575 τὴν
267 1541 404 1575 Ἀντιόχου
418 1543 564 1577 κειμένων,
579 1544 640 1570 κατ’
655 1543 740 1580 αὐτὴν
754 1544 782 1570 δὲ
796 1544 924 1579 τηνικαῦ-

133 1595 166 1613 τα
178 1587 227 1622 τὴν
245 1586 322 1613 πόλιν
339 1588 450 1621 διάγων,
464 1589 540 1623 παρὰ
554 1590 599 1616 τὸν
613 1590 726 1625 Συμεὼν
741 1591 870 1624 ἀνελθὼν,
891 1591 924 1617 τὰ

133 1633 194 1659 καθ’
209 1633 303 1659 ἑαυτὸν
327 1634 480 1660 ἐκοινοῦτο·
503 1635 541 1666 ὡς
565 1635 619 1670 ἄρα
645 1635 736 1670 μέλλοι
760 1637 888 1670 Δομνϊνος
912 1638 926 1662 ὁ

134 1678 281 1713 ἱερώτατος
301 1679 471 1715 πατριάρχης
487 1681 569 1706 αὑτὸν
586 1680 636 1714 τῆς
656 1681 712 1707 τῶν
730 1681 926 1716 πρεσίὶυτέρων

135 1723 249 1756 ἀξιῶσαι
271 1725 448 1759 χειροτονίας,
472 1725 519 1751 καὶ
541 1727 616 1760 παρὰ
639 1727 689 1761 τὴν
709 1726 832 1761 βασιλίδα
850 1726 926 1752 πόλιν

135 1768 206 1794 κατὰ
223 1769 255 1802 δή
268 1777 329 1794 τινα
341 1769 435 1804 χρείαν
448 1769 502 1796 τῶν
515 1770 672 1804 ἀναγκαίων
687 1771 837 1805 ἐκπέμψαι,
852 1770 927 1797 ταῦτ’

135 1814 222 1847 ιλεγε,
242 1813 310 1840 καὶό
321 1823 347 1841 τι
368 1815 399 1841 τὸ
413 1815 473 1850 Θεῷ
487 1815 582 1842 δοκοῦν
597 1817 656 1852 ᾔτει
673 1816 828 1852 μαθεῖν.-Ὁ
845 1817 873 1843 δὲ
890 1816 929 1852 τῷ

142 1859 278 1895 πνεύματι
295 1861 464 1893 πεποιθότως
479 1861 631 1895 ὑπολαϐὼν,
645 1863 658 1888 ὃ
675 1864 722 1889 καὶ
736 1863 805 1896 δῆλα
819 1864 873 1895 τοῖς
884 1863 928 1889 αὺ-

136 1905 182 1932 τού
203 1905 352 1941 ὀφθαλμοῖς
367 1907 482 1942 καθίστη
498 1908 533 1934 τὰ
549 1907 720 1943 ἔμπροσθεν,
741 1908 847 1940 Ἄπιθι,
864 1908 927 1943 ἔφη·

137 1951 292 1985 ἀφιέρωσαι
320 1952 374 1987 γὰρ
393 1953 445 1988 ἤδη
467 1954 506 1988 τῷ
537 1953 633 1990 ὑψηλῷ
652 1954 729 1990 παρὰ
749 1954 817 1980 Θεοῦ
843 1955 930 1990 θρόνῳ

137 1998 186 2032 τῆς
199 1997 701 2034 ΚωνσταντινοιιπολιτῶνἘκκλησίας,
719 1999 733 2026 ὃ
748 2001 824 2035 παρὰ
840 2000 931 2035 σαυτῷ

137 2043 239 2070 κείσθω
269 2043 353 2079 μόνῳ,
383 2044 462 2079 ἄχρις
492 2044 525 2071 ἂν
556 2046 604 2072 καὶ
631 2047 688 2077 τοῖς
717 2046 807 2077 ἄλλοις
833 2047 865 2072 ἐκ
883 2046 929 2072 τοῦ

138 2089 232 2121 τέλους
260 2089 397 2124 γνώριμον
422 2091 554 2125 γένηται·
581 2089 640 2118 εἷτα
664 2092 711 2118 καὶ
733 2093 825 2118 ὁποῖον
852 2092 931 2118 αὑτὸν

138 2133 208 2162 εῖναι
221 2135 279 2162 δέον
296 2136 421 2172 παρῄνει,
438 2137 484 2163 καὶ
501 2137 552 2164 ὅσα
573 2136 694 2173 τοσούτῳ
714 2136 850 2172 ἀξιώματι
866 2137 933 2171 πρέ-

140 2191 227 2210 ποντα
242 2183 284 2218 είη
290 2204 296 2210 .

179 2271 252 2307 ρπη’.
276 2272 305 2299 Ὀ
328 2273 358 2299 δὲ
383 2273 468 2309 ταύτῃ
503 2273 548 2300 τὸν
579 2274 674 2308 Ἂγιον
711 2274 925 2308 συγκαταὸἁντα
949 2282 970 2308 ι)

145 2317 216 2350 ἰδὼν,
246 2318 292 2345 καὶ
322 2318 395 2350 ὅστις
421 2319 602 2354 ’ῐουστινιανῷ
626 2319 750 2354 διάδοχος
778 2319 854 2346 ἔσται
883 2321 932 2354 τῆς

145 2364 284 2399 βασιλείας
311 2361 414 2399 (οὗτος
440 2366 496 2401 γὰρ
532 2366 566 2392 τὰ
606 2366 753 2401 Ῥωμαίων
782 2366 934 2401 τηνικαῦτα

145 2411 272 2446 σκῆπτρα
295 2411 399 2437 διεῖπεν
412 2412 431 2443 ),
450 2412 526 2446 ἠξίου
555 2411 663 2447 μαθεῖν.
682 2413 736 2439 Καὶ
750 2412 791 2446 ὂς,
810 2412 934 2447 φυλακὴν

147 2457 220 2492 αὑτῷ
239 2458 285 2484 τοῦ
304 2458 453 2492 μυστηρίου
470 2458 602 2494 πρότερον
617 2459 717 2490 ικανῶς
735 2459 933 2494 παραγγείλας,

152 2504 303 2535 Ἱουστίνος,
320 2503 382 2538 iam.
401 2504 428 2530 '0
443 2503 492 2539 μὲν
509 2503 554 2530 οὖν
568 2504 644 2539 παρὰ
664 2504 711 2530 τοῦ
729 2504 802 2531 θείου
823 2503 935 2538 Συμεὼν

145 2548 232 2576 ταῦτα
249 2548 352 2584 μαθὼν,
368 2549 415 2576 καὶ
441 2551 501 2581 ταῖς
529 2548 612 2576 αὐτοῦ
644 2550 737 2585 εὐχαῖς
766 2550 936 2584 ἐφοδιασθεὶς

144 2594 162 2630 ἢ
177 2595 380 2626 καθοπλισθείς,
396 2595 523 2630 ἀσμένως
541 2604 570 2621 τε
594 2595 644 2630 τὴν
671 2595 718 2622 τοῦ
748 2596 935 2631 πρεσϐυτέρου

146 2642 314 2676 χειροτονίαν
341 2641 507 2676 δεξάμενος,
538 2641 672 2677 προθύμῳ
696 2643 757 2669 ποσί
782 2643 856 2677 παρὰ
887 2643 937 2678 τὴν

147 2687 272 2722 βασιλίδα
282 2687 360 2714 πόλιν
374 2687 483 2723 ἐχώρει.
511 2689 555 2714 Ἐν
568 2688 636 2723 αὐτῇ
654 2689 682 2715 δὲ
696 2689 848 2724 γενομένῳ,
866 2689 935 2723 πρὸς

149 2734 199 2769 μὲν
212 2734 275 2764 τοὺς
285 2733 381 2765 ἄλλους
395 2734 539 2769 ἀπόρρητα
554 2732 587 2769 ἧν
602 2734 674 2769 ειπερ
687 2735 701 2760 ὁ
716 2734 762 2761 τοῦ
777 2735 844 2762 Θεοῦ
857 2735 938 2771 θερά-

148 2787 208 2805 πων
239 2777 350 2813 Συμεὼν
379 2780 552 2814 προειρήκει,
571 2779 639 2814 πρὸς
670 2779 698 2806 δὲ
720 2780 766 2807 τὸν
797 2780 938 2807 Ἰουστῖνον

147 2822 204 2858 (οἷα
217 2824 250 2850 τὰ
264 2825 313 2859 τῆς
328 2824 502 2860 ἀνθρωπίνης
519 2826 703 2861 μικροψυχίας
752 2827 895 2861 φιλαυτίας
907 2827 938 2861 l),

150 2869 184 2898 ἶν’
198 2870 305 2897 divum
329 2871 419 2906 ἑαυτῆ»
435 2873 500 2906 παρ’
518 2873 624 2900 ἐκείνου
642 2873 751 2904 πάντως
771 2873 938 2908 μνηστεύση-

1011 1409 1072 1436 187.
1091 1409 1249 1436 Advocatus
1277 1407 1401 1443 quidam,
1434 1407 1554 1435 Joannes
1577 1409 1762 1441 nuncupatus,

974 1454 1016 1481 vir
1031 1454 1104 1489 pius,
1118 1458 1145 1481 et
1160 1453 1235 1481 fonte
1255 1453 1327 1486 vitae,
1344 1452 1392 1480 Dei
1413 1452 1518 1480 scilicet
1537 1451 1646 1484 timore,
1668 1451 1764 1478 admo-

975 1500 1040 1527 dum
1055 1500 1223 1532 delectatus;
1240 1508 1272 1527 ex
1291 1506 1361 1534 pago
1374 1498 1497 1534 quidem,
1511 1498 1573 1525 urbi
1589 1497 1766 1532 Antiochense

975 1547 1112 1582 subjecto,
1129 1546 1277 1577 oriundus,
1296 1551 1362 1572 tunc
1379 1552 1444 1572 vero
1472 1544 1500 1571 in
1528 1545 1587 1579 ipsa
1605 1543 1674 1571 urbe
1691 1551 1766 1571 com-

977 1600 1099 1622 morans,
1118 1591 1152 1618 ad
1170 1595 1295 1618 sanetum
1313 1590 1400 1622 venit,
1420 1598 1484 1618 cum
1503 1597 1593 1624 eoque
1610 1587 1766 1616 communi-

977 1638 1050 1664 cavit
1069 1637 1194 1672 quzedam
1220 1636 1255 1663 ad
1279 1644 1307 1663 se
1333 1636 1485 1670 spectantia
1510 1644 1516 1662 :
1549 1643 1648 1670 nempe
1673 1639 1766 1661 utrum

978 1683 1067 1717 ipsum
1092 1682 1281 1709 sanctissimus
1311 1681 1468 1717 patriarcha
1496 1681 1648 1708 Domninus
1681 1680 1767 1707 sacris

977 1727 1202 1762 presbyterorum
1229 1726 1375 1754 ordinibus
1395 1726 1569 1761 dignaturus,
1588 1729 1616 1752 et
1639 1733 1769 1760 quarum-

979 1772 1041 1799 dam
1059 1771 1149 1806 magni
1171 1772 1303 1799 momenti
1322 1779 1414 1799 rerum
1434 1771 1667 1806 expediendarum
1686 1778 1768 1798 causa

980 1817 1008 1845 in
1026 1818 1128 1853 regiam
1141 1817 1238 1845 urbem
1251 1818 1386 1845 missurus
1399 1822 1482 1845 esset.
1494 1817 1543 1844 liis
1553 1816 1693 1852 expositis,
1707 1824 1770 1844 ave-

980 1864 1036 1897 bat,
1055 1872 1118 1899 qua:
1142 1864 1192 1892 Dei
1217 1864 1344 1892 voluntas
1360 1868 1444 1897 esset,
1465 1863 1627 1899 intelligere.
1653 1862 1771 1891 Sanctus

980 1910 1013 1938 ad
1022 1910 1081 1937 hrce
1096 1909 1189 1937 animo
1201 1910 1362 1943 confidenti,
1374 1919 1428 1937 non
1437 1918 1518 1938 secus
1527 1918 1558 1937 ac
1567 1910 1589 1936 si
1603 1917 1695 1937 coram
1708 1915 1771 1936 ante

981 1956 1077 1990 oculos
1089 1955 1181 1983 omnia
1207 1955 1325 1982 fuissent
1355 1955 1455 1990 posita,
1486 1955 1657 1989 respondens
1685 1954 1770 1985 :Abi.

982 2002 1086 2036 inquit;
1100 2003 1163 2037 .jam
1184 2009 1258 2028 nunc
1278 2001 1351 2028 cnim
1376 2006 1554 2028 consecratus
1569 2008 1583 2027 a
1608 1998 1664 2027 Deo
1678 2008 1719 2029 es.
1743 2004 1773 2027 ut

983 2049 1010 2075 in
1042 2056 1151 2075 summo
1172 2047 1302 2075 Ecclesire
1331 2047 1643 2081 Constantinopolitanm
1673 2046 1773 2072 throno

983 2093 1150 2129 przesideas;
1165 2092 1238 2128 quod
1254 2092 1336 2119 velim
1353 2091 1400 2118 tibi
1412 2091 1462 2118 soli
1477 2092 1557 2124 scias,
1569 2090 1658 2118 donec
1671 2094 1772 2118 eventu

985 2139 1043 2173 ipso
1072 2138 1226 2165 innotescat
1251 2137 1321 2165 aliis.
1362 2136 1465 2164 Deinde
1501 2136 1630 2163 monebat
1663 2143 1773 2170 quoque

984 2188 1086 2218 quanta
1107 2183 1152 2210 illa
1172 2183 1291 2218 dignitas
1317 2186 1400 2213 esset,
1424 2189 1457 2209 ac
1482 2182 1577 2217 quales
1602 2189 1662 2208 eam
1684 2188 1775 2207 mores

984 2230 1123 2257 docerent.

1023 2273 1083 2301 lSS.
1110 2273 1240 2304 Joannes,
1272 2272 1476 2304 animadverso,
1503 2278 1586 2306 quam
1616 2271 1722 2298 facilem
1748 2271 1773 2297 in

986 2324 1048 2346 rota
1061 2327 1109 2346 sua
1123 2319 1265 2345 habuisset
1276 2324 1412 2350 sanctum,
1426 2319 1537 2353 rogabat
1550 2326 1644 2353 porro,
1655 2322 1685 2344 ut
1696 2318 1776 2353 signi-

988 2366 1082 2392 iicaret
1099 2365 1161 2399 quis
1180 2364 1340 2392 Justiniano
1366 2372 1511 2391 successor
1529 2364 1555 2391 in
1573 2364 1687 2398 imperio
1703 2364 1775 2391 futu-

987 2420 1035 2439 rus
1049 2416 1122 2439 esset
1139 2420 1146 2438 :
1164 2411 1208 2438 ille
1225 2411 1299 2438 enim
1318 2415 1384 2438 tunc
1410 2411 1607 2438 moderabatur
1629 2411 1775 2445 imperium

988 2459 1153 2486 Romanum.
1170 2457 1221 2485 Cui
1237 2462 1360 2489 sanctus,
1377 2457 1482 2484 indicto
1506 2457 1583 2492 prius
1609 2465 1717 2483 arcana:
1737 2457 1775 2483 rei

988 2505 1116 2531 silentio:
1131 2504 1266 2536 Justinus,
1283 2504 1381 2538 inquit.
1398 2503 1477 2530 liisce
1507 2503 1591 2538 igitur
1617 2502 1776 2532 intellectis.

988 2550 1131 2584 sanctique
1162 2549 1290 2584 precibus
1305 2549 1384 2583 quasi
1409 2548 1511 2575 viatico
1530 2548 1600 2574 bene
1627 2547 1778 2573 insirurlus

988 2600 1071 2630 atque
1087 2599 1223 2627 armatus,
1241 2595 1346 2622 lubenti
1361 2595 1454 2621 animo
1482 2594 1627 2629 presbyter
1652 2593 1777 2620 initiatus

990 2647 1045 2674 est,
1062 2646 1091 2669 et
1108 2641 1177 2676 pede
1193 2641 1275 2668 alacri
1303 2641 1335 2667 ad
1360 2640 1462 2675 regiam
1476 2639 1575 2666 urbem
1603 2648 1632 2666 se
1649 2639 1777 2666 contulit.

990 2689 1040 2717 llic
1057 2696 1119 2715 cum
1133 2693 1216 2720 esset,
1238 2687 1357 2714 habebat
1381 2687 1493 2721 quidem
1512 2686 1643 2713 ornnibus
1669 2685 1778 2712 occulta

990 2734 1132 2766 vaticinia,
1147 2733 1199 2761 sibi
1215 2741 1228 2760 a
1246 2733 1349 2760 fannilo
1368 2733 1414 2759 Dei
1432 2733 1568 2768 Symcone
1591 2731 1719 2763 reddita;
1734 2739 1778 2758 sa-

991 2780 1102 2816 tagebat
1117 2784 1208 2806 autem
1225 2779 1350 2806 studiose
1366 2779 1480 2813 (quanta
1504 2778 1531 2805 in
1546 2777 1675 2805 humanis
1703 2785 1779 2803 men-

991 2826 1065 2854 tibus
1078 2830 1125 2852 aut
1143 2824 1366 2860 pusillanimitas,
1383 2828 1430 2851 aut
1442 2832 1490 2862 sna
1510 2821 1777 2858 promovent“cupi-

991 2872 1170 2905 (lilasinesti)
1187 2876 1214 2897 ul
1244 2871 1269 2897 in
1300 2871 1426 2898 notitiam
1461 2870 1561 2898 Justini
1581 2870 1694 2897 veniens
1720 2870 1779 2902 ejus
