1966 3068
138 182 204 216 3161

661 181 745 211 VITA
768 181 789 209 Α
811 179 1026 210 NICEPIIORO
1045 180 1289 210 CONSCRIPTA.

1699 178 1770 211 3162

137 241 234 268 ἑαυτὸν
247 240 296 275 τὴν
312 239 436 275 βασιλίδα
454 239 530 266 πόλιν
551 238 738 266 καταλαϐόντα
764 239 810 264 καὶ
831 238 925 270 ὥσπερ

981 237 1035 271 zjus
1046 245 1115 264 uxor
1127 237 1228 272 Sophia
1237 237 1304 272 (47),
1318 245 1373 264 non
1388 241 1440 264 tam
1455 236 1505 263 viri
1521 244 1614 263 amore
1624 244 1705 272 quam
1718 245 1771 272 pu-

136 288 164 314 ἐν
175 287 212 321 τῷ
224 286 348 320 παλατίῳ
365 286 507 320 γεγονότα,
522 285 569 311 καὶ
592 285 626 311 τὰ
642 285 717 319 παρᾶ
732 283 779 310 τοῦ
800 283 926 310 Ἰουδαίου

135 333 308 369 γεγενημένα
332 332 480 367 θεώμενον,
509 331 659 366 ἀχθόμενόν
681 339 710 356 τε
739 331 807 371 πρὸς
827 330 925 362 ταῦτα,

136 380 181 406 καὶ
195 376 250 406 οἷον
271 380 320 405 οὐκ
334 379 435 405 ἀνεκτὰ
454 378 583 405 ποιοῦντα
602 386 608 392 ·
632 377 650 404 ἃ
663 377 709 403 καὶ
726 377 792 412 δῆλα
813 377 852 412 τῷ
872 385 927 403 πα-

135 427 254 461 τριάρχῃ
280 425 407 460 καθίστη,
423 426 470 452 καὶ
489 425 528 460 τῷ
549 423 664 459 βασιλεῖ,
679 423 716 456 ὡς
735 425 800 458 παρ’
821 424 926 450 ἐκείνου

134 471 393 507 διαμαρτύρεσθαι,
420 471 468 497 καὶ
496 471 657 506 παρεγγυᾷν
677 469 845 506 ἀποσχέσθαι
872 470 927 496 ’τῶν

135 517 263 543 τοιούτων
277 516 365 552 ἠξίου.

172 649 243 683 ριιακ
258 648 314 674 Καὶ
329 648 342 673 ὁ
364 648 412 682 μὲν
429 647 610 682 ἀπήγγελλεν,
622 648 653 674 οὺ
669 647 708 682 τῷ
724 647 830 682 βασιλεῖ
840 647 928 674 ταῦτα

138 695 227 728 μόνον,
243 693 311 720 ἀλλὰ
331 694 378 720 καὶ
391 695 423 728 τῇ
441 693 561 728 συζύγῳ,
612 695 661 720 καὶ
677 694 779 728 μᾶλλον
796 693 928 720 ἐσπουδά-

136 739 198 772 ζετο
207 741 240 766 τὰ
249 739 362 767 τοιαῦτα
372 748 378 755 ·
397 740 421 765 οί
433 740 461 765 δὲ
475 739 603 765 τοσοῦτον
616 739 729 775 ἐδέησαν
745 739 926 774 ἀποσχέσθαι,

136 788 191 823 ὅσῳ
211 788 256 814 καὶ
278 787 395 821 γυναῖκά
411 796 471 813 τινα
490 787 545 813 τῶν
563 787 802 822 ἐγγαστριμύθων,
825 787 854 813 αἳ
874 787 928 813 ἀπὸ

137 833 240 864 κοιλίας
274 833 394 868 φωνοῦσι
427 833 635 867 κενολογοῦσαι,
675 833 858 867 ὲπεισήγαγον
889 833 928 868 τῷ

141 879 270 914 νΕϐραίῳ,
286 875 361 913 ἑφίἷι
381 880 548 914 σαφέστερον
576 879 639 914 παρ’
658 880 765 913 ἐκείνης
788 879 873 914 αὐτῆς
895 880 928 906 τὰ

135 924 186 959 τῆς
208 925 286 951 νόσου
307 925 407 959 δηλαδὴ
431 924 625 960 γνωρισθῆναι.
653 922 699 956 Ai;
715 925 810 951 σκοτία
829 925 927 959 μᾶλλον

136 970 169 996 ὲκ
186 970 314 1004 μαντείας
330 969 416 999 ἔσται.
434 969 481 995 καὶ
498 969 621 995 δύσεται
635 970 651 995 ὁ
667 968 753 1002 ἥλιος
767 968 926 1000 ἐπάὺτὰς.

136 1015 186 1042 καὶ
202 1015 389 1042 συσκοτάσει
401 1014 447 1040 ἐπ’
463 1014 556 1047 αὐτὰς
571 1014 590 1048 ἡ
605 1014 709 1048 ἡμέρα,
728 1014 846 1048 Μιχαίας
865 1014 929 1046 περὶ

136 1062 226 1088 αὐτῶν
250 1063 264 1088 ὸ
284 1061 354 1092 θεῖος
370 1060 459 1090 καλῶς
477 1060 690 1096 προηγόρευσεν.
710 1060 754 1086 Ἐν
769 1060 887 1094 τοσούτῳ
900 1060 928 1086 δὲ

135 1108 197 1143 ὄψις
219 1108 345 1142 φαίνεται
371 1107 452 1133 πάλιν
477 1108 557 1141 ἑτέρα
580 1106 618 1142 τῷ
636 1106 763 1142 Συμεών·
790 1107 806 1141 ὴ
831 1107 860 1132 δὲ
882 1105 926 1141 ἦν·

135 1154 221 1185 Abte;
245 1153 295 1188 μὲν
309 1155 370 1184 ’τοῖς
392 1153 538 1188 βασιλείοις
558 1153 636 1184 αὖθις
652 1152 805 1186 ἐπιδημῶν,
823 1153 869 1178 κα¹ι
883 1152 928 1179 τὸν

136 1198 248 1234 βασιλέα
264 1199 346 1234 ὁρῶν,
361 1200 389 1224 ὲν
403 1196 478 1233 ᾧπερ
494 1198 584 1224 εἰώθει
598 1199 674 1233 τόπῳ
691 1200 753 1230 τοὺς
767 1199 929 1234 προσιόντας

134 1245 290 1280 δεχόμενον.
317 1244 507 1278 Διανοιγέντας
531 1243 558 1270 δὲ
582 1243 680 1270 αὐτίκα
704 1245 767 1275 τοὺς
786 1244 927 1279 οὐρανοὺς.

134 1290 182 1316 καί
195 1299 256 1317 τινα
269 1290 344 1316 θείαν
359 1290 464 1316 ἐκεῖθεν
479 1290 594 1324 δύναμιν
606 1289 801 1323 κατελθοῦσαν,
819 1291 929 1325 περιδύ-

134 1336 220 1362 σασάν
229 1345 257 1362 τε
274 1335 356 1362 αὑτὸν
376 1336 425 1370 τὴν
439 1336 583 1371 βασιλικὴν
598 1336 711 1370 ἐσθῆτα,
726 1336 756 1362 τό
767 1345 796 1362 τε
810 1335 929 1371 διάδημα

132 1382 181 1416 τῆς
198 1381 320 1417 κεφαλῆς
332 1381 494 1415 ἀφελοῦσαν,
513 1381 660 1416 Ἐσο,πρδς
674 1382 755 1408 αὑτὸν
767 1382 929 1416 φάναι,τέως

133 1428 251 1454 ἐνταῦθα
269 1427 342 1462 πάσῃ
364 1427 473 1462 γλώσσῃ
493 1428 626 1463 διήγημα,
641 1427 738 1462 ψεῦδος
762 1427 811 1463 τὴν
833 1428 929 1455 ἐλπίδα

133 1473 256 1508 θέμενος,
279 1474 325 1500 καὶ
353 1473 390 1508 μὴ
414 1473 474 1508 Θεῷ
498 1474 532 1500 τὰ
561 1473 623 1500 καθ’
647 1473 743 1500 ἑαυτὸν
767 1474 927 1510 ἐπιτρέψας,

133 1519 203 1545 ἀλλὰ
213 1519 321 1554 δαίμοσι
337 1519 438 1554 μᾶλλον
458 1520 506 1546 καὶ
521 1519 656 1554 δαιμόνων
675 1520 826 1554 ἐνεργείαις
844 1528 929 1555 προσ-

979 282 1178 314 sillanimitate,
1197 287 1291 317 utpote
1306 282 1332 310 in
1347 283 1417 309 hanc
1437 291 1470 309 ex
1486 282 1531 309 illa
1545 282 1676 315 deducta)
1701 290 1770 308 con-

979 328 1169 362 spicitseipse
1184 329 1304 363 Symeon
1321 329 1410 356 media
1422 329 1466 356 die
1487 329 1514 355 in
1541 330 1647 363 regiam
1673 329 1771 356 urbem

979 373 1113 404 delatum.
1133 373 1160 400 in
1190 374 1250 408 ipso
1273 374 1359 400 veluti
1385 374 1487 408 palatio
1513 379 1614 406 astare,
1632 379 1715 408 atque
1729 375 1772 400 in-

979 419 1085 454 spicere
1102 427 1163 454 qme
1188 428 1203 447 a
1228 421 1322 448 Judzeo
1340 421 1461 453 ﬁebant;
1487 421 1613 448 indolerc
1636 421 1718 448 etiam
1737 422 1771 448 ad

978 466 1046 497 visa,
1067 469 1092 492 el
1125 474 1180 492 non
1205 465 1317 494 ferenda
1342 467 1468 501 judicare
1493 476 1499 493 :
1527 475 1587 502 quae
1609 467 1772 502 patriarchae

978 512 1061 539 etiam
1074 511 1217 539 manifesta
1230 520 1290 539 esse
1300 513 1398 543 voluit,
1415 513 1573 548 rogavitque
1584 518 1613 540 ut
1625 513 1773 548 imperato-

979 565 1036 584 rem
1050 565 1064 584 a
1083 565 1112 584 se
1129 557 1315 584 obtestarclur
1331 563 1413 592 atque
1427 558 1598 589 hortaretur,
1616 554 1771 585 istiusmodi

979 601 1146 637 impietatem
1159 602 1269 629 missam
1281 603 1390 629 faceret.

1015 646 1076 673 191.
1104 646 1179 673 Tulit
1218 647 1375 681 patriarcha
1408 655 1462 674 nou
1494 647 1582 674 solum
1611 646 1771 681 imperatori

978 692 1114 727 ejusmodi
1137 693 1276 724 nuntium,
1293 701 1388 720 verum
1402 693 1484 720 etiam
1509 694 1617 728 conjugt
1634 694 1703 727 ejus,
1723 693 1774 720 im-

978 737 1091 772 pensius
1120 737 1275 764 istiusmodi
1303 737 1383 772 nugis
1411 738 1521 765 deditte.
1554 738 1607 765 Sed
1644 738 1681 764 illi
1713 742 1773 764 tau-
1795 739 1802 755 τ’

979 787 1036 809 tum
1069 784 1147 810 abest
1176 787 1205 810 ut
1234 783 1431 814 abstinuerint,
1457 788 1487 810 ut
1517 784 1598 810 etiam
1628 783 1771 810 umliercm

979 830 1126 865 quamdam
1148 837 1181 856 ex
1206 837 1301 856 earum
1327 837 1442 856 numero
1466 837 1527 863 qua:
1543 830 1576 856 dc
1592 834 1687 856 ventre
1712 830 1770 856 ina-

980 884 1042 903 uem
1057 884 1213 904 sermonem
1228 875 1347 903 reddunt
1361 876 1430 911 (48),
1452 876 1485 903 ad
1510 876 1653 902 Hebratum
1669 876 1771 911 allegav

982 923 1047 953 rint,
1063 927 1092 949 ut
1109 930 1158 957 per
1178 930 1237 949 eam
1264 923 1384 949 certiora
1407 922 1442 949 de
1463 922 1560 949 morbo
1575 929 1773 956 cognosceren-

983 973 1038 995 tur.
1064 968 1165 994 Verum
1190 967 1224 994 de
1258 967 1358 994 talibus
1393 971 1466 993 recte
1487 966 1612 1001 prmdixit
1636 965 1773 994 Michazas.

980 1013 1052 1048 quod
1085 1013 1206 1040 tenebrae
1232 1013 1274 1040 eis
1300 1021 1333 1040 ex
1359 1012 1528 1040 divinatione
1550 1016 1650 1043 erunt,
1680 1015 1705 1037 et
1731 1020 1774 1037 oc-

979 1060 1080 1086 cumbet
1104 1059 1144 1087 sol
1171 1068 1251 1094 super
1267 1068 1322 1091 eas,
1349 1063 1373 1085 et
1402 1058 1607 1085 contenebrescet
1628 1066 1707 1092 super
1728 1065 1772 1084 eos

958 1112 969 1122 "
979 1107 1033 1134 dies
1044 1108 1077 1134 ³⁸.
1093 1107 1199 1134 Interea
1212 1106 1342 1142 Symeoni
1354 1106 1406 1133 alia
1423 1112 1534 1132 rursum
1546 1104 1616 1131 visio
1628 1104 1772 1139 obiicitur,

979 1158 1096 1188 eratque
1111 1154 1183 1180 talis.
1199 1153 1259 1187 Ipse
1275 1153 1375 1180 iterum
1393 1152 1426 1179 ad
1442 1151 1575 1186 palatium
1597 1150 1773 1185 imperatoris

979 1200 1099 1231 delatus,
1113 1199 1243 1227 cernebat
1254 1199 1354 1233 ipsum.
1368 1206 1423 1233 quo
1434 1201 1615 1225 consueverat
1626 1197 1696 1227 loco,
1708 1196 1774 1223 alfa-

980 1250 1037 1272 tum
1048 1250 1174 1280 petentes
1188 1245 1315 1279 excipere
1328 1253 1334 1271 :
1353 1244 1484 1271 cernebat
1498 1243 1581 1270 etiam
1594 1251 1656 1270 mox
1671 1243 1773 1276 apertis

980 1291 1058 1318 cmlis
1080 1290 1220 1325 delapsam
1243 1290 1307 1317 inde
1330 1289 1476 1324 quamdam
1495 1289 1625 1315 virtutem
1640 1288 1772 1318 divinam,

980 1343 1042 1370 qua:
1061 1343 1165 1363 exuens
1184 1336 1379 1370 imperatorem
1401 1340 1478 1362 veste
1494 1335 1589 1370 regali.
1604 1338 1631 1361 et
1646 1333 1774 1361 auferens

980 1381 1079 1416 capitis
1094 1381 1231 1413 diadema,
1257 1381 1367 1408 dicebat
1388 1381 1450 1408 illi:
1475 1381 1541 1408 Esto
1567 1382 1658 1408 fabula
1681 1382 1774 1408 inore

980 1428 1072 1455 omnis
1082 1428 1188 1463 populi,
1205 1428 1270 1463 quia
1282 1428 1398 1462 posuisti
1414 1428 1586 1455 mendacium
1600 1435 1675 1458 spelit
1689 1431 1773 1460 tuam,

979 1477 1008 1501 et
1023 1479 1049 1500 te
1064 1477 1166 1508 tuaque
1186 1482 1241 1500 non
1257 1474 1418 1501 commisisti
1437 1475 1503 1507 Deo,
1523 1474 1570 1501 sed
1591 1473 1708 1500 dmmoui
1727 1482 1775 1508 p0-

983 1519 1039 1547 tius
1054 1520 1170 1555 ejusque
1191 1520 1298 1547 artibus
1311 1520 1453 1555 praebuisti
1473 1528 1563 1547 aures.
1581 1520 1647 1553 Qua:
1665 1524 1776 1548 sanctus

947 906 966 932 Β

131 1564 256 1600 εσχηκώς
267 1573 274 1581 ·
290 1566 304 1592 ὃ
321 1565 389 1600 πρός
406 1574 436 1592 τε
453 1566 515 1597 τοὺς
527 1566 668 1600 παρόντας
686 1566 701 1592 ὁ
715 1566 827 1599 Συμεὼν
842 1567 870 1592 ἐν
882 1565 924 1592 δά-

981 1575 1042 1595 cum
1061 1567 1190 1603 lacrymis
1202 1571 1230 1594 et
1243 1567 1337 1594 dolore
1354 1575 1416 1594 cum
1430 1567 1612 1602 prcesentibus
1622 1567 1776 1594 communi-

134 1619 231 1645 κρυσιν
245 1611 352 1647 εἰρήκει
367 1613 415 1638 καὶ
428 1612 541 1647 καρδίας
557 1612 638 1647 ὀδύνῃ
651 1619 658 1627 ·
677 1611 716 1647 τῷ
727 1621 756 1638 τε
773 1613 928 1648 πατριάρχῃ

108 1654 114 1666 ί
132 1657 178 1684 τὸν
194 1657 275 1683 αὐτὸν
291 1657 422 1692 ἐγνώρισε
433 1658 545 1692 τρόπον,
561 1659 607 1684 καὶ
623 1658 670 1685 τοῦ
687 1659 785 1694 μηκέτι
802 1659 870 1693 πρὸς
881 1659 930 1685 αὺ-

131 1703 178 1730 τὸν
199 1703 263 1738 περὶ
281 1702 329 1729 τοῦ
348 1702 479 1737 βασιλέως
498 1704 666 1737 προσθεῖναι.
689 1705 727 1730 Οὐ
754 1704 822 1731 πολὺ
851 1705 880 1731 τὸ
900 1705 929 1731 ὲν

134 1748 221 1783 μέσῳ,
237 1748 283 1775 καὶ
303 1749 380 1784 φήμη
397 1749 467 1776 κατὰ
488 1750 578 1784 πάσης
596 1749 709 1784 ἠπείρου
728 1749 775 1776 καὶ
792 1750 929 1785 θαλάσσης

132 1793 240 1829 ἐχώρει,
255 1795 417 1830 διεφθάρθαι
431 1795 476 1821 τὸν
494 1795 607 1830 βασιλέα
622 1796 670 1828 τὰς
688 1795 799 1832 φρένας,
814 1796 929 1823 κατόπιν

133 1838 162 1865 δὲ
176 1839 223 1865 καὶ
239 1839 354 1871 θάνατος
366 1840 469 1868 εἵπετο.

170 1883 239 1918 ριιβ’.
267 1884 419 1919 Εὑξὼμεθα
444 1884 508 1919 περὶ
534 1884 583 1920 τῆς
604 1885 675 1912 κατὰ
698 1885 746 1920 τὴν
764 1885 929 1920 Ἀντιόχειαν

140 1929 317 1964 Ἐκκλησίας.
333 1930 453 1965 ἀδελφοὶ,
471 1930 538 1966 φησί
554 1940 618 1958 ποτε
636 1932 705 1967 πρὸς
724 1933 787 1963 τοὺς
804 1932 929 1967 μαθητὰς

131 1976 147 2002 ὁ
170 1975 242 2010 ίερδς
261 1976 384 2011 Συμεών.
405 1976 530 2003 Ἔδόκουν
554 1977 608 2012 γὰρ
628 1977 673 2004 τὸν
691 1978 830 2013 πρόεδρον]
843 1978 928 2013 αὐτῆς

133 2023 262 2056 Δομνῐνον
285 2023 350 2058 ὁρᾷν
376 2023 422 2048 ἐπὶ
446 2024 477 2049 τὸ
494 2022 687 2058 θυσιαστήριον
710 2023 859 2057 ἀναϐάντα,
881 2025 928 2051 καὶ

133 2067 197 2102 τῇδε
220 2067 362 2095 τεθεικότα
389 2069 495 2102 ἑαυτὸν,
520 2069 567 2095 καὶ
589 2070 670 2096 οἱονεὶ
701 2070 843 2105 ρἐχοντα,
868 2069 928 2097 εἶτα

135 2110 241 2139 ἐκεῖθεν
263 2114 482 2150 καταϐεϐηκότα,
501 2115 550 2142 καὶ
571 2115 647 2151 δεξιᾷ
667 2115 714 2142 τοῦ
734 2116 928 2151 θυσιαστηρίου

134 2159 289 2193 ἱστάμενον.
301 2160 338 2186 Te
353 2160 403 2194 μὲν
420 2158 467 2187 οὖν
483 2161 594 2196 πλῆθος,
609 2162 657 2188 καὶ
670 2162 726 2188 ὅσοι
743 2161 790 2188 τοῦ
809 2161 929 2197 βήματος

131 2205 315 2239 ἀναμένοντες
332 2203 413 2240 ἦσαν,
430 2207 513 2242 εὐχὴν
525 2208 660 2235 ἐπιτελεῖν
675 2208 721 2235 τὸν
736 2209 820 2244 ἄνδρα
833 2209 927 2244 οἰόμε-

130 2258 184 2278 νοι.
204 2251 259 2276 Καὶ
273 2250 318 2277 τον
336 2251 395 2285 μὲν,
411 2254 443 2287 τῇ
458 2252 546 2287 τοιᾷδε
563 2254 657 2280 στάσει
677 2254 758 2289 μέχρι
778 2255 851 2286 τινος
867 2255 929 2281 ὲπι-

132 2295 275 2331 μείναντα,
288 2298 456 2332 υίχήσομαι,
470 2299 565 2332 φάναι,
583 2299 652 2335 πρὸς
672 2300 718 2327 τὸν
734 2299 852 2335 ἐμαυτοῦ
868 2309 927 2327 κοι-

131 2342 266 2369 τωνίσκον
278 2350 285 2358 ·
301 2343 498 2376 Παλαιστινοὺς
513 2345 541 2371 δὲ
558 2355 635 2378 τινας
646 2347 778 2381 μοναχοὺς
791 2348 840 2382 τὴν
852 2347 927 2374 θείαν

131 2387 288 2415 ἐπιτελέσαι
301 2390 507 2424 μυσταγωγίαν.
526 2391 606 2425 Ἦξῆς
619 2392 648 2418 δὲ
663 2393 711 2419 καὶ
725 2392 774 2428 τὴν
784 2393 862 2420 λύσιν
876 2394 927 2419 ἐπ-

131 2434 210 2468 ῆγεν,
240 2434 278 2466 ὡς
305 2435 359 2470 ἄρα
385 2436 543 2472 τελευτήσει
572 2438 622 2473 μὲν
646 2440 773 2474 Δομνῖνος
795 2441 839 2466 τὸν
858 2439 925 2475 βίον,

132 2481 249 2516 μοναχδς
273 2481 302 2508 δέ
327 2490 370 2514 τις
398 2482 429 2509 τὸ
455 2483 533 2518 γένος
562 2485 594 2510 ἐκ
620 2485 801 2521 Παλαιστίνης
827 2487 925 2519 ἕλκων,

169 2573 190 2590 ³⁵
211 2573 292 2602 Mich.
317 2582 357 2607 ιιι,
378 2574 405 2602 6.

168 2653 224 2690 (ιη)
254 2653 296 2680 Ex
324 2653 426 2688 Sophia
444 2655 554 2690 conjuge
577 2654 678 2682 Justini
698 2655 784 2690 ﬁliam
814 2657 919 2683 unicam

131 2688 268 2725 Arabiam
282 2694 429 2725 agnoscunt
445 2688 560 2716 Codin'us
577 2691 687 2725 aliique,
698 2688 778 2725 apud
791 2690 921 2725 Cangium

131 2725 159 2761 i_n
174 2722 479 2761 Eamiliisr'ligzantinis,
504 2722 695 2760 conjectautvm
716 2722 784 2752 lianc
797 2722 922 2761 assequar

131 2758 267 2795 {Induat-io
282 2758 378 2794 juncta
396 2764 453 2786 erat
468 2768 528 2786 cum
550 2758 587 2787 od
608 2761 749 2795 imperium
771 2758 923 2788 cev/teretur

130 2793 376 2832 [ustinusfquare
398 2795 538 2832 Iticqiljlmn‘
553 2796 602 2822 sibi
625 2793 685 2823 mox
707 2797 735 2822 in
753 2795 924 2832 Curapoloue

131 2829 219 2866 locum
235 2829 388 2866 substituit:
406 2830 452 2856 sed
465 2831 511 2857 hoc
530 2830 584 2857 ιοεο
598 2832 700 2858 videtur
722 2832 765 2866 agi
787 2829 926 2866 Ne'puellu

131 2863 217 2890 ιιάΙιιιε
242 2864 367 2900 innupta,
387 2866 463 2900 cujus
488 2867 613 2893 memoria
640 2867 667 2893 in
687 2863 846 2893 Imc'solun'i
871 2867 926 2894 Vita

131 2900 256 2933 supersit,
285 2909 378 2927 nomen
405 2905 490 2928 autem
511 2901 603 2928 oblivio
627 2902 761 2935 sr'pclivil;
785 2903 926 2930 nisimalis

981 1613 1071 1645 cavit;
1087 1617 1115 1640 et
1128 1613 1311 1647 patriarcham
1323 1613 1358 1640 de
1373 1613 1457 1640 totius
1469 1613 1508 1640 rei
1524 1613 1622 1640 ordine
1635 1613 1774 1645 instruxit,

982 1662 1011 1685 ut
1037 1665 1073 1685 ne
1095 1658 1161 1692 quid
1191 1657 1371 1692 imposterum
1402 1657 1430 1684 in
1458 1658 1579 1684 favorem
1601 1657 1776 1692 imperatoris

980 1708 1149 1739 proponeret
1161 1703 1226 1731 sibi.
1244 1703 1380 1738 Exiguum
1402 1711 1486 1738 porro
1507 1703 1640 1738 temporis
1656 1703 1775 1738 spatium

980 1750 1156 1785 interjcetum
1172 1749 1235 1782 fuit,
1259 1758 1322 1777 cum
1347 1750 1418 1777 fama
1434 1758 1482 1785 per
1499 1754 1583 1777 totam
1601 1750 1714 1784 Epirum
1747 1754 1776 1777 et

981 1804 1057 1823 mare
1083 1797 1233 1829 etuanavit,
1251 1796 1446 1831 imperatorem
1459 1801 1551 1823 mente
1567 1800 1678 1831 captum
1693 1803 1774 1824 esse:

979 1842 1053 1876 quod
1070 1842 1171 1869 deinde
1190 1846 1338 1869 consecuta
1363 1849 1438 1868 mors
1462 1846 1505 1868 est
1522 1842 1589 1876 (49).

1019 1887 1078 1914 192.
1098 1887 1214 1914 Oremus
1232 1895 1283 1922 pro
1308 1887 1434 1914 Eculcsia
1461 1887 1645 1919 Antiochena,
1671 1887 1776 1922 inquie-

979 1933 1026 1960 bat
1043 1933 1191 1967 aliquando
1207 1932 1352 1968 discipulis
1368 1932 1426 1959 suis
1443 1937 1553 1960 sanctus
1567 1933 1684 1968 Symeon
1702 1941 1708 1958 :
1734 1932 1777 1959 vi-

980 1979 1065 2006 debar
1078 1979 1152 2005 enim
1165 1978 1233 2005 mihi
1244 1978 1351 2007 videre.
1365 1978 1516 2006 antistitem
1526 1978 1601 2006 illius
1610 1978 1775 2005 Domninum

980 2025 1066 2051 altare
1085 2024 1282 2056 conscendere,
1309 2025 1410 2051 ibidem
1437 2033 1465 2051 se
1484 2025 1631 2055 collocare,
1649 2029 1677 2051 et
1691 2025 1776 2052 veluti

980 2071 1101 2098 ronchos
1121 2071 1245 2103 ducere;
1261 2075 1356 2105 postea
1380 2079 1447 2097 vero
1460 2069 1523 2097 inde
1548 2070 1727 2101 descendere,
1746 2075 1776 2097 et

980 2116 1092 2143 dextera
1110 2116 1206 2143 altaris
1227 2121 1304 2151 parte
1317 2116 1482 2147 consistere,
1500 2114 1676 2142 existimaute
1704 2115 1776 2143 inte~

981 2162 1034 2189 rim
1050 2163 1200 2190 astantium
1218 2162 1298 2189 turba
1312 2162 1389 2189 illum
1406 2162 1531 2196 precari;
1554 2160 1652 2188 eodem
1669 2161 1696 2188 in
1716 2162 1777 2188 loco

981 2216 1065 2244 porro
1092 2209 1181 2244 ipsum
1207 2209 1367 2244 aliquandiu
1395 2212 1629 2243 perseverantem,
1657 2207 1774 2234 dicere:

947 2257 967 2283 Ι)
981 2256 1138 2283 Concedam
1164 2256 1197 2284 ad
1223 2257 1355 2284 lectulum
1375 2264 1465 2283 meum
1490 2265 1496 2282 :
1517 2256 1669 2283 monachos
1684 2260 1776 2283 autem

982 2301 1116 2336 quosdam
1140 2309 1174 2329 ex
1200 2301 1344 2329 Palaestina
1374 2306 1581 2329 sacrosanctum
1612 2301 1777 2328 sacriﬁcium

982 2347 1157 2382 persolvisse.
1167 2347 1271 2375 Deinde
1280 2351 1308 2374 et
1318 2347 1530 2382 explicationem
1541 2347 1657 2374 visionis
1667 2347 1776 2383 adjecit,

981 2394 1119 2429 quomodo
1131 2402 1230 2429 nempe
1245 2394 1375 2421 ﬁniturus
1389 2394 1473 2421 vitam
1498 2393 1661 2425 Domniuus,
1676 2397 1704 2420 et
1722 2401 1779 2419 mo-

982 2442 1087 2468 nachus
1103 2441 1227 2476 quidam,
1240 2450 1254 2468 e
1268 2441 1412 2468 Palmstina
1427 2448 1514 2476 genus
1530 2440 1645 2469 ducens,
1662 2440 1688 2466 in
1702 2439 1778 2473 thro-

981 2495 1048 2514 num
1071 2487 1146 2514 illius
1170 2487 1344 2515 inducendus
1366 2493 1449 2514 esset.
1466 2486 1543 2520 Quod
1569 2493 1624 2513 ιιοιι
1650 2485 1696 2512 diu
1719 2489 1779 2520 post

975 2656 1105 2685 Boduarii
1124 2665 1234 2684 uxorem
1255 2666 1418 2692 anonymam
1448 2656 1606 2692 relinquere,
1624 2660 1648 2681 et
1673 2655 1777 2692 Ambit;

976 2693 1061 2720 adhuc
1072 2694 1191 2728 innuptw
1206 2691 1425 2727 stuluumj'uisse,
1440 2700 1498 2726 qua:
1511 2693 1534 2719 ei
1547 2691 1776 2728 Constantinopoli

978 2736 1031 2755 una
1052 2737 1110 2755 cum
1127 2733 1268 2762 parentum
1288 2728 1382 2755 slaluis
1405 2728 1489 2761 posita
1509 2735 1566 2753 esse
1583 2727 1717 2753 scribitur.

1013 2763 1069 2797 (48)
1086 2761 1316 2798 Ἐγγαστρίμυθοι
1339 2764 1366 2789 in
1389 2763 1498 2789 decretis
1524 2762 1648 2790 Gratiani
1668 2761 1775 2788 ventri-

980 2798 1067 2833 loqui.
1097 2799 1124 2825 iu
1144 2798 1289 2833 Scripturis
1309 2799 1447 2834 Pythones
1471 2806 1501 2825 ac
1522 2798 1700 2833 Pyllionissm,
1731 2804 1778 2832 per

981 2842 1092 2869 quarunt
1117 2839 1234 2861 ventrem
1252 2834 1354 2861 dwmon
1379 2842 1503 2867 responsa
1519 2833 1582 2860 edit.

1017 2870 1072 2904 (49)
1089 2869 1158 2897 Obiit
1177 2869 1299 2896 Justinus
1323 2877 1393 2896 anno
1411 2869 1473 2900 578,
1499 2876 1586 2895 mense
1608 2867 1724 2896 Octobri.
