1966 3068
129 175 157 210 3'!
164 179 179 209 ί]
184 179 197 207 ἶ)

624 180 714 212 VITA
735 181 758 210 Ᾱ
778 181 996 212 NlCEPllORO
1016 182 1257 215 CONSCRIPTA.

1689 185 1762 216 3170

129 238 173 261 λον
186 232 220 270 ἦν
233 234 393 270 (γειτόνημα
405 235 460 269 γὰρ
470 237 503 270 τῇ
518 235 629 269 γυναικὶ
650 235 697 262 καὶ
707 231 785 266 οὗτος
804 236 833 261 οὐ
850 243 914 270 χρη-

975 237 1053 266 vinus
1064 243 1124 266 erat
1137 239 1245 266 mulieri
1262 247 1316 266 non
1332 239 1430 270 bonus)
1445 239 1490 266 illa
1503 239 1645 274 promissis
1663 240 1761 272 sancti,

129 281 191 307 στὸν
204 281 351 315 ἐτύγχανεν
366 281 427 315 ὢν),
445 281 534 316 ὲκείνη
550 283 608 313 ταῖς
620 282 666 307 τοῦ
677 281 789 315 Συμεὼν
800 282 917 314 ἐπαγγε-

127 327 199 358 λίαις
231 327 268 357 ὡς
290 327 338 362 ἤδη
363 328 560 362 γεγενημέναις
575 327 771 363 ἐπιθπρροὖσα,
795 326 917 361 Εὖρηκα,

129 372 215 406 ἔλεγε,
233 373 279 399 καὶ
295 373 328 399 τὰ
343 373 407 407 ἐμὰ,
424 374 474 399 κάν
484 373 523 408 τῷ
536 373 595 408 ἐμῷ
610 373 698 400 πάντα
712 374 757 399 νῦν
772 373 917 399 ἀπόκειται

126 419 254 453 ταμιείῳ.
275 418 304 444 Ὀ
326 419 416 453 μέντοι
437 419 471 445 τὰ
490 419 637 454 κλέμματα
651 420 731 454 ἔχων.
751 419 816 453 παρ’
830 417 918 451 ἑαυτῷ

127 463 235 488 κεῖσθαι
261 464 348 490 ταῦτα
379 464 480 497 μᾶλλον
505 464 597 495 εἰδὼς,
627 465 682 498 ὅσῳ
707 463 918 499 περιεργότερον

127 510 302 540 ἐπυνθάνετο,
318 510 437 545 τοσούτῳ
450 510 530 536 πλέον
541 507 574 545 ἧν
588 509 771 544 διαχλευάζων
783 508 842 535 καθ’
856 508 919 534 ἑαυ-

126 555 172 581 τὸν
187 555 216 581 τδ
231 558 347 590 πρᾶγμα
367 557 414 582 καὶ
430 557 615 591 μυκτηρέςων,
632 556 678 583 καὶ
692 556 765 592 σαφῆ
779 557 918 590 τιθέμενος

126 601 249 634 γέλωτα’
261 601 318 627 ἀλλ’
330 602 369 633 εἰς
384 603 482 636 μανίαν
497 603 578 634 εὐθὺς
592 603 606 628 ὁ
627 603 736 638 μυκτὴρ
754 603 916 637 μετεϐάλλε-

126 656 166 677 το,
182 648 229 674 καὶ
239 648 375 674 διαπετῶν
386 647 419 684 ἦν
433 650 447 674 ὁ
460 648 551 679 ἄθλιος
563 649 610 680 τὰς
623 650 728 684 χεῖρας,
745 650 791 676 καὶ
802 650 917 682 δάκνων,

127 695 172 720 καὶ
192 693 335 726 ὁλολύζων,
354 695 403 730 τήν
418 703 448 720 τε
464 695 567 729 κλοπὴν
581 695 836 729 ἐξομολογούμενος,
851 697 918 722 ὅπου

126 748 153 765 τε
168 740 200 765 τὰ
216 739 305 774 φώρια
327 740 370 774 εἴη
390 739 509 774 μηνύων,
525 741 572 767 καὶ
588 741 638 767 ὅσα
658 740 711 767 τῶν
729 741 919 775 δαιμονώντων

125 786 230 817 οὐδενος
250 787 431 821 ἀπεχόμενος.
453 786 494 812 Τὰ
519 786 568 821 μὲν
589 785 635 813 οὖν
655 787 800 821 κλέμματα
817 788 918 823 ἠνέχθη

126 834 215 859 πάντα
228 834 259 868 τῇ
277 833 396 866 γυναικὶ,
418 833 466 866 οὐχ
482 831 500 858 ἃ
516 833 667 867 τηνικαῦτα
686 834 775 867 μόνον,
795 834 852 860 ἀλλ’
868 835 918 860 ὅσα

125 880 171 905 καὶ
183 879 279 914 πρώην
291 878 468 904 ἀπολωλέκει.
489 879 517 904 '0
529 878 556 904 δὲ
568 878 654 905 ταῦτα
665 879 785 914 συλήσας
799 879 918 913 ὑπέμενε

124 923 270 958 δαιμονῶν,
291 923 338 949 καὶ
354 923 431 954 δίκας
448 923 542 958 ὥσπερ
558 924 691 958 τοσαύτης
711 924 819 955 ἀδικίας
843 924 915 951 ὲκτὲ-
936 915 954 942 Β

124 978 194 996 νων·
220 969 272 1000 ἕως
298 969 370 995 ἔλεον
386 968 467 995 αὐτοῦ
489 969 627 1000 λαϐόντες,
644 970 693 1004 οὐχ
714 969 771 996 ὅσοι
784 970 917 1004 παρόντες

125 1013 206 1050 ἦσαν,
222 1013 290 1041 ἀλλὰ
309 1014 356 1040 καὶ
368 1015 436 1049 αὐτὴ
453 1015 501 1041 σὺν
515 1014 628 1046 ἐκεινοις
643 1016 660 1050 ἡ
676 1017 724 1050 τὴν
736 1015 840 1051 κλοπὴν
853 1016 918 1042 ὑπο-

128 1061 225 1100 στᾶσα,
237 1062 340 1092 κοιναῖς
355 1061 422 1094 πρὸς
438 1060 503 1087 Θεὸν
520 1060 567 1087 καὶ
583 1060 628 1086 τὸν
643 1060 753 1096 ἔλεγχον
768 1061 815 1087 τοῦ
831 1061 916 1088 κακοῦ

127 1107 240 1142 Συμεὼν
256 1108 375 1142 ἐχρῶντο
384 1107 479 1138 λιταῖς,
491 1107 590 1138 κοινοῖς
600 1107 730 1142 δάκρυσιν
741 1115 748 1122 ·
763 1104 804 1139 οἷς
819 1108 917 1134 αὐτίκα

124 1152 174 1178 καὶ
186 1151 216 1178 τὸ
230 1152 340 1187 αἰτηθὲν
352 1152 504 1186 ἠκολούθει,
521 1152 569 1179 καὶ
582 1152 628 1179 τοῦ
639 1153 764 1188 δαίμονος
777 1154 791 1179 ὁ
805 1152 917 1187 πάσχων

122 1202 291 1237 ἀπήλλακτο.
311 1203 399 1229 κοινὸν
428 1203 566 1238 παίδευμα
590 1204 658 1229 πᾶσι
684 1203 752 1238 πρὸς
773 1202 916 1237 ἀποφυγὴν

122 1248 225 1279 -κακὶας
241 1249 435 1283 γεγενημένος.

161 1293 193 1320 o'.
217 1294 390 1329 Ἑλυμαίνετό
412 1303 454 1326 τις
478 1295 526 1324 σῦς
543 1295 574 1321 ἐκ
596 1294 701 1330 δρυμοῦ
719 1295 781 1326 τοὺς
802 1295 907 1330 ἀγροὺς

123 1340 174 1374 ’τῆς
205 1341 281 1367 κάτω
302 1341 396 1374 μονῆς,
413 1340 459 1367 καὶ
482 1342 522 1372 εἰς
544 1341 702 1376 ἀμηχανίαν
725 1341 823 1377 κομιδῇ
847 1343 913 1373 τοὺς

127 1387 260 1421 μοναχοὶς
283 1387 409 1421 περιίστη
423 1394 429 1401 ·
451 1386 647 1422 προσελθόντες
674 1387 765 1413 τοίνυν
785 1388 824 1422 τῷ
851 1387 915 1422 ἱερῷ

123 1431 248 1466 Συμεὼν,
269 1432 374 1458 ἐδέοντο
399 1432 494 1459 τοῦτον
515 1434 547 1459 ἐκ
562 1433 608 1459 τοῦ
629 1433 711 1468 μέσου
727 1434 866 1466 γενέσθαι.
886 1434 916 1460 Ὀ

124 1478 163 1507 δὲ,
180 1479 242 1510 Τοῖς
268 1479 298 1512 ἐξ
328 1479 390 1513 ὅλης
410 1478 511 1514 ἰσχύος,
533 1479 596 1513 ἔφη.
611 1480 657 1506 τὸν
685 1480 751 1506 Θεὸν
771 1480 915 1514 ἀγαπῶσιν

123 1522 311 1548 ὑποτέτακται
337 1523 436 1554 πάντα,
451 1523 487 1555 ὡς
505 1523 553 1549 καὶ
568 1524 621 1559 πρὸ
634 1525 683 1559 τῆς
705 1525 849 1560 παρακοῆς
866 1526 914 1552 τοῦ

131 1569 228 1614 ξΛδάμ.
249 1569 342 1600 Οὕτως
365 1567 411 1596 οὗν
434 1570 526 1604 ἔχουσι
547 1570 594 1596 καὶ
614 1570 678 1605 ὑμῖν
706 1570 849 1605 δοθήσεται
874 1572 914 1602 εις
928 1585 948 1614 c

126 1613 212 1648 θήραν
240 1614 330 1640 ὀδοῦσι
356 1615 438 1649 θηρδς
458 1616 554 1649 ἐτέρου
584 1616 664 1642 πάλιν
685 1617 699 1642 ὁ
721 1616 820 1652 κείρων
848 1617 913 1648 ’τοὺς

126 1659 276 1693 ὑμετέρους
289 1659 404 1693 ἀγροὺς,
418 1660 466 1685 καὶ
486 1660 582 1686 Θᾶττον
596 1661 645 1694 τῆς
663 1660 692 1692 ἐξ
708 1661 791 1687 αὑτοῦ
812 1661 915 1696 βλάϐης

125 1704 364 1737 ἀπαλλαγήσεσθε.
379 1704 472 1731 Ταῦτα
491 1705 541 1732 τοῦ
560 1706 673 1739 Συμεὼν
695 1706 848 1741 εἰρηκότος.
864 1707 915 1741 ὁρᾷ

124 1750 180 1776 τῶν
213 1749 335 1783 ἀδελφῶν
370 1758 412 1781 τις
436 1750 546 1785 ἐκείνην
577 1750 627 1786 τὴν
651 1751 737 1777 νύκτα
765 1751 836 1777 κατὰ
852 1753 914 1783 τοὺς

126 1795 236 1827 ὕπνους,
250 1795 368 1830 ἀχθέντα
394 1797 455 1822 τινὰ
479 1796 573 1822 λέοντα
596 1798 648 1823 ὑπὸ
668 1797 716 1823 τοῦ
745 1797 847 1831 Ἀγίου,
867 1798 915 1824 καὶ

125 1841 172 1866 τὸν
191 1841 279 1875 μέγαν
293 1841 396 1866 ἐκεῖνον
412 1841 461 1867 σῦν
477 1842 516 1872 εἰς
529 1842 615 1876 θήραν
630 1843 704 1878 αὑτῷ
723 1844 774 1870 ὑπὸ
790 1845 846 1874 τοῖς
860 1844 914 1870 τῶν

124 1887 247 1921 ἀδελφῶν
264 1887 343 1913 ποσὶν
357 1886 513 1914 ἐκδοθέντα.
529 1888 581 1914 Τοῦ
599 1888 684 1916 ὕπνου
709 1889 797 1916 τοίνυν
823 1890 914 1916 διανα-

125 1934 201 1964 στὰς,
217 1932 298 1968 ἔργον
318 1933 367 1968 τὴν
390 1933 440 1967 τῆς
471 1934 565 1964 νυκτὸς
591 1934 652 1967 ὄψιν
677 1934 809 1970 εὑρίσκει,
837 1935 884 1962 καὶ
900 1937 914 1962 ό

124 1979 194 2004 λέων
210 1979 256 2004 τὸν
276 1978 324 2004 οὖν
338 1979 534 2012 κατεδηδοκὼς,
551 1980 678 2014 ἐχόμενος
700 1983 748 2016 τῆς
764 1981 824 2008 ὁδοῦ
849 1982 913 2008 ἁνα-

125 2023 276 2050 πεπτώκει.
292 2025 323 2050 Οἱ
341 2024 390 2058 μὲν
405 2022 450 2051 οὖν
464 2024 548 2059 ὄχλοι,
564 2026 598 2051 τά
613 2033 642 2051 τε
657 2025 704 2051 τοῦ
720 2026 825 2057 λέοντος
840 2026 911 2061 ἴχνη,

123 2068 155 2094 τό
179 2077 209 2094 τε
231 2069 278 2094 τοῦ
293 2069 354 2100 συὸς
371 2069 424 2096 ἀνὰ
435 2069 483 2105 τὴν
501 2070 560 2097 ὁδὸν
574 2067 644 2106 αἷμα
666 2071 777 2103 ἰδόντες,
792 2073 912 2107 προσέρ-

125 2121 216 2148 χονται
231 2114 383 2148 κατάφοεοι
394 2115 431 2150 τῷ
456 2115 539 2150 Ἀγίῳ
556 2116 678 2150 δεόμενοι
691 2117 786 2143 τοῦτον
807 2118 912 2144 ἐκεῖθεν

123 2157 304 2192 ἀπελαθῆναι.
327 2159 356 2185 '0
368 2159 396 2185 δὲ
411 2159 465 2186 τῶν
483 2161 611 2196 μαθητῶν
629 2161 676 2187 ἓνα
693 2162 821 2195 καλέσας,
840 2163 910 2197 Πορ-

124 2203 213 2234 ευθεὶς
230 2204 306 2238 παρὰ
330 2205 375 2230 τὸν
399 2205 504 2236 λέοντα,
522 2206 574 2242 ἔφη
587 2226 595 2238 ,
613 2208 681 2234 Τάδε
698 2208 772 2242 λέγει
787 2208 910 2243 Συμεὼν,

123 2249 185 2275 εἰπὲ
203 2249 269 2284 πρὸς
285 2251 376 2276 αὐτόν·
391 2251 489 2281 Καλῶς
504 2252 745 2288 διακονησάμενος,
757 2254 835 2281 ᾶτιιθι
848 2255 910 2289 τόγε

123 2296 172 2322 νῦν
197 2296 331 2330 ἕχον,ἒως
356 2296 389 2323 ἂν
405 2297 482 2329 αὖθις
506 2299 586 2333 χρεία
602 2308 649 2326 σου
672 2300 865 2335 γένηται.Τοῦ
883 2302 911 2327 δὲ

123 2342 162 2376 τῷ
191 2341 277 2368 λέοντι
303 2342 389 2369 ταῦτα
412 2343 545 2374 εἰπόντος,
566 2346 686 2376 ἀναστὰς
711 2348 740 2372 ἐν
763 2346 912 2381 ὀφθαλμοῖς

125 2388 253 2414 ἁπάντων
272 2389 373 2421 εὐθέως
389 2391 491 2421 ἐκεῖνος
507 2391 553 2417 ἐπὶ
568 2391 602 2417 τὰ
617 2391 665 2426 τῆς
682 2393 843 2424 Λαοδικείας
856 2394 905 2428 ὅρη

124 2433 222 2467 ἐχώρει
234 2441 241 2448 ·
254 2434 358 2460 ἐκεῖθεν
371 2435 425 2470 γὰρ
440 2435 572 2470 ἐτύγχανε
588 2437 635 2462 καὶ
650 2437 771 2471 κληθεὶς,
790 2439 911 2473 παραδο-

125 2478 237 2512 ξοτέραν
266 2481 315 2513 τῆς
345 2480 469 2515 κλήσεως
491 2482 541 2516 τὴν
563 2481 737 2518 ἀναχώρησιν
755 2483 908 2521 θέμενος,ἢ

124 2523 173 2549 καὶ
186 2524 218 2549 δι’
230 2524 332 2559 ἀμφοῖν
348 2525 460 2560 μᾶλλον.

971 290 1100 320 tanquam
1116 286 1308 320 effectumjam
1319 290 1376 312 tum
1387 286 1503 317 sortitis,
1520 284 1761 320 confisa:Reperi,

971 331 1069 365 inquit,
1082 339 1153 361 mea,
1168 335 1196 357 et
1210 330 1236 357 in
1250 331 1368 357 armario
1378 331 1432 365 jam
1444 338 1518 357 nunc
1532 330 1650 364 reposita
1663 329 1761 357 habeo.

970 377 1029 411 Ipse
1038 385 1102 403 vero
1114 377 1159 410 qui
1172 377 1262 403 ablata
1274 376 1404 407 habebat,
1414 379 1441 402 et
1453 383 1536 410 penes
1544 383 1572 402 se
1583 376 1669 402 latere
1677 374 1764 409 probe

970 421 1092 453 sciebat,
1114 426 1217 455 quanto
1235 421 1332 457 majori
1360 426 1416 448 tum
1440 420 1613 447 affectatione
1638 419 1762 446 sciscita—

971 469 1062 498 batur,
1085 471 1162 494 tanto
1174 468 1244 494 intra
1257 475 1286 494 se
1300 467 1470 502 petulantius
1486 466 1644 493 luditieabat
1662 465 1760 491 mulie-

971 523 1026 541 rem
1040 522 1072 541 ac
1086 513 1229 544 irridebat.
1243 514 1297 540 imo
1311 513 1396 539 risum
1411 519 1521 546 quoque
1534 511 1621 546 palam
1639 510 1761 538 tollebat.

970 561 1072 587 Verum
1086 561 1164 588 ocius
1180 560 1207 586 in
1224 559 1357 585 insaniam
1374 558 1471 585 irrisor
1486 566 1582 585 versus
1597 563 1653 589 est;
1671 561 1698 583 et
1713 565 1762 584 ex-

971 607 1101 633 tendebat
1116 614 1213 632 manus
1229 605 1322 631 infelix
1339 604 1552 638 arrodebatque.
1567 608 1593 630 et
1605 603 1762 630 clamitabat

971 653 1102 680 miserum
1115 653 1141 679 in
1155 652 1282 684 modum;
1294 651 1326 678 ad
1339 651 1397 678 inec
1409 650 1546 677 fatebatur
1557 649 1669 680 furtum,
1681 655 1708 676 et
1721 649 1762 676 in-

970 699 1079 725 dicabat
1094 699 1139 725 tibi
1156 698 1323 728 abdidisset;
1341 697 1460 731 denique
1475 697 1544 723 nihil
1565 703 1616 722 non
1632 696 1762 723 actitabat

970 753 1065 772 eorum
1094 753 1156 779 quin
1189 743 1349 770 daemoniaci
1383 743 1482 770 solent.
1517 741 1648 769 Universa
1678 742 1761 776 igitur

971 790 1081 817 mulieri
1103 790 1188 817 relata
1205 795 1280 820 sunt,
1294 795 1347 816 tam
1370 797 1431 823 qua:
1448 789 1551 815 recenti
1573 789 1647 815 furto
1671 787 1760 815 ablata

970 842 1051 868 quam
1061 842 1120 868 qua:
1129 834 1195 860 alias
1209 833 1362 860 desiderata
1375 837 1464 859 erant.
1475 832 1575 859 Verum
1590 832 1636 866 qui
1655 831 1759 858 furtum

970 880 1157 910 commiserat,
1173 879 1305 914 pergebat
1320 878 1436 905 insideri
1456 885 1469 904 a
1483 878 1617 908 daemone.
1635 878 1760 904 meritam

971 925 1111 960 iniustitia:
1125 933 1180 952 sua:
1192 931 1299 959 pmnam
1317 924 1477 958 persolvens
1491 932 1499 955 ;
1513 923 1602 950 donec
1613 922 1760 949 commise-

970 970 1076 997 ratione
1096 971 1160 996 tacti
1190 973 1325 1004 quotquot.
1349 969 1476 999 aderant.
1495 973 1578 1003 atque
1610 968 1679 995 adeo
1709 968 1758 995 illa

970 1016 1028 1049 ipsa
1041 1015 1142 1041 mulier
1155 1022 1216 1049 quae
1242 1014 1344 1041 furtum
1372 1022 1451 1049 passa
1481 1014 1580 1045 fuerat,
1604 1013 1760 1040 commutti-

969 1062 1020 1090 bus
1035 1062 1106 1096 aputl
1122 1062 1207 1088 Deum
1240 1066 1268 1089 et
1288 1062 1404 1089 malefici
1428 1062 1619 1096 castigatorem
1647 1060 1760 1096 Symeo-

945 1111 947 1114 '
968 1116 1030 1135 nem
1043 1109 1112 1135 votis
1123 1114 1150 1136 et
1163 1108 1302 1144 lacrymis.
1316 1109 1550 1136 intercesserunt:
1565 1115 1634 1142 quas
1648 1115 1663 1134 e
1680 1106 1760 1134 vesti-

967 1155 1012 1191 gio
1026 1155 1052 1182 id
1067 1156 1138 1190 quod
1158 1155 1301 1190 petebatur
1315 1159 1494 1182 consecutum
1509 1159 1569 1186 est;
1588 1160 1616 1180 et
1640 1162 1758 1188 energu-

967 1209 1065 1229 menus
1079 1202 1198 1236 maligno
1211 1201 1309 1236 spiritu
1334 1201 1477 1230 liberatus,
1502 1200 1660 1227 universale
1673 1199 1757 1226 docu-

968 1254 1090 1275 mentum
1103 1248 1154 1274 fuit
1171 1247 1299 1274 omnibus
1310 1247 1343 1273 ad
1361 1247 1464 1273 scelera
1481 1247 1656 1273 declinanda.

1009 1292 1070 1319 200.
1088 1292 1218 1320 \‘astabat
1233 1293 1343 1326 quidam
1360 1299 1425 1326 aper
1452 1292 1592 1319 inferioris
1617 1295 1757 1318 monaste-

969 1339 1001 1365 rii
1019 1347 1109 1373 agros,
1130 1339 1266 1373 tantisque
1284 1338 1421 1373 afﬂigebat
1437 1338 1587 1365 monachos
1602 1338 1754 1364 incommo-

967 1383 1020 1414 dis,
1036 1389 1066 1410 ut
1078 1383 1143 1418 quid
1158 1383 1264 1411 consilii
1280 1387 1420 1417 caperent.
1436 1382 1603 1417 ignorarent.
1618 1381 1758 1409 Adeuntcs

967 1430 1052 1465 igitur
1064 1429 1226 1465 Symeonem
1251 1434 1358 1464 rogant,
1385 1429 1443 1464 ipse
1466 1434 1497 1455 ut
1529 1428 1664 1456 facessere
1693 1428 1756 1455 inde

967 1475 1052 1503 feram
1066 1476 1172 1510 jubeat.
1189 1476 1234 1502 Ille
1248 1483 1313 1502 vero
1339 1484 1345 1502 :
1364 1476 1402 1502 Ex
1432 1476 1507 1507 totis,
1534 1475 1634 1510 inquit,
1649 1474 1757 1501 viribus

966 1523 1148 1558 diligentibus
1166 1522 1251 1549 Deum
1265 1522 1357 1549 omnia
1376 1522 1498 1556 subjecta
1524 1526 1598 1553 sunt,
1623 1521 1758 1556 quemad-

968 1570 1078 1596 modum
1094 1573 1158 1596 ante
1171 1569 1278 1603 lapsum
1294 1568 1390 1596 Adami
1406 1569 1539 1596 fuerunt:
1567 1568 1640 1602 quod
1667 1567 1690 1594 si
1710 1575 1759 1595 vos

965 1623 1076 1649 quoque
1090 1615 1129 1642 sic
1145 1615 1277 1650 diligatis.
1299 1615 1467 1642 dabiturilla
1485 1614 1511 1640 in
1538 1614 1656 1648 ιιι-πάθω
1682 1614 1751 1640 den-

967 1660 1042 1687 tibus
1069 1659 1183 1687 alterius
1206 1660 1271 1687 ferze
1296 1668 1358 1694 quae
1385 1667 1467 1693 tigres
1493 1664 1599 1686 vestros
1632 1658 1758 1685 innoxios

967 1705 1126 1740 relinquet,
1154 1710 1182 1732 et
1212 1706 1268 1732 cito
1296 1705 1388 1732 damni
1415 1704 1552 1731 imutunes
1593 1704 1682 1731 eritis.
1710 1704 1758 1731 llis

967 1752 1058 1783 dictis,
1071 1751 1146 1777 videt
1160 1751 1260 1785 aliquis
1289 1750 1405 1776 fratrum
1424 1755 1502 1777 nocte
1530 1757 1579 1784 per
1606 1742 1755 1780 somniuin.

965 1799 1008 1834 agi
1036 1807 1050 1826 a
1081 1799 1214 1834 Symeone
1232 1799 1337 1825 leonem
1362 1798 1520 1833 quemdam,
1544 1797 1588 1824 cui
1611 1806 1679 1832 aper
1712 1797 1757 1824 ille

965 1845 1077 1880 grandis
1088 1844 1140 1871 sub
1155 1844 1270 1871 fratrum
1289 1843 1406 1878 pedibus
1431 1843 1458 1870 in
1481 1843 1600 1877 prmdam
1625 1842 1751 1870 cedebat.

965 1890 1150 1924 Experrectns
1181 1888 1292 1919 deinde,
1318 1887 1391 1922 quod
1413 1892 1496 1914 noctu
1514 1887 1631 1919 viderat,
1654 1887 1756 1914 factum

965 1935 1119 1969 comperit:
1136 1934 1179 1961 leo
1193 1941 1312 1968 namque
1324 1937 1422 1960 vorato
1434 1940 1502 1967 apro
1518 1933 1545 1959 in
1563 1933 1621 1968 ipsa
1645 1933 1688 1959 via
1705 1932 1756 1960 dc-

965 1981 1108 2008 Cubuerat.
1124 1980 1224 2007 Turb;e
1237 1980 1329 2014 itaque
1341 1984 1369 2007 et
1380 1979 1469 2006 leonis
1482 1979 1609 2014 vestigia,
1636 1983 1664 2005 et.
1690 1986 1756 2006 san-

964 2027 1075 2062 guinem
1102 2026 1162 2061 apri
1189 2034 1238 2061 per
1264 2028 1336 2052 viam
1357 2025 1616 2060 dcprehendentes,
1641 2024 1755 2052 veniunt

965 2072 1068 2099 turbati
1096 2073 1130 2099 ad
1160 2076 1298 2103 sanctum,
1323 2076 1473 2106 rogantque
1504 2075 1535 2096 ut
1559 2069 1622 2096 inde
1647 2069 1754 2096 leonem

964 2118 1063 2154 abigat.
1090 2118 1142 2150 Qui
1171 2117 1371 2152 discipulorum
1404 2116 1560 2151 quempiam
1592 2122 1752 2142 accersens:

966 2165 1051 2195 Vade,
1063 2163 1164 2198 inquit,
1173 2163 1208 2190 ad
1221 2163 1330 2190 leonem
1341 2167 1368 2190 et
1379 2162 1424 2189 dic
1435 2162 1502 2196 ipsi:
1519 2161 1581 2189 11ιιιθ
1597 2161 1752 2187 renuntiari

925 2211 1042 2245 Djubet
1055 2210 1187 2245 Symeon:
1205 2209 1289 2236 Recte
1302 2208 1422 2235 obiciam
1449 2213 1525 2235 tuum
1553 2207 1660 2239 fecisti;
1678 2214 1753 2233 nunc

967 2257 1050 2292 igitur
1062 2256 1220 2287 abitoliCet,
1234 2256 1322 2283 donec
1337 2256 1437 2282 itcrum
1453 2263 1520 2282 usus
1533 2254 1571 2282 tui
1590 2254 1683 2281 fuerit.
1711 2254 1752 2281 Eo

965 2303 1005 2330 sic
1019 2303 1126 2329 leonem
1142 2302 1271 2332 allocuto,
1286 2294 1445 2336 surgentem
1462 2301 1537 2327 illico
1544 2300 1636 2327 videre
1647 2300 1751 2332 cuncti,

965 2352 1045 2382 atque
1058 2347 1204 2375 abeuntem
1218 2347 1245 2374 in
1260 2351 1368 2374 montes
1384 2346 1528 2373 Laodicea:
1544 2346 1619 2380 (inde
1635 2353 1751 2379 namque

963 2397 1093 2421 evocatus
1107 2393 1206 2427 fuerat)
1237 2393 1357 2427 fecitque
1385 2400 1525 2420 recessum
1558 2391 1751 2418 admirabilio—

965 2447 1034 2470 rem,
1063 2446 1144 2474 quam
1167 2439 1257 2466 fuerat
1283 2446 1422 2470 accessus,
1456 2445 1613 2472 quanquam
1635 2441 1752 2471 uterque

965 2486 1145 2513 admirandus
1159 2493 1241 2520 quam
1258 2485 1385 2512 maxime.

830 2588 944 2616 CAPUT
963 2589 1046 2616 XXV.

511 2640 645 2667 lncreduli
660 2643 810 2675 puniuntur
825 2651 833 2670 :
849 2645 966 2671 conversi
985 2650 1113 2671 curantur

162 2700 214 2725 aa'.
232 2697 376 2732 Θαύματος
399 2696 519 2729 ἐξαισίου
547 2699 610 2729 τοὺς
629 2699 749 2734 ὁρῶντας
769 2700 912 2736 πληρῶσαι

125 2745 240 2779 πλησίον
268 2745 317 2779 τῆς
346 2745 495 2779 Ἀντιοχου.
525 2746 554 2771 ὲν
582 2747 615 2781 τῇ
637 2746 770 2783 λεγομένῃ
797 2748 912 2784 Ἀπάτη,

134 2791 261 2826 Ὶσαύρων
278 2791 459 2826 ἐργαστήριον
476 2788 520 2826 ἦν,
537 2792 779 2826 χειροτεχνούντων
800 2794 829 2819 ὲν
853 2795 914 2825 ταῖς

124 2837 291 2872 οἰκοδομίαις
312 2837 360 2863 καὶ
374 2837 516 2872 λατομίαις
533 2838 586 2864 τῶν
599 2839 647 2873 τῆς
669 2839 773 2871 πόλεως
791 2839 911 2874 τειχέων.

124 2884 234 2912 ἰὀὶτων
255 2881 306 2916 εἷς,
326 2882 387 2917 ἄρτι
405 2883 454 2918 τὴν
472 2883 579 2918 ἡλικίαν
603 2884 702 2915 ἀνθῶν,
727 2884 760 2911 τὰ
780 2885 912 2920 Ἑλλήνων

1135 2653 1143 2672 :
1164 2646 1218 2673 alia
1232 2645 1367 2679 beneﬁcio.

1000 2703 1062 2730 ⁸201.
1079 2704 1127 2730 Est
1141 2712 1195 2730 non
1213 2703 1308 2738 procul
1324 2703 1479 2732 Antiochia,
1494 2703 1520 2729 in
1537 2703 1597 2730 loco
1610 2703 1696 2738 Apale
1707 2704 1752 2731 di-

965 2753 1020 2782 cto,
1052 2750 1207 2777 Isaurorum
1238 2749 1362 2781 officina,
1392 2748 1525 2776 mirabilis
1553 2749 1586 2776 ad
1612 2754 1751 2784 stuporem

965 2796 1160 2829 spectantium,
1194 2796 1218 2821 in
1237 2802 1290 2829 qua
1323 2793 1460 2821 cedendis
1486 2794 1623 2828 lapidibus
1646 2795 1678 2822 ad
1699 2795 1750 2823 do-

965 2849 1059 2868 muum
1076 2848 1273 2876 murorumque
1288 2840 1409 2867 civitatis
1419 2848 1497 2867 usum
1510 2840 1638 2867 insudant
1655 2849 1751 2875 opera-

966 2885 1009 2912 rii.
1026 2877 1128 2912 "nium
1146 2894 1228 2918 tllltls,
1246 2890 1325 2912 a‘tatc
1342 2885 1453 2915 ﬂorens,
1471 2885 1579 2920 gentilis
1607 2887 1751 2922 religent),
