1966 3068
224 123 294 156 3175

224 181 273 208 diu
295 179 503 215 impenderent;
543 178 633 213 puella
663 177 788 212 quaedam
816 178 876 205 viro
907 180 1053 208 maturaA

225 226 331 259 aderat,
348 226 381 259 ab
396 225 453 260 ipsa
473 224 617 252 nativitate
633 224 754 259 linguam
770 223 914 258 impedita,
931 223 1014 250 vitia-

226 272 316 306 tisqne
341 270 457 298 auribus
472 274 548 296 tnuta
564 274 592 296 et
607 269 701 300 surda,
731 276 792 303 qua:
822 269 891 295 nihil
919 268 1015 295 auxilii

225 322 339 352 experta
353 316 455 343 fuerat.
468 316 555 350 Hujus
571 319 651 350 pater
667 314 852 348 incommodo,
862 315 926 349 quia
939 318 1016 349 pater

226 368 294 392 erat.
309 363 473 397 tangebatur
483 362 614 397 gravius;
639 362 776 396 motisque
793 369 849 396 pra:
868 360 1016 388 commise-

190 417 192 419 '
226 409 333 436 ratione
347 408 509 436 visceribus.
520 408 655 442 processit
668 408 798 442 plangens
811 411 893 441 atque
904 406 1017 441 plorans

226 453 260 480 ad
271 453 601 489 Symeonetn,ostendens
612 458 744 487 qttatttuut
758 453 841 479 maris
851 456 1019 479 essetemen-

227 508 284 531 sus,
302 505 330 526 et
352 507 458 526 sntnma
483 499 661 526 contentione
681 498 841 528 obsecrans.
858 505 892 524 ne
911 501 1018 524 lautum

228 547 337 574 itineris
353 549 498 581 cogeretur
515 546 638 580 relegere
652 553 752 579 expers
774 544 875 571 solatii.
889 543 940 571 Cui
954 551 1019 570 san—

227 597 290 619 ctus
303 601 309 617 :
324 592 485 622 Revertere,
503 590 603 624 inquit,
621 594 760 624 assumpta
779 589 832 616 ﬁiia
850 598 856 615 :
872 585 927 616 non
944 589 1019 616 enim

228 637 338 664 dillicile
351 636 561 663 Cl‘llDCOCllalll
583 636 644 662 navi
670 635 804 662 vehentes
821 642 869 662 vos
894 634 1018 662 visitare.

229 683 360 717 liepletus
374 686 427 713 est,
444 681 536 708 audita
553 681 605 708 hac
621 681 758 713 oratione,
777 685 855 715 pater
867 680 941 707 dulci
956 688 1016 715 spe,

229 733 395 762 acceptaque
413 727 467 754 [ilia
484 727 551 753 tnari
568 735 597 754 se
610 727 760 754 commisit.
780 726 908 753 Nondum
926 734 1019 753 emen-

230 782 277 800 sus
293 778 353 800 erat
366 773 512 800 dimidium
542 773 605 804 iter,
634 780 707 804 cum,
726 772 862 799 allabente
879 778 907 799 et
925 772 976 806 ipsi
992 775 1020 798 et

229 820 311 847 simul
342 819 507 846 vehentibus
538 824 616 854 grato
651 818 771 853 quodam
801 818 905 848 odore.
930 817 1020 852 qualis

229 866 361 893 indicium
377 873 438 892 esse
450 865 520 892 solet
537 864 712 892 adventantis
729 864 826 899 gratia:
840 864 951 893 divinae.
973 871 1016 891 so-

228 911 563 946 lutaestpuelltelingua,
594 910 773 945 perl'ecteque
798 910 964 944 loquebatur
992 914 1020 936 et

228 958 368 985 audiebat.
385 957 508 984 Perculit
522 964 554 983 ea
582 964 626 983 res
641 960 778 991 quotquot
807 956 834 982 in
857 956 921 982 navi
939 959 1020 982 erant

228 1010 343 1040 stupore
360 1009 440 1038 atque
455 1008 590 1035 tremore;
606 1003 653 1030 sed
671 1008 759 1037 pater,
785 1002 910 1037 iniqttum
933 1006 1018 1033 ratus,

229 1053 252 1080 si
266 1059 315 1087 pro
336 1055 411 1078 tanto
425 1050 572 1082 beneﬁcio,
590 1049 665 1076 nulla
679 1049 749 1084 grati
774 1049 859 1076 attitni
887 1048 1019 1075 memoria

229 1098 538 1127 relicta.reverteretur
559 1095 692 1128 domum;
716 1096 831 1122 alteram
860 1094 1021 1122 conscendit

229 1143 320 1170 navim
351 1142 500 1170 comitante
525 1142 590 1174 ﬁlia,
619 1147 801 1176 revectusque
821 1141 856 1168 ad
883 1145 1019 1173 sanctum,

228 1188 325 1223 quales
340 1193 404 1215 ante
419 1195 469 1222 pro
481 1187 535 1215 ﬁlia
547 1187 666 1220 fuderat,
692 1196 766 1215 nttnc
791 1195 840 1222 pro
868 1188 1020 1223 gratiarum

229 1235 338 1261 actione
353 1233 435 1260 oﬁert
453 1234 600 1269 lacrymas.

1036 850 1056 877 Β

265 1322 327 1350 207.
346 1322 424 1349 Alius
448 1322 548 1349 iterum
579 1329 613 1348 ex
641 1321 765 1356 Daphne,
793 1321 876 1348 ﬁliatn
905 1321 1023 1349 habebat

231 1369 328 1396 iisdem
347 1367 530 1395 incommodis
545 1364 715 1394 labor’antem
736 1368 807 1402 (55);
826 1368 870 1394 cui
889 1375 957 1395 uxor
973 1376 1021 1395 sua

231 1420 313 1450 atque
337 1414 417 1441 amici
445 1414 531 1449 magis
554 1413 713 1445 familiares,
729 1422 784 1440 non
799 1415 943 1441 cessabant
957 1422 1021 1441 sua—

231 1460 308 1491 dere,
328 1463 358 1486 ut
371 1459 453 1486 ﬁliam
469 1459 502 1486 ad
518 1467 692 1486 communem
711 1459 862 1486 adduceret
886 1460 1022 1487 medicum

231 1506 259 1533 in
290 1504 440 1532 Mirabilem
463 1509 594 1536 montem,
611 1512 666 1539 quo
683 1509 712 1531 et
733 1505 791 1539 ipsa
809 1513 870 1532 cum
899 1505 1024 1540 pluribus

232 1551 293 1578 aliis
310 1551 448 1585 particeps
470 1549 549 1577 ﬁeret
572 1550 733 1577 curationis.
750 1551 850 1578 Verum
876 1551 921 1578 ille
936 1551 1023 1579 obsti-

232 1597 343 1623 natione
369 1595 487 1630 quadam
511 1595 667 1627 induratus,
684 1603 779 1630 parum
798 1596 942 1623 credibilia
963 1605 1024 1624 esse

231 1650 292 1677 qua:
315 1641 348 1668 de
369 1646 466 1668 sattcto
488 1641 650 1668 ferebantur
666 1642 831 1675 sustinebat,
848 1648 876 1670 et
891 1647 921 1670 ut
937 1643 1024 1678 pluri-

232 1695 307 1715 mum
324 1695 375 1714 nec
397 1687 563 1722 dignabatur
579 1687 692 1722 quidem
708 1696 740 1715 ea
764 1689 942 1716 narrantibus
955 1698 1023 1724 prae-

232 1734 298 1761 bere
324 1741 429 1760 auretn.
449 1733 570 1760 Tandem
591 1738 681 1760 tamen
708 1734 857 1761 multorum
877 1735 1026 1769 exprobra-

231 1780 355 1807 tionibus
380 1779 406 1805 id
438 1779 526 1813 ipsum
554 1780 719 1814 suscipiens,
744 1788 806 1807 cum
825 1786 912 1808 matre
939 1782 1024 1808 ﬁliam

232 1826 346 1853 adduxit
359 1825 392 1851 ad
404 1825 575 1858 columnam;
596 1831 725 1861 stansque
737 1831 801 1854 ante
814 1831 949 1860 sanctum,
961 1836 1023 1855 eum

233 1876 311 1907 gestu
333 1877 361 1898 et
383 1876 474 1898 mente
494 1873 633 1907 arroganti
664 1874 787 1900 narravit
801 1873 836 1900 de
853 1874 907 1900 illa.
923 1873 1024 1901 Contra

233 1923 345 1946 sanctus
355 1925 421 1945 voce
432 1918 568 1945 submissa
581 1918 751 1952 respondens
762 1928 768 1945 2
780 1919 858 1952 Redi,
871 1915 1023 1954 inquiebat,

233 1972 296 1991 cum
315 1964 370 1990 ﬁlia
394 1967 440 1990 tua
457 1963 581 1995 domum,
608 1964 670 1990 istic
689 1964 775 1999 ipsam
797 1965 954 1992 visitatione
975 1973 1025 1992 sua

233 2009 391 2045 dignabitur
403 2008 539 2036 Christus.
556 2008 663 2035 Exhinc
677 2009 783 2036 homini
803 2009 842 2037 illi
854 2010 929 2045 gravi
942 2010 1025 2038 corde

233 2055 415 2090 cogitationes
430 2054 601 2088 obrepebant
617 2055 710 2087 variae,
732 2055 869 2090 ecepitque
890 2056 1024 2090 paenitere

234 2100 308 2136 quod
331 2101 487 2127 columnam
504 2099 646 2131 adivisset.
666 2108 718 2127 ttec
732 2109 787 2128 tton
801 2102 928 2129 convicia
943 2106 1024 2136 atque

1037 1518 1058 1547 (Ξ

191 2150 195 2155 ”
234 2146 377 2174 irrisiones
394 2145 504 2172 eﬁ‘ntire
520 2145 652 2172 adversus
668 2145 783 2177 anticus,
796 2145 869 2179 quod
884 2145 944 2172 talis
959 2153 1024 2171 con-

234 2193 288 2220 silii
309 2193 426 2220 fuissent
441 2196 578 2219 auctores.
598 2191 651 2219 Sed
664 2197 751 2219 mater
768 2193 874 2227 puellae.
891 2201 953 2220 cutn
968 2193 1023 2219 cir-
1040 2186 1063 2216 Ῑ)

233 2242 391 2272 cumspecla
406 2241 489 2269 esset,
505 2245 556 2265 ttec
572 2238 654 2272 hujus
678 2238 788 2265 miseria
807 2239 928 2273 gravius,
943 2246 1024 2273 quam

233 2283 388 2318 pervicacia
398 2283 490 2309 mariti
501 2283 666 2315 afﬁceretur,
682 2288 808 2311 tnetuens
820 2292 854 2311 ne
869 2285 935 2319 qttid
949 2293 1026 2313 nova:

233 2328 396 2355 calamitatis
410 2328 547 2355 obstinata
561 2328 650 2355 mariti
669 2329 741 2356 circa
757 2335 882 2356 sanctum
899 2330 1026 2357 incredu-

233 2374 296 2402 litas
312 2378 482 2408 apportarct.
500 2373 584 2400 rediit
600 2374 673 2401 unde
685 2379 816 2401 verterat:
832 2382 916 2408 seque
930 2383 1026 2402 rursus

235 2419 262 2445 in
287 2423 436 2452 conspectu
455 2418 540 2444 sancti
560 2423 640 2445 terra:
655 2419 789 2453 aﬁligens.
805 2419 978 2454 fundensque
989 2421 1027 2446 la-

234 2471 352 2499 cryntas,
367 2465 494 2490 utatruris
507 2463 588 2490 simul
604 2467 631 2490 et
650 2464 756 2491 ﬁduciae
770 2464 884 2496 indices,
897 2465 1027 2499 poscebat

234 2509 342 2536 veniant
353 2508 452 2535 marito
463 2508 617 2541 incredulo,
637 2514 718 2544 atque
732 2517 765 2536 ne
775 2510 842 2544 qttid
854 2510 929 2537 illius
939 2511 1027 2538 obsti-

234 2556 310 2583 natio
326 2555 388 2583 ﬁlite
410 2556 593 2583 incolumitati
614 2556 745 2583 alliceret.
765 2556 879 2591 Excepit
903 2562 1026 2590 sanctus,

235 2609 290 2630 tam
310 2603 386 2630 vultu
415 2611 496 2638 quam
523 2611 590 2631 voce
617 2604 740 2631 blanda:
765 2604 849 2636 Vade,
878 2605 1024 2640 inquiens;

195 2659 198 2662 λ
235 2657 310 2681 nam,
336 2657 396 2684 qua:
413 2649 480 2681 dixi,
497 2650 627 2678 evenient
640 2651 719 2678 vobis
735 2660 750 2678 a
772 2652 837 2679 Deo.

269 2695 333 2722 208.
343 2695 515 2722 Adventante
529 2696 583 2731 jam
597 2697 783 2724 miserationis
797 2702 930 2733 tempore,
948 2699 1024 2726 solu-

255 2836 259 2842 Ι
273 2804 328 2837 (δῦ)
344 2805 455 2838 Daphne
471 2804 629 2834 Sttbtzrbium
645 2809 845 2838 Arnim/mnum.
863 2814 917 2835 lum
937 2810 1018 2836 ltisro-

238 2844 349 2886 rtt/orum
377 2847 455 2874 quam
473 2845 611 2875 poelurtmt
637 2845 741 2879 scriptis
771 2845 1017 2878 celebralissinmm,

834 122 864 151 S.
885 120 1074 151 SYMEONIS
1091 121 1271 151 JUNlORlS

1783 114 1841 149 3176

1067 178 1132 213 περὶ
1144 177 1178 204 τὰ
1191 177 1239 211 τῆς
1255 176 1337 212 μονῆς
1355 175 1422 210 ἔργα
1441 174 1673 210 χειρουργούντων
1692 173 1742 200 καὶ
1761 182 1844 201 ποντα

1068 222 1166 256 μένων,
1180 224 1248 258 κόρη
1262 231 1304 254 τις
1316 222 1382 256 παρ’
1395 221 1486 252 αὐτοῖς
1499 219 1588 255 ὡραία
1602 220 1713 254 γάμοις,
1728 218 1758 251 ἐξ
1774 220 1845 255 αὐτῆς

1066 269 1148 304 γονῆς
1165 269 1214 303 τὴν
1234 269 1358 302 γλῶτταν
1374 266 1561 302 πεπεδημένη,
1574 266 1608 291 τά
1624 274 1652 291 τε
1671 262 1728 291 ὦτα
1747 265 1845 298 maesti-

1067 324 1156 347 ουσα,
1188 315 1276 350 ταύτῃ
1308 315 1425 349 μένουσα
1455 311 1489 348 ἦν
1507 334 1514 345 ,
1551 311 1700 348 θεραπείας
1731 311 1847 345 οὐδεμιᾶς

1068 361 1228 396 αἰσθομένη.
1261 361 1290 387 Ὀ
1317 361 1381 394 γοῦν
1406 360 1498 394 πατὴρ
1524 359 1608 393 αὐτῆς
1631 358 1662 384 τὸ
1691 358 1741 392 τῆς
1767 357 1848 388 παιδὸς

1068 406 1252 440 οἰκειούμενος
1283 406 1380 437 πάθος,
1398 405 1461 432 ἐπεὶ
1478 404 1525 431 καὶ
1549 403 1651 439 πατὴρ,
1674 403 1708 429 τὰ.
1727 411 1756 429 τε
1773 402 1849 429 σπλά-

1068 461 1138 488 γχνα
1165 452 1259 483 δεινῶς
1289 452 1333 478 ἐπ’
1355 452 1424 486 αὐτῇ
1456 450 1654 486 στρεφόμενος,
1678 448 1790 484 προσῄει
1809 457 1851 474 κο-

1069 497 1205 532 πτόμενος
1235 497 1282 523 καὶ
1307 496 1409 523 κλαίων
1431 495 1469 530 τῷ
1491 494 1614 529 Συμεὼν,
1632 495 1683 530 τήν
1711 503 1741 520 τε
1762 494 1850 520 θάλασ-

1071 551 1120 569 σαν
1135 542 1280 577 προφέρων
1298 543 1363 576 ὅσην
1389 542 1519 575 πελάγιος
1548 538 1640 576 ἦλθεν,
1657 539 1705 566 καὶ
1732 539 1798 566 ὥστε
1818 539 1851 575 μὴ

1071 590 1150 622 κενὸς
1163 590 1240 622 αὖθις
1257 590 1386 616 τοσοῦτον
1406 589 1491 616 πλοῦν
1510 588 1690 622 ἀναστρέψαι,
1705 587 1776 614 πάνυ
1794 587 1852 621 σφά-

1069 637 1121 672 δρα
1144 637 1281 671 δεόμενος.
1299 636 1327 662 Ὁ
1356 636 1396 668 δὲ,
1411 636 1468 662 Νὖν
1488 635 1538 669 μὲν
1561 635 1683 668 ἐπάνηκε
1704 633 1752 666 τὴν
1777 633 1852 659 παῖδα

1072 682 1175 714 λαὸὼν,
1192 682 1255 716 ἔφη,
1271 682 1320 708 οὐκ
1337 681 1500 716 ἀδυνατήσει
1510 680 1539 706 δὲ
1553 680 1591 714 τῷ
1601 680 1660 714 Θεῷ
1670 679 1718 706 καὶ
1733 678 1853 709 πλέοντας

1071 728 1144 763 ὑμᾶς
1171 728 1382 763 ἐπισκέψασθαι.
1406 728 1435 753 '0
1462 727 1511 762 μὲν
1536 725 1583 752 οὖν
1605 726 1736 759 γλυκείας
1757 725 1802 752 ἐπὶ
1819 725 1853 759 τῷ

1071 774 1143 809 λόγῳ
1166 777 1216 810 τὴν
1234 775 1324 810 ψυχὴν
1354 774 1461 804 ἐλπίδος
1491 773 1686 807 ὑποπλησθεὶς,
1703 772 1752 807 τὴν
1779 771 1856 798 παῖδα

1071 820 1178 852 λαῦὼν,
1196 821 1324 847 ἀπέπλει.
1342 821 1408 846 Ὅτε
1426 820 1516 855 μέντοι
1533 819 1605 845 κατὰ
1624 819 1706 853 μέσον
1719 818 1764 844 τὸν
1780 817 1856 844 πλοῦν

1071 867 1204 901 ἐγεγόνει,
1228 867 1343 897 εὺωῖίας
1369 865 1445 902 αὐτῷ
1476 874 1505 891 τε
1535 865 1583 891 καὶ
1606 867 1661 895 τοῖς
1691 864 1857 899 συμπλέουσι

1071 912 1289 948 προσόαλούσης,
1304 912 1318 938 ὂ
1333 912 1438 946 πέφυκε
1453 911 1565 946 χάριτος
1583 910 1627 936 ἀεὶ
1644 910 1720 941 Θείας
1749 909 1857 944 μηνύειν

1071 959 1229 993 ἐπιδημίαν,
1242 957 1335 992 ἀνείθη
1366 958 1399 992 τῇ
1418 956 1535 992 θυγατρὶ
1548 957 1583 982 τὰ
1596 958 1645 990 τῆς
1667 955 1799 991 γλώττης,
1815 957 1859 982 καὶ

1071 1004 1156 1039 ὑγιῶς
1168 1005 1268 1030 αὐτίκα
1278 1004 1395 1037 λέγουσα
1407 1012 1436 1029 τε
1448 1004 1495 1029 καὶ
1507 1003 1647 1029 ἀκούουσα
1661 1001 1703 1037 ἧν.
1715 1003 1746 1029 Οἱ
1759 1003 1806 1037 μὲν
1816 1002 1859 1028 οὖν

1073 1049 1259 1084 συμπλέοντες
1276 1050 1304 1074 ὲν
1321 1048 1452 1082 ἐκπλήξει
1467 1048 1515 1075 καὶ
1531 1048 1606 1084 φόϐῳ
1623 1047 1694 1084 ¹ἦσαν
1708 1056 1714 1063 ·
1732 1049 1746 1073 ὁ
1763 1049 1791 1074 δὲ
1811 1056 1859 1074 πα-

1071 1098 1123 1131 τὴρ
1150 1096 1254 1122 ἀδικεῖν
1280 1095 1405 1130 νομίσας,
1424 1095 1449 1122 εἰ
1476 1095 1513 1130 μὴ
1539 1094 1675 1128 τοσαύτης
1703 1093 1861 1129 εὐεργεσίας

1072 1143 1143 1169 ἔλθοι
1175 1141 1256 1168 πάλιν
1283 1141 1448 1177 χαριστήρια
1463 1141 1564 1176 νέμων,
1580 1142 1620 1172 εἰς
1645 1140 1741 1175 ἕτερον
1754 1141 1811 1174 ἅμα
1827 1141 1858 1174 τῇ

1073 1189 1189 1223 Θυγατρὶ
1204 1188 1295 1214 πλοῖον
1322 1187 1419 1222 ἐμϐὰς,
1441 1188 1516 1222 παρὰ
1544 1186 1590 1213 τὸν
1604 1186 1698 1220 ’Ἃγιον
1718 1186 1859 1221 ἐπανήκει,

1073 1234 1219 1267 ἀναλόγους
1235 1233 1288 1259 τῶν
1315 1233 1410 1268 πρώην
1430 1233 1500 1268 ὑπὲρ
1523 1232 1608 1266 αὐτῆς
1632 1231 1760 1266 δακρύων
1772 1231 1861 1258 ἀποδι-

1072 1280 1134 1310 δοὺς
1148 1279 1196 1310 τὰς
1213 1279 1400 1313 εὐχαριστίας.

1110 1324 1159 1357 σζ’.
1189 1325 1290 1360 Ἑτέρῳ
1312 1325 1392 1351 πάλιν
1414 1324 1467 1351 ἀπὸ
1483 1324 1533 1359 τῆς
1552 1324 1660 1359 Δάφνης
1675 1323 1799 1358 θυγάτηρ
1818 1320 1862 1358 ἦν,

1074 1371 1124 1405 ἴσῳ
1141 1370 1220 1397 πάθει
1239 1369 1389 1404 πιεζομένη
1400 1377 1406 1383 '
1423 1366 1501 1400 οὗτος
1522 1367 1578 1403 εἶχε
1600 1369 1649 1403 μὲν
1665 1367 1864 1402 συμϐουλεύου-

1074 1425 1122 1442 σαν
1137 1417 1180 1442 ἀεὶ
1194 1416 1243 1451 τὴν
1263 1417 1390 1450 γυναῖκα,
1407 1416 1436 1442 οὐ
1457 1416 1510 1450 μὴν
1527 1415 1594 1442 ἀλλὰ
1611 1415 1733 1446 καὶτοὺς
1747 1423 1865 1448 γνησιω-

1073 1463 1170 1498 τέρους
1184 1462 1237 1488 τῶν
1255 1461 1349 1496 φίλων,
1363 1462 1512 1495 ἀναγαγεῖν
1529 1461 1575 1487 ἐπὶ
1588 1461 1617 1487 τὸ
1632 1460 1790 1495 θαυμαστὸν
1805 1459 1867 1496 ὅρος

1075 1507 1151 1544 παρὰ
1172 1508 1217 1534 τὸν
1240 1508 1330 1535 κοινὸν
1349 1507 1434 1543 αὐτὴν
1454 1507 1555 1543 ἰατρὸν,
1570 1507 1640 1534 ὥστε
1657 1507 1807 1542 Θεραπείας
1821 1507 1867 1532 καὶ

1075 1553 1176 1587 ταύτην
1203 1553 1272 1587 μετὰ
1294 1553 1348 1580 τῶν
1373 1552 1460 1580 ἄλλων
1476 1553 1577 1587 τυχεῖν.
1600 1552 1628 1578 ⁷0
1643 1552 1672 1578 δὲ
1686 1554 1734 1585 τὴν
1755 1551 1868 1586 καρδίαν

1075 1599 1144 1634 ἔχων
1164 1599 1277 1634 ἀπιστίᾳ
1292 1598 1524 1633 σκληρυνομένην,
1546 1598 1609 1632 ἄχρι
1625 1597 1673 1632 μὲν
1690 1596 1789 1623 πολλοῦ
1805 1595 1869 1622 ἀπί-

1076 1645 1144 1672 θανά
1158 1654 1187 1671 τε
1204 1645 1237 1671 τὰ
1253 1645 1316 1680 περὶ
1332 1644 1416 1670 αὑτοῦ
1442 1645 1544 1678 ἠγεῖτο,
1567 1644 1614 1670 καὶ
1637 1643 1697 1669 οὐδὲ
1719 1642 1750 1668 τδ
1771 1640 1819 1671 οὖς
1837 1641 1869 1667 τὰ

1076 1691 1161 1717 πολλὰ
1176 1691 1303 1725 προσέχει
1333 1691 1420 1725 ἠξίου.
1439 1689 1503 1724 Ὀψὲ
1526 1689 1553 1716 δὲ
1574 1689 1620 1716 καὶ
1639 1689 1760 1724 βραδέως
1778 1688 1825 1714 διὰ
1836 1688 1869 1713 τὰ

1075 1737 1130 1763 τῶν
1153 1737 1258 1763 πολλῶν
1279 1737 1367 1771 ὀνείδη
1385 1736 1525 1763 καὶτοῦτο
1541 1736 1639 1766 λαῦὼν,
1660 1735 1729 1770 μετὰ
1750 1735 1801 1769 τῆς
1817 1743 1870 1769 μη-

1076 1783 1140 1818 τρὸς
1157 1783 1241 1817 αὐτὴν
1264 1782 1355 1817 ἀνίησι
1382 1782 1458 1815 παρὰ
1485 1782 1530 1808 τὸν
1553 1781 1659 1813 στύλον,
1686 1782 1734 1807 καὶ
1754 1780 1810 1814 πρὸ
1824 1780 1871 1806 τοῦ

1082 1829 1173 1863 Ἀγίου
1195 1829 1270 1861 στὰς,
1290 1828 1398 1863 σοὸαρῷ
1423 1828 1471 1854 καὶ
1495 1827 1615 1863 σχήματι
1643 1826 1691 1852 καὶ
1714 1827 1871 1861 φρονήματι

1075 1876 1109 1902 τὰ
1134 1875 1197 1910 περὶ
1220 1875 1304 1910 αὐτῆς
1327 1875 1473 1910 διεξῆλθεν.
1495 1874 1524 1900 '0
1546 1874 1573 1900 δὲ
1598 1874 1690 1908 ἠρέμα
1714 1873 1871 1901 ὑπολαὸὼν.

1082 1921 1218 1955 Ἑπάνηκε
1252 1922 1320 1955 μετὰ
1351 1921 1400 1956 τῆς
1428 1921 1522 1952 παιδὸς
1553 1921 1655 1951 οἴκαδε,
1686 1917 1758 1950 εἷπε,
1793 1919 1874 1945 κάκεῖ

1076 1967 1219 2001 ποιήσεται
1241 1966 1344 1999 ταύτης
1356 1966 1510 2000 ἐπισκοπὴν
1525 1967 1538 1991 ὀ
1551 1966 1679 2001 Χριστὸς,
1691 1965 1737 1997 Τῷ
1757 1965 1808 1998 μὲν
1827 1964 1876 1990 οὖν

1077 2011 1249 2047 βαρυκαρδίῳ
1262 2012 1358 2046 ἐκείνῳ
1374 2011 1499 2046 λογισμοὶ
1513 2012 1543 2038 τὸ
1555 2011 1618 2046 ἑξῆς
1630 2009 1711 2046 ἦσαν,
1728 2010 1776 2037 καὶ
1790 2018 1875 2044 μετα-

1078 2058 1171 2092 μέλεια
1184 2058 1234 2092 τῆς
1252 2058 1298 2084 ὲπὶ
1309 2058 1354 2083 τὸν
1370 2058 1466 2084 στύλον
1483 2058 1588 2089 ἀνόδου,
1603 2056 1810 2092 σκώμματα·τε
1828 2058 1875 2082 καὶ

1075 2105 1208 2139 λοιδορίαν
1225 2105 1295 2131 κατὰ
1310 2105 1363 2132 τῶν
1375 2105 1469 2139 φίλων,
1487 2106 1544 2132 ὅσοι
1562 2105 1664 2139 ταύτην
1680 2105 1754 2138 αὑτῷ
1771 2104 1876 2139 δηλαδὴ

1078 2151 1302 2178 συνεϐούλευσαν.
1332 2151 1364 2177 Ἦ
1389 2151 1417 2178 δὲ
1441 2152 1489 2186 τῆς
1520 2151 1614 2182 παιδὸς
1645 2152 1738 2185 μήτηρ
1774 2150 1878 2182 συνετὴ

1077 2194 1154 2225 οὖσα,
1178 2197 1226 2222 καὶ
1249 2197 1278 2222 οὐ
1301 2196 1405 2230 ταύτης
1425 2197 1504 2231 μόνον
1525 2195 1616 2232 [ἀλλα]
1637 2196 1685 2223 καὶ
1711 2195 1759 2222 τοῦ
1777 2196 1880 2230 ἀνδρὸς

1075 2242 1284 2277 περικαιομένη.
1296 2242 1408 2268 δείσασα
1421 2244 1457 2276 μή
1469 2251 1494 2268 τι
1504 2243 1588 2268 κακὸν
1603 2242 1653 2276 τῆς
1663 2243 1702 2273 εἰς
1713 2243 1759 2267 τὶν
1779 2242 1880 2275 ’Δγιον

1074 2288 1204 2318 ἀπιστίας
1225 2288 1436 2323 παραπολαύσῃ,
1461 2288 1656 2322 ἀναστρέψασα
1685 2288 1753 2322 πρὸς
1781 2288 1880 2316 αὑτὸν,

1075 2333 1152 2366 αὖθις
1165 2335 1268 2370 ῥέψασὰ
1291 2343 1321 2360 τε
1350 2335 1420 2361 κατὰ
1447 2335 1498 2369 γῆς
1520 2335 1631 2368 ἑαυτὴν,
1650 2334 1696 2360 καὶ
1716 2334 1830 2369 δάκρυα
1850 2335 1883 2358 τὰ

1074 2381 1162 2415 λύπης
1193 2381 1251 2414 ἅμα
1283 2381 1328 2406 καὶ
1361 2381 1479 2411 πίστεως
1506 2380 1630 2414 σύμϐολα
1648 2379 1763 2414 χέουσα,
1793 2379 1882 2405 ἐδεῖτο

1076 2425 1287 2460 συγχωρηθῆναι
1303 2425 1340 2460 τῷ
1354 2425 1462 2460 συζύγῳ
1473 2425 1522 2459 τὴν
1533 2425 1674 2456 ἀπιστίαν,
1691 2425 1738 2450 καὶ
1753 2425 1794 2459 μὴ
1812 2423 1882 2451 ’ταὺο

1075 2480 1124 2506 την
1142 2473 1174 2506 τῇ
1192 2471 1308 2506 θυγατρὶ
1328 2471 1395 2506 πρὸς
1408 2471 1456 2505 τὴν
1471 2468 1620 2505 θεραπείαν
1643 2471 1774 2505 ἐμποδὼν
1792 2478 1884 2496 κατα-

1077 2517 1183 2551 στῆναι.
1213 2516 1240 2543 ὐ
1255 2516 1283 2542 δὲ
1302 2516 1383 2551 ἱλαρᾷ
1398 2517 1445 2542 καὶ
1458 2515 1518 2550 ὄψει
1538 2517 1584 2542 καὶ
1602 2515 1722 2549 γλώττῃ,
1739 2513 1882 2550 Πορεύου,

1077 2563 1140 2598 ἔφη,
1157 2564 1215 2595 καὶ,
1231 2563 1268 2594 ὡς
1282 2563 1380 2598 εἴρηκα
1397 2562 1470 2596 ὑμῖν,
1484 2561 1560 2588 ἕσται
1577 2562 1653 2596 παρὰ
1668 2561 1747 2587 Θεοῦ,

1116 2703 1168 2736 κτῖ.
1191 2701 1260 2735 Ἤδη
1275 2701 1303 2727 δὲ
1322 2699 1368 2726 τὸν
1387 2697 1461 2726 οἷκον
1477 2699 1696 2732 καταλαϐόντων,
1712 2699 1814 2725 λέλυτο
1831 2697 1884 2730 μὲν

1076 2809 1129 2836 Nos
1152 2811 1187 2837 24
1201 2811 1327 2837 Januarii
1350 2811 1377 2837 in
1402 2810 1518 2838 historia
1547 2810 1737 2837 translationis
1767 2810 1798 2840 S.
1826 2806 1884 2833 33-

1073 2845 1141 2881 bylte
1154 2846 1203 2881 Ep.
1217 2847 1319 2881 copiose
1333 2846 1365 2872 de
1379 2846 1426 2872 illa
1442 2854 1476 2872 ex
1489 2846 1633 2874 Sozamcno
1650 2846 1764 2881 egimus.
