1966 3068
145 127 213 161 3177

659 129 743 162 VITA
763 129 787 159 Α
806 128 1026 161 NICEPHORO
1045 130 1291 162 CONSCRIP’I‘A.

1709 134 1779 167 3178

142 187 191 222 τὴν
207 186 331 221 γλῶτταν
351 186 451 219 εὐθέως
473 187 490 222 ἡ
506 187 581 220 παῖς,
597 186 727 222 ἐλευθέρᾳ
748 186 777 213 δὲ
797 187 844 214 καὶ
865 187 928 223 ἀκοῇ

988 191 1015 214 ta
1029 188 1121 216 subito
1137 193 1180 216 est
1192 188 1285 224 lingua
1298 188 1407 224 puellae,
1422 193 1449 218 et
1464 189 1595 219 audiendi
1607 191 1779 227 appellandi-

141 233 190 259 καὶ
198 234 273 268 φωνῇ
284 233 353 268 πρὸς
361 233 425 265 τοὺς
436 233 565 265 τεκόντας
576 234 684 270 ἐχρῆτο·
697 232 736 268 τῷ
745 233 835 268 μέντοι
848 234 933 268 πατρὶ

143 278 211 311 προς
225 277 256 304 τὸ
270 278 367 313 ἀθρόον
381 279 468 306 ἐκεῖνο
491 279 539 306 τοῦ
553 279 692 315 θαύματος
709 281 868 316 τηλικοῦτον
888 281 932 307 ὲν-

142 322 246 357 έσκηψε
261 323 330 356 δέος,
354 322 398 351 οἷα
414 325 509 361 πόρῤω
527 325 594 353 πολὺ
609 326 658 361 τῆς
683 326 748 362 περὶ
770 326 804 353 τὰ
819 326 933 353 τοιαῦτα

142 369 260 402 πίστεως
283 369 357 403 ὄντι,
382 370 398 406 ἢ
421 372 469 398 καὶ
486 371 536 405 τῆς
555 373 619 407 περὶ
639 372 686 398 τὸν
708 372 786 406 ἅγιον
802 372 933 404 ἀπιστίας

141 415 274 443 ὲκτίνοντι
288 416 375 449 δίκας,
394 417 464 444 ὥστε
484 417 556 453 ῥίγει
571 418 617 445 καὶ
636 418 746 454 πυρετῷ
766 417 934 453 συγχεοέντα

142 462 235 497 μέλεσι
259 464 326 490 πᾶσι
350 464 512 491 κλονεῖσθαι.
532 463 561 490 '0
573 464 601 490 δὲ
620 462 781 492 διδάσκαλον
797 464 866 500 ἔχων
882 465 933 500 τὴν

140 509 239 544 πεῖραν
258 507 437 540 (πεπαίδευτο
453 511 508 546 γὰρ
527 510 627 542 ἱκανῶς
650 509 692 542 οἷς
715 510 861 544 πέπονθεν)
882 511 934 538 οὐκ

140 554 241 588 ὀψίζων
265 552 299 589 ἦν
320 555 358 586 ὡς
374 550 470 591 πρώην
495 555 542 582 καὶ
565 556 717 591 διαμέλλων
729 564 736 571 ·
754 555 811 582 ἀλλ’
823 555 860 587 ὠς
876 553 932 591 εἶχε

140 600 216 635 παρὰ
236 600 281 627 τὸν
300 601 379 635 ἆγιον
398 601 479 633 εὐθὺς
496 602 591 635 ἐλθὼν,
618 601 736 638 τοσαύτῃ
757 602 826 637 πρὸς
851 602 933 629 αὑτὸν

138 646 229 681 δεήσει
251 647 299 673 καὶ
320 647 484 674 ταπεινώσει
500 648 616 684 καρδίας
639 648 750 684 ἐχρῆτο,
768 648 824 683 ὅσῳ
838 647 933 684 πρώην

138 691 214 726 ὄγκῳ
229 701 260 718 τε
282 693 329 719 καὶ
343 693 509 728 φρονήματι,
524 694 573 729 οὐχ
587 693 659 720 οὕτω
678 695 712 730 τῇ
737 694 807 729 νόσῳ
827 694 862 721 τά
885 694 932 720 τοῦ

140 737 265 773 σώματος
282 737 349 773 μέλη
364 739 514 774 σειόμενος,
526 739 564 771 ὡς
578 740 628 774 τὴν
638 739 726 775 ψυχὴν
738 739 777 774 τῷ
789 740 934 776 παραδόξῳ

139 784 186 811 τοῦ
202 784 341 820 θαύματος
352 794 359 800 ·
377 785 424 812 καὶ
440 786 470 813 τὸ
488 787 537 821 μὲν
548 786 609 813 οὐδὲ
619 786 735 822 χάριτας
747 784 802 818 οἷός
816 795 845 813 τε
862 785 933 814 εἶναι

138 829 225 864 λέγων
241 831 288 858 ἐπὶ
298 833 332 867 τῇ
347 830 461 868 θυγατρὶ
472 832 549 865 ἀξίας
560 832 712 867 ὁμολογεῖν,
724 832 754 859 τὸ
765 832 794 859 δὲ
809 832 874 867 περὶ
886 833 933 860 τοῦ

139 877 322 912 κατασχόντος
340 878 422 904 αὑτὸν
437 877 532 905 κλόνου
549 878 687 913 δεόμενος.
708 878 738 905 '0
749 878 778 904 δὲ
795 879 865 913 μετά
883 878 933 914 τῆς

139 913 270 958 συνήθους
295 923 477 958 συμπαθείας,
502 924 546 951 Ἐν
559 924 672 959 ὀνόματι
692 923 740 951 τοῦ
761 924 864 960 Κυρίου
881 913 932 960 Ἰη-

139 968 199 1002 σοῦ,
229 969 310 1003 γενοῦ
331 969 378 996 καὶ
402 970 435 997 σὺ
462 970 552 1005 ὑγιὴς,
576 970 648 1006 ἔφη’
673 971 721 998 καὶ
747 969 786 1006 τῷ
811 970 932 1006 θαύματι

138 1013 231 1050 θαῦμα
256 1015 393 1051 συνήφθη,
422 1014 462 1050 τῷ
485 1016 548 1050 περὶ
570 1016 619 1051 τὴν
634 1015 719 1043 παῖδά
742 1024 814 1050 φημι
831 1015 862 1042 τὸ
883 1015 930 1042 τοῦ

138 1060 261 1095 πατρός·
293 1060 341 1087 καὶ
372 1060 457 1094 ὑγιῶς
484 1060 585 1088 αὐτίκα
610 1061 680 1096 ἔχων
706 1062 839 1096 εἱστήκει,
871 1061 931 1093 ὅλος

136 1104 265 1138 ἔκστασις
291 1106 340 1139 ὢν,
368 1107 428 1138 ὅλος
457 1107 572 1142 Θάμϐος,
602 1107 661 1138 ὅλος
693 1106 873 1141 κατάπληξις,
900 1108 931 1134 οὑ

137 1152 272 1187 χείλεσιν,
293 1153 356 1180 οὐδὲ
380 1154 520 1189 ῥήμασιν,
549 1153 610 1180 οὐδὲ
641 1147 757 1188 μακροῖς
791 1153 931 1188 διηγήμα-

137 1205 192 1231 σιν,
208 1199 276 1226 ἀλλὰ
294 1201 384 1235 σιωπῇ
402 1199 503 1235 μᾶλλον
517 1200 565 1226 καὶ
581 1199 702 1234 σχήματι
722 1199 768 1228 καὶ
784 1198 931 1234 προσώπου

138 1244 278 1278 συστάσει,
293 1245 323 1272 τὸ
337 1245 391 1272 τῶν
411 1245 560 1281 θαυμάτων
576 1245 691 1281 μέγεθος
705 1245 761 1276 τοῖς
779 1244 862 1280 ὁρῶσι
880 1253 932 1280 κη-

139 1297 252 1324 ρυττων.

986 241 1040 269 que
1055 239 1183 269 parentes
1203 234 1333 263 facultate
1356 237 1482 271 expedite
1495 245 1543 264 usa
1557 241 1609 265 est.
1626 237 1661 265 At
1673 242 1779 273 patrem

986 279 1020 306 ad
1037 279 1174 315 repentini
1190 280 1316 308 miraculi
1329 283 1516 316 spectaculum
1534 287 1625 311 tantus
1639 284 1721 311 timor
1738 284 1780 312 in-

988 326 1081 358 cessit,
1098 331 1128 354 ιιι
1137 326 1239 362 frigore
1255 327 1368 356 horrido
1383 333 1466 364 atque
1478 328 1547 357 febri
1560 334 1705 365 correptus
1715 331 1780 359 totis

985 371 1100 399 artubus
1121 373 1364 407 eontremisceret;
1397 374 1499 410 quippe
1521 375 1568 411 qui
1587 376 1621 404 ab
1644 377 1781 412 ejusmodi

986 417 1072 445 rebus
1096 417 1243 446 credendis
1257 417 1416 455 longissime
1430 421 1537 453 aberat,
1550 427 1598 449 aut
1617 430 1713 458 poenas
1726 424 1782 451 sol-

985 463 1069 490 vebat
1080 470 1137 490 suae
1149 463 1351 493 incredulitatis
1365 473 1431 501 erga
1452 473 1588 496 sanctum.
1607 468 1711 496 Doctus
1726 470 1780 497 ita-

985 515 1040 542 que
1058 508 1229 543 experientia
1243 509 1348 544 (utpote
1362 518 1411 545 per
1424 519 1456 538 ea
1469 520 1529 547 qum
1549 513 1706 548 patiebatur
1720 515 1779 543 suf-

986 552 1112 580 ﬁcienter
1127 553 1289 588 castigatus)
1312 563 1368 583 non
1389 556 1644 594 diﬂ'erebat,neque
1667 568 1780 594 procra-

985 598 1116 631 stinabat,
1129 599 1169 626 uti
1182 600 1275 634 prius;
1291 601 1339 628 sed
1355 606 1458 636 quanta
1468 606 1577 638 poterat
1591 604 1732 634 celeritate
1745 607 1781 635 ad

986 649 1112 672 sanetum
1127 645 1270 679 advolans,
1288 651 1342 675 tam
1359 649 1478 684 supplici
1495 657 1557 677 cum
1570 652 1728 686 precatione
1740 659 1782 680 at-

986 699 1039 726 que
1047 691 1214 720 demissione
1231 694 1316 721 animi
1334 695 1405 730 apud
1418 695 1507 730 ipsum
1516 697 1583 733 egit,
1594 705 1676 734 quam
1691 707 1781 735 nuper

987 738 1094 766 tumido
1104 746 1167 766 eum
1179 739 1251 768 fastu
1266 745 1349 776 atque
1363 743 1494 776 superbia
1509 752 1515 770 :
1531 751 1622 779 neque
1633 746 1782 774 vehemen~

987 783 1043 811 tius
1070 785 1282 814 concutiebatur
1307 787 1405 814 morbo
1430 793 1506 816 artus
1537 791 1671 825 corporis,
1698 800 1781 828 quam

987 830 1113 858 miraculi
1125 833 1260 867 stupenda
1275 833 1396 861 novitate
1414 834 1473 869 ipsa
1491 836 1592 864 anima.
1609 837 1712 865 Partim
1728 839 1781 866 ita-

950 870 972 898 Β
987 884 1040 910 que
1050 876 1190 905 fatebatur
1212 877 1271 905 ﬁeri
1285 886 1340 906 non
1352 887 1433 914 posse
1449 883 1479 907 ut
1491 881 1593 916 gratias
1605 883 1717 910 meritas
1730 891 1780 918 pro

987 920 1043 949 [ilia
1061 923 1249 957 persolveret;
1265 924 1365 959 partim
1381 924 1595 960 deprecabatur,
1613 931 1643 955 ut
1661 934 1781 956 cessaret

988 971 1091 995 tremor
1119 976 1175 1003 quo
1199 969 1422 1003 concutiebatur.
1445 971 1486 998 Ad
1511 971 1570 999 haec
1592 972 1709 1009 Symeon
1730 982 1781 1009 pro

984 1018 1116 1041 consueta
1125 1021 1174 1042 sua
1189 1015 1397 1044 misericordia:
1414 1017 1444 1044 ln
1456 1017 1570 1046 nomine
1580 1018 1690 1047 Domini
1702 1020 1778 1053 Jcsu,

982 1057 1083 1093 inquit,
1097 1063 1126 1086 tu
1139 1068 1250 1096 quoque
1261 1066 1322 1090 esto
1334 1069 1427 1090 sanus.
1441 1063 1542 1099 Sicque
1553 1065 1630 1092 aliud
1640 1065 1687 1092 alii
1697 1066 1780 1095 mira-

982 1105 1076 1132 culum
1098 1113 1255 1135 connexum
1276 1112 1335 1141 est;
1352 1109 1402 1141 illi,
1420 1109 1543 1145 inquam,
1560 1111 1634 1146 quod
1657 1112 1685 1139 in
1713 1112 1779 1146 ﬁlia.

983 1151 1056 1179 istud
1073 1153 1146 1187 quod
1163 1154 1190 1181 in
1208 1160 1286 1189 patre
1301 1160 1438 1190 patratum
1451 1156 1505 1184 fuit
1517 1164 1525 1183 :
1539 1161 1567 1184 et
1578 1156 1670 1185 statim
1686 1157 1777 1186 bellis-

983 1198 1052 1226 sime
1064 1199 1170 1228 habens
1182 1201 1270 1234 stetit,
1291 1206 1365 1229 totus
1382 1202 1530 1236 extaticus,
1554 1207 1629 1231 totus
1654 1208 1779 1239 stupens,

983 1247 1058 1272 totus
1078 1245 1240 1279 perculsus;
1268 1246 1353 1273 nullis
1377 1247 1469 1280 labiis,
1492 1247 1576 1275 nullis
1597 1249 1701 1282 verbis,
1728 1257 1779 1278 nec

982 1289 1073 1325 longis
1096 1291 1319 1325 narrationibus;
1333 1292 1381 1319 sed
1397 1292 1452 1320 alto
1465 1293 1587 1326 silentio,
1604 1294 1700 1322 habitu
1715 1302 1778 1323 cor-

983 1336 1069 1370 poris,
1084 1340 1112 1363 et
1131 1337 1329 1365 constitutione
1350 1338 1443 1367 vultus
1458 1339 1676 1375 magnitudinem
1692 1341 1776 1369 mira-

983 1382 1038 1409 culi
1054 1383 1209 1418 praedicans
1230 1384 1413 1413 intuentibus.

848 1452 961 1482 CAPUT
981 1452 1077 1482 XXVI.

402 1506 453 1535 Alii
474 1507 613 1535 insolentis
632 1508 660 1535 in
677 1512 800 1536 sanctum
820 1509 918 1544 lingua
936 1512 1104 1547 castigantur
1122 1519 1153 1538 ac
1176 1512 1330 1547 paenilcnles
1353 1511 1510 1540 liberantur.

174 1563 225 1592 σθ’.
243 1564 320 1592 Μετὰ
334 1565 364 1592 δὲ
377 1565 473 1601 χρόνον
489 1567 596 1602 συχνὸν,
614 1568 713 1605 συνέϐη
729 1569 852 1598 διάκονόν
869 1579 928 1597 τινα

1015 1571 1078 1599 209.
1093 1571 1179 1600 Multo
1194 1578 1257 1612 post
1271 1577 1394 1608 tempore
1411 1573 1512 1601 accidit
1535 1574 1695 1608 diaconum,
1723 1584 1775 1604 no-

136 1611 189 1646 τῆς
207 1610 305 1646 κώμης
320 1611 452 1638 Εὺθαλίου
469 1612 630 1648 λεγομένης,
646 1614 806 1649 Ἐπιφάνιον
832 1616 930 1652 ὄνομα,

135 1655 184 1682 τοῦ
200 1655 274 1682 θείου
292 1655 405 1691 Συμεὼν
420 1657 450 1683 ὲν
471 1657 567 1693 ἀγνοίᾳ
589 1659 762 1693 καταλαλεῖν,
777 1661 931 1696 ὲνυῦρίζειν

138 1709 168 1728 τε
195 1701 243 1727 καὶ
273 1702 412 1737 παροινεῖν
426 1703 467 1734 εἰς
496 1703 587 1735 αὑτὸν,
605 1703 652 1730 καὶ⁸
679 1704 753 1738 σαφῆ
778 1705 832 1731 τῶν
855 1706 931 1741 αὺτῷ

137 1746 306 1781 προσιόντων
316 1746 425 1782 ἀπάτην
441 1748 668 1782 καταγινώσκειν.
688 1750 757 1776 Ποτὲ
779 1750 844 1784 γοῦν
861 1751 932 1777 θειο-

135 1794 219 1826 τέρας
232 1793 246 1819 ὀ
263 1793 422 1828 Ἑπιφάνιος
436 1794 539 1821 ἄνωθεν
551 1795 708 1830 ἐπισκοπῆς
721 1796 848 1829 ἀξιωθεὶς
861 1797 931 1824 κατά

136 1838 254 1871 Παῦλον,
269 1839 366 1866 ἔπεσεν
382 1840 450 1866 ὡσεὶ
464 1840 560 1876 νεκρὸς
574 1841 645 1868 κατά
660 1843 722 1878 γῆς,
739 1842 786 1869 καὶ
803 1843 836 1870 τὰ
854 1844 930 1876 ἐντὸς

136 1885 312 1921 συνεστράφη
331 1892 338 1901 ·
354 1886 541 1921 προστέτακτο
555 1886 583 1913 δὲ
598 1887 644 1914 διὰ
667 1890 828 1924 νυκτερινῆς
842 1890 930 1925 ὅψεως

136 1931 185 1958 καὶ
204 1928 293 1964 οὗτος,
307 1931 356 1958 οὐκ
371 1933 412 1963 είς
426 1934 573 1967 Δαμασκὸν
589 1933 627 1965 ὡς
642 1934 754 1967 ἐκεῖνος,
770 1936 838 1963 ἀλλὰ
852 1937 929 1971 παρὰ

134 1977 181 2003 τὸν
204 1976 250 2003 τοῦ
276 1976 344 2004 Θεοῦ
365 1977 521 2013 θεράποντα
545 1979 658 2014 Συμεὼν
681 1980 813 2015 ἀνελθεῖν,
829 1983 865 2014 ὡς
881 1983 928 2010 καὶ

135 2022 201 2057 παρ’
221 2022 304 2049 αὑτοῦ
325 2023 427 2059 δηλαδὴ
443 2024 593 2059 θεραπείαν
608 2026 638 2052 οὺ
663 2025 789 2062 σώματος
815 2029 928 2064 κομιού-

136 2076 217 2103 μενος
250 2069 340 2103 μόνον,
357 2069 426 2096 ἀλλά
456 2070 504 2097 καὶ
523 2070 624 2107 ψυχῆς.
653 2072 708 2099 Καὶ
734 2072 800 2108 δῆτα
829 2075 928 2110 φόρτος

134 2113 211 2139 οὐδὲν
224 2113 337 2149 ἀψύχων
363 2115 501 2147 ἀπεοικὼς
522 2116 663 2152 ὑποζυγίῳ
687 2118 834 2151 ἐπιτεθεὶς,
848 2120 927 2146 ἀολία

133 2167 163 2185 τε
180 2159 233 2195 πρὸ
249 2159 295 2186 τοῦ
317 2160 414 2187 στόλου
429 2161 518 2194 τεθεὶς
529 2162 599 2198 ὄψις,
613 2164 705 2198 φωνῆς
719 2163 822 2192 ἄνωοεν
832 2166 926 2192 ἀκούει

134 2203 212 2239 παρὰ
228 2204 275 2231 τοῦ
302 2204 381 2238 ἁγίου
403 2205 548 2242 λεγούσης,
568 2207 633 2234 Ἰδοὺ
660 2209 760 2246 ἀφείθη
781 2219 822 2237 σοι
852 2211 927 2247 παρὰ

136 2249 238 2284 Κυρίου
255 2249 288 2276 τὰ
303 2250 333 2275 ὲν
349 2250 446 2286 ἀγνοίᾳ
459 2259 465 2267 ·
483 2252 590 2288 έγειραι
619 2254 765 2290 τοιγαροῦν
780 2256 923 2283 ἀναλαδὼν

133 2295 241 2327 ἑαυτὸν,
262 2297 361 2331 μηκέτι
387 2299 497 2324 διώκειν
526 2299 609 2326 αὐτὸν
638 2300 801 2336 ἀνεχόμενος
832 2305 861 2330 ἐν
885 2305 923 2340 τῷ

133 2341 236 2369 τιθέναι
250 2341 281 2369 τὸ
293 2343 380 2379 στόμα
392 2352 438 2371 σου
451 2346 492 2377 εἰς
502 2346 585 2380 ἡμᾶς,
602 2346 650 2373 καὶ
661 2347 751 2375 λαλεῖν
768 2349 829 2376 καθ’
845 2351 923 2386 ἡμῶν

137 2389 255 2417 ἀδικίαν.
267 2391 377 2422 Τούτοις
394 2393 450 2423 τοῖς
467 2394 586 2429 ῥήμασιν
609 2394 672 2433 [εἰς]
698 2397 792 2426 ἑαυτὸν
807 2399 924 2435 παραδό-

137 2434 190 2468 ξως
205 2435 376 2469 επανελθὼν,
391 2438 522 2480 τάναντία
535 2440 635 2477 διεξῄει
651 2443 704 2470 τῶν
721 2445 922 2480 προλαῦόντων,

136 2482 184 2508 καὶ
196 2481 339 2516 κηρύττων
360 2480 394 2518 ἦν
415 2483 467 2518 ὅλῳ
483 2485 598 2520 στόματι
617 2488 717 2522 μᾶλλον
730 2490 779 2520 τὰς
793 2491 840 2517 τοῦ
855 2491 921 2518 Θεοῦ

135 2527 179 2554 διὰ
191 2527 238 2553 τοῦ
256 2527 421 2561 θεράποντος
435 2531 516 2558 αὐτοῦ
530 2532 699 2566 δυναστείας.

169 2618 211 2642 σι’.
225 2614 291 2643 Εἶτα.
306 2618 354 2645 καὶ
367 2619 430 2651 τοὺς
441 2620 515 2652 υἱοὺς
529 2623 715 2658 προσαγαγὼν
725 2625 921 2662 δαιμονῶντας,

131 2661 217 2694 ὑγιεῖς
230 2662 378 2699 ἑκατέρους
389 2666 589 2701 ἀπολαμϐάνει.
607 2665 692 2701 Οὗτος
710 2672 780 2706 μετὰ
806 2661 921 2710 θατέρου

130 2705 186 2731 τῶν
212 2707 314 2734 παίδων
345 2708 459 2746 ὕστερον
484 2711 522 2746 τῷ
551 2712 623 2748 ἁγίῳ
646 2705 814 2750 παραϐαλὼν
842 2705 921 2755 (ἐπεὶ

129 2751 178 2776 καὶ
195 2753 314 2787 συνεχῶς
329 2755 403 2790 αὐτῷ
424 2756 495 2790 μετά
513 2759 612 2793 πεῖραν
631 2762 737 2795 ἐφοίτα,
753 2764 802 2790 καὶ
824 2751 919 2794 τοσοῦ-

128 2804 175 2824 τον
189 2797 244 2849 aeq)
267 2800 331 2848 ¹τοὺς
358 2801 445 2838 ταύτῃ
471 2803 592 2839 δρῶντας
620 2807 715 2843 πρώην
732 2810 880 2849 ἐμέμφετο)
890 2814 918 2840 έν

127 2849 183 2871 τινι
198 2843 252 2871 τῶν
270 2844 414 2880 ἁνωγαίων
429 2848 479 2883 τῆς
491 2849 576 2884 μονῆς
592 2851 730 2881 καταλύει.
748 2843 800 2883 Τὸν
811 2843 917 2892 μὲνοῦν

309 2897 443 2928 ΡΑτιιοι..
467 2900 513 2928 Gn
549 2900 715 2932 LXXXVI.

981 1618 1057 1645 mine
1074 1618 1273 1653 Epiphanium,
1285 1627 1318 1646 ex
1335 1627 1403 1655 pago
1417 1620 1537 1654 quodam
1554 1621 1600 1656 qui
1628 1630 1773 1658 nuncupa-

982 1668 1027 1691 tur
1040 1664 1173 1697 Eutbalii,
1184 1665 1219 1693 de
1231 1665 1318 1693 sancti
1328 1665 1472 1700 Synieonis
1484 1665 1556 1694 fama
1577 1674 1626 1702 per
1647 1667 1775 1702 ignoran-

982 1711 1047 1737 tiam
1058 1710 1217 1743 detrahere,
1226 1711 1378 1746 incumquc
1389 1713 1588 1740 contumeliose
1597 1712 1774 1747 debacchar‘i,

980 1761 1008 1783 et
1020 1764 1145 1784 errorem
1162 1757 1251 1792 ipsum
1267 1758 1430 1785 adeuntium
1449 1759 1538 1794 palam
1556 1759 1776 1794 reprehendere.

980 1805 1136 1840 Aliquando
1154 1805 1238 1841 igitur
1259 1806 1352 1833 divina
1374 1806 1485 1834 cmlitus
1508 1807 1614 1834 visione
1644 1807 1773 1844 dignatus

980 1850 1153 1885 Epiphanius
1171 1851 1227 1883 ille.
1246 1851 1317 1879 sicut
1338 1852 1477 1886 quondam
1507 1852 1617 1886 Paulus,
1651 1854 1773 1881 concidit

979 1897 1057 1932 quasi
1082 1902 1209 1926 mortuus
1234 1898 1261 1925 in
1285 1902 1399 1932 terram,
1423 1903 1451 1926 et
1480 1899 1637 1928 visceribus
1666 1900 1773 1928 intimis

979 1950 1135 1973 commotus
1145 1951 1187 1973 est
1199 1955 1205 1971 :
1217 1945 1312 1981 jussus
1326 1953 1436 1980 quoque
1453 1950 1495 1973 est
1517 1953 1573 1974 non
1587 1951 1619 1974 ut
1643 1947 1695 1975 istc
1718 1947 1772 1976 Da-

979 1996 1101 2016 mascum
1112 1990 1275 2023 concedere,
1285 1990 1332 2018 sed
1342 1988 1374 2015 ad
1391 1990 1522 2018 famulum
1536 1992 1582 2019 Dei
1594 1992 1769 2027 Symeonem,

978 2039 1009 2062 ut
1024 2043 1071 2070 per
1085 2036 1161 2063 illum
1178 2036 1324 2064 sanitatem
1345 2044 1399 2063 non
1413 2037 1501 2064 solum
1516 2039 1652 2073 corporis,
1668 2039 1716 2066 sed
1743 2044 1771 2068 ct

978 2082 1077 2109 animze
1090 2082 1173 2109 etiam
1187 2086 1353 2117 reportaret.
1369 2083 1442 2118 Ergo
1451 2091 1505 2110 non
1524 2085 1640 2112 multum
1662 2085 1695 2112 ab
1713 2085 1772 2113 ina-

978 2127 1045 2155 nimi
1062 2128 1234 2163 discrepans.
1251 2129 1376 2163 iumento
1391 2129 1538 2164 impositus
1553 2135 1595 2158 est
1623 2138 1693 2159 onus
1716 2132 1769 2159 mi-

978 2174 1114 2204 serabile:
1131 2174 1330 2210 depositusque
1346 2179 1410 2203 ante
1424 2175 1581 2204 columnam
1609 2177 1768 2206 luctuosum

977 2220 1175 2255 spectaculum,
1201 2229 1297 2248 vocem
1334 2221 1443 2249 cmlitus
1467 2230 1481 2249 a
1501 2227 1596 2250 sancto
1631 2223 1767 2260 Symeone

976 2266 1123 2293 demissam
1141 2267 1239 2299 sensit,
1266 2275 1327 2301 quae
1347 2267 1473 2295 dicebat:
1501 2269 1572 2297 Ecce
1589 2270 1769 2299 dimittuntur

975 2312 1024 2339 tibi
1047 2320 1062 2339 a
1094 2313 1211 2340 Domino
1250 2322 1312 2348 quze
1339 2322 1373 2341 ex
1403 2314 1559 2350 ignorantia
1585 2318 1768 2352 commisisti;

974 2358 1034 2385 leva
1060 2363 1086 2386 te
1110 2359 1194 2395 igitur
1223 2363 1251 2387 et
1281 2361 1335 2388 nuli
1359 2362 1486 2397 persequi
1507 2363 1596 2398 ipsum
1625 2364 1766 2400 deinceps.

974 2404 1124 2440 aperiendo
1138 2413 1170 2433 os
1184 2409 1262 2433 tuum
1273 2410 1301 2434 et
1317 2407 1456 2442 loquendo
1473 2409 1646 2444 iniquitatem
1667 2415 1767 2439 contra

974 2457 1034 2477 nos.
1045 2448 1149 2478 Horum
1160 2454 1310 2479 verborum
1326 2453 1430 2481 virtute
1449 2454 1613 2483 mirabiliter
1634 2455 1687 2483 sibi
1701 2457 1766 2484 red-

974 2495 1058 2526 ditus,
1075 2497 1216 2525 contraria
1238 2497 1362 2531 omnino,
1386 2502 1469 2534 quam
1491 2505 1554 2528 ante
1576 2506 1637 2528 erat
1656 2502 1764 2534 solitus.

974 2540 1148 2576 loquebatur,
1160 2543 1298 2578 plenoque
1324 2552 1372 2572 ore
1403 2545 1571 2580 praedicabat
1595 2547 1642 2574 Dei
1667 2552 1765 2582 poten-

974 2587 1038 2614 tiam
1052 2595 1102 2623 per
1112 2588 1245 2616 famulum
1264 2597 1357 2618 suum.

1017 2634 1080 2662 QIO.
1099 2635 1357 2665 Adducensdeinde
1386 2637 1456 2665 filios
1472 2638 1543 2666 duos
1568 2639 1764 2673 daemoniacos.

973 2680 1127 2709 incolumes
1139 2683 1237 2710 ambos
1252 2684 1376 2718 recepit:
1394 2692 1513 2719 quorum
1535 2693 1590 2713 uno
1613 2687 1763 2715 comitante

972 2730 1067 2761 postea
1080 2727 1229 2763 aliquando
1256 2729 1289 2755 ad
1310 2734 1437 2757 sanctum
1466 2738 1494 2758 se
1520 2731 1668 2758 conferens
1687 2732 1763 2767 (quia

968 2770 1024 2804 jam
1042 2776 1173 2806 expertus
1187 2772 1331 2807 virtutem,
1348 2774 1450 2802 creber
1464 2782 1498 2802 eo
1513 2775 1611 2808 itabat,
1633 2780 1764 2812 tantoque.

970 2815 1143 2852 frequentius
1166 2823 1293 2853 .quanto
1323 2821 1423 2855 smpius
1452 2826 1515 2849 ante
1546 2822 1572 2850 id
1605 2822 1763 2853 iactitantes

971 2863 1198 2902 reprehenderat)
1226 2865 1254 2892 iu
1282 2867 1427 2894 caenaculo
1463 2868 1584 2902 quodam
1617 2869 1771 2906 superioml

1526 2917 1586 2958 100.

1778 2940 1786 2953 Ί
