1966 3068
149 139 216 174 3131

649 139 736 170 VITA
754 138 778 167 A
798 135 1018 168 NICEPHORO
1037 134 1280 166 CONSCRIPTA.

1719 134 1788 165 3182

147 199 246 235 μᾶλλον
261 196 278 232 ἢ
297 196 386 224 πίστει
398 195 444 223 καὶ
458 194 532 227 ζέσει
548 194 672 230 καρδίας,
684 193 789 229 τυφλήν
809 201 842 228 με
862 193 938 228 δεχό-

993 191 1100 219 fervore
1123 191 1217 218 cordis
1233 199 1240 217 :
1254 189 1353 217 Sancte
1371 189 1500 226 Symeon,
1526 196 1542 216 ο
1557 188 1604 224 qui
1622 195 1665 215 me
1680 187 1786 222 excipis

147 252 237 280 μενος,
253 242 387 270 ἀπόλυσον
402 241 563 277 βλέπουσαν.
578 240 632 267 Τοῦ
647 240 675 266 δὲ
690 239 938 275 σπλαγχνισθέντος

144 291 188 317 ἐπ’
204 289 284 324 αὐτῇ,
302 288 397 324 χεῖράς
414 296 445 314 τε
457 289 513 320 τοῖς
531 286 681 322 ὀφθαλμοῖς
693 285 844 317 ἐπιθέντος,
859 285 938 312 ἔϐλε-

146 336 193 370 ψεν
206 335 287 367 εὐθὺς
298 334 392 367 ὑγιῶς.
406 332 472 361 Εἶτα
487 333 621 370 προσάγει
634 332 683 368 τὴν
698 332 837 367 θυγατέρα
854 332 939 363 πάθος

145 382 258 417 ἔχουσαν
274 381 338 416 περὶ
353 381 402 416 τὴν
414 381 500 416 γονήν
513 388 519 394 ·
532 379 635 412 ἐπιθεὶς
649 379 739 406 τοίνυν
751 379 799 406 καὶ¹
812 380 844 414 τῇ
862 379 939 406 παιδὶ

145 429 194 463 τὴν
207 429 295 464 χεῖρα,
308 428 366 454 Νῦν
381 427 430 463 μὲν
446 427 567 462 ἐπάνηκε
579 427 628 454 σὺν
644 427 724 462 αὐτῇ,
736 425 804 461 πρὸς
820 426 869 461 τὴν
887 433 938 461 μη-

144 474 211 510 τέρα
241 473 304 508 ἔφη,
331 473 392 508 ὕψει
419 473 447 500 δὲ
475 472 544 500 οἴκοι
560 472 608 507 τὴν
628 472 706 505 δόξαν
725 471 773 498 τοῦ
792 471 871 498 Θεοῦ.
894 471 939 503 Ὠς

144 520 209 556 γοῦν
227 519 377 554 ἐπανῆλθον
396 519 537 556 ἑκάτεραι,
555 520 603 546 καὶ
615 519 740 546 ὕπνωσεν
755 516 800 545 οἷα
817 518 888 552 φιλεῖ
900 517 938 552 τῷ

143 567 260 602 καμάτῳ
285 567 335 601 τῆς
361 566 517 601 ὁδοιπορίας
537 566 554 601 ἡ
580 566 683 602 μήτηρ,
713 565 765 601 ὁρᾷ
791 564 837 591 τὸν
860 564 938 598 ἅγιον

143 613 174 640 ὲν
200 613 282 648 ὲτέρᾳ
303 613 406 648 μορφῇ,
433 611 480 638 καὶ
499 611 529 638 οὐ
545 612 576 647 τῇ
596 611 706 646 συνήθει
732 609 937 646 παραϐαλόντα,

142 659 192 694 τήν
221 667 251 685 τε
278 659 369 685 νεᾶνιν
395 659 520 693 ἀγαγεῖν,
539 658 586 684 καὶ
611 657 640 684 τὺ
662 656 748 688 πάθος
763 656 937 691 ἀνακαλύψαι

143 704 329 730 κελεύσαντα·
358 700 388 730 οὗ
409 704 476 738 παρ’
500 702 586 737 αὐτῆς
615 702 717 733 εὐθέως
740 701 937 737 γεγενημένου,

143 749 316 784 ἀνατεμόντα
338 747 427 780 τοῦτο,
453 749 501 774 καὶ
529 747 560 774 τὺ
583 744 685 774 λυποῦν
711 745 817 773 ἐκεῖθεν
832 745 938 780 ἐξενεγ-

143 795 235 827 κόντα,
251 794 298 821 καὶ
316 793 397 821 πάλιν
412 793 461 824 τὰς
477 793 586 828 πληγὰς
603 791 809 819 συνουλώσαντα
820 799 828 808 ο
843 792 938 818 ἔπειτα

144 839 237 875 μέντοι
251 839 302 875 τῆς
320 839 409 870 οἰκίας
428 838 544 872 ἐξιόντα,
559 838 606 864 καὶ
626 837 727 872 ἑαυτὴν
743 837 792 872 μὲν
812 836 937 872 ὁρκίζου-

144 894 194 913 σαν
217 885 299 912 αὑτὸν
325 885 399 916 ὅστις
426 885 470 919 εἴη
494 884 617 918 φράσαι·
635 882 681 910 τὸν
700 882 728 909 δὲ
744 881 870 916 καθάπερ
887 881 936 916 βα-

145 932 214 967 ρέως
244 931 362 966 φέροντα
389 931 436 957 καὶ
461 929 622 965 ἀχθόμενον,
636 927 672 955 Ὦ
699 928 793 963 γύναι,
809 928 835 955 τί
858 929 939 955 τοῦτο

143 979 283 1014 ἐπιζητεῖς
299 976 518 1012 ἀποκρίνασθαι;
543 976 716 1002 Διαναστᾶσα
736 975 839 1008 τοίνυν,
857 974 938 1001 ἃ)τοῦ

145 1024 299 1059 θαύματοςῐ
317 1023 440 1058 εὑρίσκει
460 1022 509 1057 τὴν
526 1022 610 1048 παῖδα
630 1022 678 1048 τοῦ
699 1021 802 1053 πάθους
816 1021 940 1048 ἀπαλλα-

144 1073 249 1106 γεῖσαν,
271 1071 317 1097 καὶ
339 1070 461 1106 βραχέως
482 1069 568 1096 ὕπνου
585 1069 669 1105 δῶρον
689 1069 758 1105 αὐτῇ
779 1068 940 1104 παραδόξως

144 1117 344 1153 γεγενημένην.

182 1167 244 1198 σιγ’.
272 1163 352 1199 Ἀνὴρ
367 1163 395 1190 δέ
411 1171 451 1194 τις
467 1163 499 1189 ἐκ
517 1162 645 1197 γειτόνων
663 1162 697 1197 τῇ
714 1161 825 1195 γυναικὶ
841 1160 939 1196 ταύτῃ,

145 1210 252 1246 γλώττῃ
268 1209 339 1236 κατὰ
354 1208 401 1236 τοῦ
417 1209 495 1243 ἁγίου
514 1208 625 1244 λοιδόρῳ
640 1207 685 1234 καὶ
702 1207 817 1242 διαϐίλῳ
829 1206 939 1242 χρώμε-

146 1265 201 1288 νος,
222 1256 250 1288 ὃς
273 1257 329 1287 τοῖς
342 1255 424 1282 αὐτοῦ
445 1254 609 1290 θαυμασίοις
627 1254 676 1280 οὐκ
688 1252 847 1279 ἀπιστοῦντι
862 1252 941 1288 μόνον

147 1301 238 1338 ἐῴκει,
255 1302 323 1329 ἀλλά
337 1301 385 1329 καὶ
401 1300 613 1337 παρασκώπτων
633 1301 673 1331 είς
687 1299 768 1325 αὑτὸν
787 1296 832 1335 ἦν,
847 1299 893 1325 καὶ
908 1298 942 1325 τὰ

147 1349 251 1374 ἐκείνου
267 1347 404 1382 διασύρων
415 1347 526 1383 ἀναίδην
542 1346 590 1373 καὶ
604 1345 790 1377 καταπαίζων.
808 1340 891 1376 Οὗτος
902 1344 942 1370 δί-

147 1403 199 1429 κην
215 1394 303 1430 εὑρὼν
326 1393 477 1423 ἀκολάστου
502 1392 638 1428 γλώσσης,
663 1391 778 1426 δαίμονα
806 1391 940 1423 σύνοικον,

147 1440 314 1475 προσάγεται
330 1439 368 1475 τῷ
386 1439 466 1474 ἁγίῳ,
481 1439 527 1466 καὶ
541 1438 690 1473 θεραπείας
714 1437 780 1472 παρ’
793 1437 876 1464 αὑτοῦ
895 1446 942 1463 τυ-

147 1485 214 1522 χὼν,
230 1486 291 1512 οὐδὲ
307 1486 392 1522 ταύτῃ
416 1486 465 1521 τῆς
493 1487 532 1517 είς
545 1485 626 1512 αὐτὸν
645 1484 781 1519 ἀπέσχετο
796 1483 939 1519 φλυαρίας.

154 1532 186 1559 'H
206 1531 267 1566 δίκη
283 1531 312 1558 δὲ
329 1531 409 1558 πάλιν
425 1531 479 1557 τῶν
499 1531 599 1565 ἑαυτῆς
614 1530 663 1556 οὐκ
677 1530 773 1565 ἡμέλει
786 1536 792 1544 ·
814 1528 882 1555 ἀλλὰ
899 1537 942 1555 vo-
956 1543 976 1572 ϐ

149 1578 231 1613 μὶσας
250 1579 263 1604 ὁ
280 1578 392 1612 μάταιος
410 1577 513 1608 ἐκεῖνος
537 1576 601 1603 ἰδεῖν
616 1576 662 1602 τὸν
680 1575 754 1610 ἅγιον
775 1575 804 1602 ὲν
822 1575 942 1611 ὁράματι

148 1621 244 1652 νυκτὸς
264 1620 338 1655 αὐτῷ
362 1621 522 1650 ἐπιστάντα,
542 1620 589 1646 καὶ
606 1620 655 1655 τὴν
670 1619 750 1646 αὑτοῦ
769 1620 859 1652 δεξιὰν
875 1620 943 1655 πρὸς

148 1663 233 1700 ὀργὴν
247 1664 437 1698 ἀφελόμενον
464 1663 642 1700 ςιυπνισθεὶς,
670 1664 794 1698 ἀψευδεῖς
821 1665 943 1691 ἐπὶτῶν

261 1695 382 1744 εὑρίσκει
404 1709 453 1741 τὰς
468 1695 520 1745 ττῆς
536 1695 822 1744 φαντασίας-εἰκόνας.
840 1711 872 1738 Et
889 1711 943 1746 γὰρ

150 1757 197 1794 καὶ
210 1755 247 1790 μὴ
263 1755 350 1791 πάντη
366 1755 416 1791 τὴν
425 1755 514 1787 δεξιὰν
529 1754 664 1791 ἀφῄρητο,
678 1757 746 1783 ἀλλά
759 1757 845 1792 ξηρὰν
858 1758 944 1793 αὐτὴν

149 1798 217 1835 εἶχε,
229 1801 276 1828 καὶ
291 1801 366 1828 οὐδὲν
381 1801 491 1838 ἀψύχων
504 1801 664 1828 ἀπεοικυῖαν
675 1811 682 1818 ·
697 1802 792 1831 ἔπειτα
807 1804 897 1839 μέντοι
914 1804 942 1830 αξ

150 1845 252 1880 σάρκες
275 1845 454 1882 διαρῤυεῖσαι,
475 1850 567 1884 γυμνὰ
591 1849 672 1885 μέχρι
689 1849 797 1885 καρποῦ
818 1849 852 1876 τὰ
876 1850 943 1876 ἐστᾶ

150 1892 197 1919 καὶ
213 1892 297 1928 νεῦρα
317 1894 367 1927 τῆς
387 1894 478 1929 χειρὸς
503 1896 611 1932 ἐκείνης
630 1896 861 1923 ἀπολελοίπεσαν·
880 1896 944 1930 ἑξῆς

148 1939 177 1966 δὲ
198 1939 244 1965 καὶ
262 1938 381 1973 σκώληξι
397 1939 509 1973 ζέσασα,
524 1940 585 1967 οὐδὲ
601 1941 723 1978 φορητὴν
739 1941 777 1977 τῷ
793 1940 877 1976 ἀθλίῳ
895 1941 943 1976 τὴν

148 1985 198 2018 τῆς
213 1982 307 2020 ὀδύνης
320 1985 382 2019 βίαν
396 1987 520 2021 παρεῖχε.

955 869 975 896 Β

991 237 1079 265 oculis
1088 241 1241 269 carentem,
1253 235 1287 264 iis
1302 235 1441 263 videntem
1457 234 1578 262 dimitte.
1594 233 1718 268 Cumque
1734 233 1786 260 mi«

990 288 1099 311 seratas
1113 283 1169 315 ille,
1196 290 1293 310 manus
1314 281 1402 309 oculis
1418 281 1605 316 imposuisset,
1621 280 1692 308 vidit
1710 280 1785 308 illico

990 333 1078 356 recte.
1099 328 1204 356 Deinde
1228 327 1311 354 tiliatn
1325 334 1435 362 quoque
1453 326 1530 354 ducit
1544 325 1642 353 morbo
1654 324 1784 352 laboran-

991 381 1045 403 tem
1062 376 1130 410 (56),
1152 375 1200 410 qui
1212 374 1356 410 imponens
1371 373 1498 401 similiter
1516 372 1555 400 illi
1570 379 1679 404 manus,
1697 371 1786 406 inquit

990 422 1072 449 matri
1093 429 1100 448 :
1118 421 1265 448 Revertere
1281 427 1356 448 nunc
1369 427 1433 447 cum
1453 418 1505 446 tilia
1522 419 1645 451 domum,
1666 417 1730 446 istic
1742 417 1786 445 vi~

990 468 1067 495 debit
1085 467 1199 503 gloriam
1227 467 1286 494 Dei.
1305 466 1374 494 Cum
1393 466 1476 501 igitur
1489 465 1670 493 revertissent
1687 463 1784 505 amitte,

989 513 1071 540 matri
1083 517 1113 540 ut
1124 513 1234 544 assolet,
1245 511 1440 548 defatigatione
1452 511 1560 539 itineris
1568 518 1681 538 somnus
1690 510 1787 545 obrep-

990 558 1036 590 sit,
1051 557 1215 593 oblatusque
1232 557 1260 584 in
1286 557 1334 584 illo
1354 560 1397 584 est
1422 561 1544 588 sanctus,
1567 555 1649 583 aliam
1674 555 1787 582 indutus

989 604 1107 632 formam
1118 612 1139 631 ον
1148 608 1298 635 consueta;
1311 602 1461 630 accedebat
1473 606 1576 634 autem,
1590 601 1694 629 ducens
1705 608 1786 628 manu

989 651 1120 686 puellam.
1133 650 1178 678 cui
1194 649 1359 684 imperabat,
1375 648 1480 676 doloris
1492 647 1534 675 sui
1553 648 1644 675 locum
1661 651 1690 674 ut
1707 654 1787 674 reve-

990 696 1069 724 laret.
1091 697 1194 731 [Itaque
1215 703 1277 722 mox
1296 696 1372 730 jussa
1389 698 1561 730 capessettte,
1584 694 1703 721 dissecto
1726 693 1787 720 loco

989 742 1126 770 educebat
1142 742 1206 769 inde
1221 741 1296 776 quod
1311 741 1402 768 fuerat
1416 741 1520 768 doloris
1534 745 1628 773 causa;
1647 743 1675 767 et
1687 739 1787 766 vulnus

990 787 1118 815 cicatrice
1130 787 1287 814 obducebat
1302 795 1308 813 :
1328 790 1423 821 postea
1442 786 1629 821 egredientem
1647 785 1729 813 domo
1743 785 1785 811 vi-

990 833 1108 860 debatur
1132 833 1185 860 sibi
1211 832 1312 865 mulier
1333 831 1507 867 obstringere
1529 831 1728 867 jurejurando,
1756 836 1786 858 ut

989 879 1095 911 ederet,
1111 878 1174 914 quis
1188 883 1262 906 esset
1279 886 1286 905 :
1307 877 1385 905 illum
1407 881 1511 910 autem,
1534 877 1620 904 veluti
1643 877 1786 904 molestius

989 923 1125 951 ferentem
1149 923 1395 958 indolentemquc,
1421 922 1590 957 respondere
1609 931 1617 949 :
1633 922 1655 950 Ο
1674 922 1784 954 mulier,

990 977 1041 997 cur
1062 969 1130 997 illud
1156 969 1365 1005 percunctaris?
1388 969 1436 998 [iis
1452 968 1530 999 visis.
1547 968 1665 996 excitata
1687 967 1787 994 mulirr

992 1015 1020 1051 (ο
1036 1016 1198 1043 miraculum
1210 1015 1229 1050 l)
1242 1015 1474 1050 reperitpuellam
1490 1014 1586 1042 dolore
1598 1014 1724 1046 liberant,
1738 1022 1786 1048 per

991 1060 1085 1089 brevis
1107 1060 1196 1088 somni
1213 1069 1313 1088 mttnus
1333 1060 1505 1089 admirabile.

1026 1157 1089 1184 215.
1111 1156 1150 1184 Ex
1161 1157 1262 1184 vicinia
1274 1157 1390 1192 hujusce
1407 1157 1532 1184 mulieris
1545 1157 1586 1183 vir
1596 1157 1707 1192 qttidam
1720 1165 1787 1185 con-

993 1203 1139 1230 tumeliosa
1167 1207 1249 1238 atque
1276 1203 1413 1230 diabolica
1428 1203 1521 1237 lingua
1548 1203 1638 1230 virum
1660 1208 1785 1231 sanctum

994 1247 1163 1279 incessebat;
1189 1252 1217 1274 et
1242 1247 1388 1274 videbatur
1414 1255 1470 1274 non
1495 1247 1578 1274 modo
1603 1255 1658 1275 non
1673 1248 1786 1276 credere

993 1293 1125 1321 miracula
1141 1293 1210 1328 ejus,
1223 1293 1272 1320 sed
1285 1297 1314 1320 et
1333 1293 1467 1325 cavillari,
1481 1297 1563 1328 atque
1575 1293 1722 1321 detrahere
1739 1301 1788 1329 per

993 1348 1129 1368 summam
1155 1340 1354 1376 impudentiam
1372 1341 1457 1368 rebus
1478 1341 1512 1368 ab
1533 1341 1580 1368 illo
1601 1342 1684 1377 gestis
1700 1342 1787 1377 iiSqne

993 1388 1120 1416 illudere.
1138 1387 1191 1415 Sed
1204 1387 1308 1423 reperit
1322 1388 1533 1423 intemperantis
1548 1388 1647 1423 lingua:
1662 1390 1788 1416 meritam

994 1433 1139 1466 ultionem,
1170 1433 1295 1461 daemone
1321 1433 1411 1468 ipsum
1441 1434 1599 1461 invadente.
1624 1434 1789 1462 Producitur

993 1487 1058 1515 ergo
1074 1480 1108 1507 ad
1125 1484 1267 1513 sanctum;
1284 1480 1333 1507 sed
1349 1480 1384 1507 ab
1398 1487 1432 1507 eo
1446 1480 1639 1508 liberationem
1654 1489 1789 1509 consecu-

995 1530 1049 1559 tus,
1065 1527 1153 1554 nihilo
1170 1527 1255 1562 magis
1273 1534 1354 1562 quam
1370 1527 1447 1562 prius
1464 1527 1608 1555 desinebat
1621 1528 1648 1555 in
1664 1533 1789 1556 sanctum

994 1573 1150 1607 petulanter
1163 1565 1253 1608 agere.
1266 1573 1318 1601 Sed
1335 1577 1363 1600 et
1376 1574 1497 1601 vindicta
1510 1583 1620 1602 rursum
1634 1575 1721 1602 nihilo
1736 1580 1791 1602 tar-

995 1619 1058 1646 dius
1073 1619 1252 1653 subsequitur
1265 1630 1270 1646 :
1283 1620 1435 1647 arbitratus
1450 1628 1569 1654 namque
1585 1625 1626 1647 est
1641 1629 1728 1648 vanus
1743 1621 1790 1650 ille

995 1664 1088 1696 homo,
1104 1669 1187 1691 noctu
1201 1662 1232 1691 'se
1248 1664 1275 1691 in
1286 1664 1392 1691 visione
1406 1665 1568 1699 conspicere
1581 1666 1790 1697 sanctum,sibi-

996 1717 1049 1744 que
1063 1710 1090 1737 in
1108 1710 1259 1737 vindictam
1275 1710 1378 1737 auferri
1396 1710 1430 1737 ab
1447 1710 1518 1738 irato
1533 1710 1673 1738 dexteram
1690 1719 1766 1739 suam
1781 1721 1787 1739 :

997 1759 1176 1790 experrectus
1188 1760 1280 1783 autem
1308 1756 1443 1791 comperit
1459 1756 1574 1784 minime
1594 1764 1679 1784 vanas
1704 1757 1790 1785 fuisse

996 1802 1111 1830 visionis
1141 1802 1291 1839 imagines,
1319 1802 1367 1830 sed
1400 1810 1457 1829 rem
1483 1802 1571 1837 ipsam
1606 1802 1716 1831 fuisse:
1737 1804 1789 1832 etsi

991 1849 1065 1876 enim
1105 1849 1218 1876 dextera
1248 1849 1307 1883 ejus
1344 1849 1458 1876 omnino
1498 1849 1587 1877 ablata
1618 1858 1674 1877 non
1702 1856 1787 1882 esset,

993 1899 1104 1922 aruerat
1120 1898 1188 1926 tota,
1205 1894 1274 1921 nihil
1288 1894 1421 1922 dit'l'erens
1445 1895 1480 1923 ab
1496 1894 1627 1923 inanima.
1641 1896 1698 1924 Nec
1715 1896 1790 1924 stetit

993 1941 1039 1968 hic
1065 1942 1166 1968 malum
1184 1949 1191 1968 :
1209 1946 1371 1976 consumpta
1390 1949 1466 1974 caro,
1493 1942 1566 1970 nuda
1592 1942 1666 1970 illius
1693 1951 1789 1970 manus

994 1987 1066 2022 polla
1085 1994 1242 2021 nervosque
1261 1986 1399 2019 destituit,
1416 1994 1562 2022 usquequo
1589 1995 1621 2015 ea
1636 1988 1789 2016 committi-

150 2036 196 2059 tur
209 2030 323 2059 brachio
342 2039 349 2059 :
371 2031 405 2060 ad
417 2031 475 2060 haec
489 2035 516 2060 et
529 2032 671 2061 vermibus
683 2032 756 2070 quod
772 2033 891 2062 restabat
909 2033 1102 2068 exedentibus,
1125 2032 1308 2060 intolerabilis
1324 2032 1494 2061 inferebatur
1527 2034 1630 2061 misero
1655 2034 1786 2062 violentia

148 2077 286 2105 dolorum.

186 2124 244 2151 σιδ’.
258 2124 352 2156 Συνεὶς
368 2125 513 2162 τοιγαροῦν
528 2126 596 2162 μετά
612 2125 662 2162 τὴν
678 2126 798 2162 πληγὴν,
813 2127 940 2163 πρόσεισι

150 2171 190 2206 τῷ
212 2171 283 2206 ἁγίῳ
301 2171 466 2206 πικροτέραν
491 2172 538 2199 τοῦ
556 2172 660 2205 πάθους
675 2173 724 2209 τὴν
740 2173 787 2200 ἐπὶ
802 2174 859 2206 τοῖς
873 2183 942 2210 προ-

149 2216 261 2244 λαϐοῦσι
288 2216 470 2252 μεταμέλειαν
490 2218 570 2253 ἔχων.
592 2219 621 2245 '0
634 2218 662 2245 δὲ
689 2219 737 2246 τοῦ
761 2218 857 2254 ἀνδρὸς
874 2219 941 2254 ἀψά-
958 2238 979 2265 D

150 2271 243 2300 μενος,
257 2263 362 2290 κελεύει
394 2264 445 2298 τῆς
473 2265 555 2291 αὐτοῦ
582 2265 685 2298 κόνεως
704 2266 822 2293 λαϐόντα
847 2266 940 2295 οἴκαδε

148 2308 271 2338 ἀπιέναι,
283 2308 347 2335 ἄλλο
362 2309 393 2344 τῇ
407 2309 481 2345 χειρὶ
497 2309 580 2345 μηδὲν
604 2311 645 2337 ὅτι
666 2312 703 2346 μὴ
726 2312 829 2347 ταύτης
850 2313 940 2338 ἐπιτι-

149 2353 241 2381 θέντα.
255 2354 310 2380 Καὶ
322 2354 335 2380 ὁ
353 2355 401 2390 μὲν
417 2355 504 2382 ταῦτα
520 2355 585 2391 ἕδρα
605 2364 612 2371 ”
631 2357 695 2392 περὶ
710 2357 739 2384 δὲ
765 2357 874 2393 πρῶτον
895 2367 941 2384 νυ-

149 2399 214 2431 κτὺς
229 2398 314 2426 ὕπνον
326 2400 412 2433 ἔδοξεν
427 2400 500 2435 αὑτῷ
508 2400 554 2427 τὸν
563 2401 674 2437 Συμεὼν
685 2403 845 2435 ἐπιστάντα,
855 2404 939 2430 πτύε-

149 2445 194 2471 λόν
209 2453 240 2471 τε
256 2445 312 2472 τοῦ·
323 2445 425 2472 οἰκείου
443 2446 587 2481 στόματος,
600 2447 647 2473 τοῦ
678 2447 752 2475 θείου
766 2448 804 2481 ὡς
829 2448 938 2485 ἀληθῶς

149 2491 254 2519 ἐκείνου
272 2492 318 2518 καὶ
333 2491 393 2526 Θεῷ
404 2491 448 2518 διὰ
463 2492 562 2524 παν-τος
577 2493 804 2528 προσλαλοῦντος,
818 2496 850 2530 τῇ
863 2495 940 2530 δεξιᾷ

149 2537 332 2574 λαμϐάνοντα,
345 2538 394 2573 τὴν
417 2537 523 2564 ἐκείνου
548 2538 638 2571 δεξιὰν
654 2540 799 2576 ὲπιχρίειν,
819 2540 888 2575 ὁμοῦ
913 2541 941 2567 δὲ

149 2584 189 2619 τῷ
204 2585 336 2620 χρίσματι
358 2584 406 2611 καὶ
422 2585 528 2620 σάρκας
552 2585 713 2619 ἀνάγεσθαι,
727 2587 774 2613 καὶ
792 2586 880 2622 δέρμα
897 2587 940 2614 ἐπ’

150 2631 237 2666 αὐτὴν
253 2631 434 2663 ἐκτείνεσθαι,
456 2631 508 2662 ἕως
527 2631 574 2657 ἐπὶ
589 2630 634 2657 τὸν
649 2632 800 2667 πριέλοντα
814 2633 940 2660 κόνδυλον

150 2677 200 2705 τοῦ
223 2677 307 2713 μέσον
324 2677 468 2704 δακτύλου.
481 2677 581 2704 Τοῦτον
597 2677 625 2704 δὲ
638 2677 713 2712 αὺτῴ
732 2677 780 2705 σὺν
805 2678 879 2714 δνυχι
891 2687 940 2705 1::-

193 2755 257 2793 (ὅθ)
278 2755 367 2793 Graec
394 2758 459 2793 περὶ
477 2759 526 2793 τὴν
550 2759 634 2793 γυνήν
649 2765 656 2772 ·
685 2761 709 2793 et
731 2757 836 2792 quidem
852 2758 919 2793 γυνὴ
932 2779 939 2790 ,

150 2791 291 2826 γυναικὸς,
303 2792 403 2824 quinta:
426 2791 619 2821 declinationis
641 2791 771 2819 feminam
797 2791 939 2827 mgni/icui,

148 2828 230 2862 γυνὴ,
243 2827 337 2863 γυνῆς,
353 2828 475 2856 secunda:
497 2828 683 2856 declinationis
696 2836 828 2863 nusquam
841 2829 942 2856 inveni-

150 2861 291 2897 tur,'quud
307 2863 400 2890 sciam.
421 2863 491 2896 Quid
503 2865 526 2892 si
542 2865 581 2892 ita
604 2863 738 2891 declinata
752 2861 811 2890 'vox
821 2869 943 2891 sumatur

1029 2126 1092 2154 2M.
1105 2126 1282 2161 Resipisccns
1298 2125 1382 2162 igitur
1394 2130 1455 2161 post
1469 2126 1550 2154 talem
1564 2127 1785 2162 castigationem,

995 2172 1122 2208 procedit
1133 2172 1166 2199 ad
1181 2176 1318 2205 sanctum,
1334 2172 1507 2200 acerbiorem
1533 2173 1703 2208 pmnitentize
1725 2183 1788 2210 pro-

995 2220 1057 2255 ptc'r
1079 2219 1211 2250 admissa,
1240 2226 1323 2254 quam
1355 2218 1459 2246 doloris
1490 2226 1523 2246 cx
1550 2227 1661 2247 corrOsa
1691 2228 1785 2253 manu,

994 2272 1105 2293 sensum
1130 2264 1260 2292 atl‘erens.
1284 2264 1370 2292 Tactu
1397 2273 1448 2293 suo
1474 2265 1618 2301 dignatum
1640 2267 1720 2302 jubet
1742 2269 1786 2296 ille

994 2309 1120 2342 pulveris
1133 2309 1275 2344 quidpiam
1290 2317 1382 2337 secum
1397 2315 1538 2346 asportare
1561 2319 1594 2339 ac
1620 2313 1712 2341 redire
1736 2314 1787 2342 do-

990 2362 1083 2382 mum:
1096 2363 1147 2382 nec
1160 2354 1323 2390 quidquam,
1335 2361 1449 2390 excepto
1463 2357 1527 2389 isto,
1541 2358 1634 2384 manu‘i
1647 2358 1788 2394 impone”-

990 2401 1067 2428 dum.
1083 2399 1161 2433 Quod
1176 2405 1204 2427 et
1217 2400 1313 2427 sedulo
1324 2400 1397 2429 fecit.
1412 2400 1469 2429 Sub
1485 2403 1602 2437 primam
1619 2411 1685 2431 vero
1698 2407 1788 2433 noctis

995 2447 1116 2482 quietem
1127 2446 1203 2474 visus
1218 2446 1242 2473 ei
1263 2450 1306 2473 est
1331 2450 1421 2474 astare
1436 2447 1564 2483 Symeon,
1596 2451 1644 2485 qui
1673 2451 1786 2479 salivam

997 2494 1053 2521 oris
1069 2493 1123 2525 sui,
1139 2493 1196 2520 oris
1210 2501 1292 2528 quam
1312 2494 1455 2522 verissime
1471 2495 1558 2524 divini
1571 2501 1599 2524 ct
1610 2497 1666 2525 Deo
1678 2505 1787 2534 semper

996 2540 1190 2575 colloquentis,
1205 2539 1319 2567 dextera
1338 2548 1387 2568 sua
1407 2547 1563 2577 exceptam,
1578 2543 1653 2571 illius
1665 2544 1787 2572 dextera:

995 2586 1146 2614 allinebat:
1165 2593 1221 2620 quo
1243 2585 1325 2620 facto,
1349 2586 1430 2614 simul
1458 2594 1541 2615 carne
1567 2588 1680 2622 obduci,
1705 2591 1786 2617 simul

995 2632 1068 2668 pelle
1084 2631 1178 2660 vestiri
1193 2632 1227 2660 ad
1243 2640 1382 2659 summum
1397 2640 1484 2668 usque
1515 2635 1598 2662 medii
1619 2635 1696 2671 digiti
1723 2644 1788 2664 σθω

994 2679 1088 2715 dylum
1103 2680 1206 2714 coepit:
1224 2679 1301 2707 visus
1317 2683 1408 2706 autem
1420 2685 1463 2706 est
1479 2682 1612 2718 condyltts
1643 2683 1694 2710 iste
1723 2691 1787 2710 cum

990 2768 1038 2796 pro
1067 2764 1143 2796 parte
1173 2760 1307 2795 muliebri,
1331 2770 1411 2797 quam
1438 2763 1501 2797 quia
1518 2762 1621 2796 tungia
1643 2771 1787 2797 monac/tn,

978 2797 1072 2822 tetium
1098 2805 1143 2835 per
1163 2797 1296 2824 somnium
1323 2802 1346 2824 et
1366 2798 1502 2835 visionem,
1533 2799 1654 2827 indecens
1681 2801 1788 2835 luisset,

991 2832 1147 2871 apparuerit
1162 2835 1281 2871 senatus,
1306 2841 1358 2860 non
1384 2834 1410 2860 in
1437 2835 1547 2870 propria
1574 2832 1742 2871 specie,'aed
1759 2832 1788 2865 ιιι

992 2867 1081 2894 habitu
1100 2866 1220 2901 chirurgi
1225 2866 1239 2894 Ρ
