1966 3068
191 131 265 164 3183

798 132 828 164 S.
850 131 1036 161 SYMEONIS
1054 129 1234 162 JUNIORIS

1747 130 1813 163 318".

195 197 286 225 ungue
314 188 424 221 cadere,
458 191 488 215 ut
517 193 615 222 nempe
641 185 778 214 secuturis
807 187 975 222 temporibus

1031 187 1105 219 σεῖν,
1138 186 1178 218 ὡς
1201 183 1272 213 εἶναι
1297 185 1346 212 καὶ
1375 185 1443 221 πρὸς
1469 186 1501 214 τὸ
1531 186 1626 223 μέλλον
1662 187 1814 224 ὑπόμνησιν

195 243 300 262 memor
313 234 385 262 foret
399 233 616 268 intemperantiae
644 241 700 261 sua:
726 233 754 260 in
774 233 912 268 loquendo
937 233 979 260 ni-

189 280 273 313 miae;
287 283 314 306 et
327 278 466 306 succrevit
486 277 585 313 unguis
603 277 675 305 alius
690 278 717 305 in
735 281 859 305 extremo
902 278 979 314 digiti

183 326 233 353 sic
253 325 370 352 mutilati
383 324 510 352 articulo.
527 323 589 351 llaec
600 324 688 356 visio,
703 331 766 351 cum
779 323 978 359 expergiscitur

195 371 288 403 homo,
301 378 346 398 res
362 370 425 402 fuit,
441 379 523 398 manu
551 370 625 398 omni
645 378 680 397 ex
694 374 772 405 parte
801 370 918 406 integra,
937 370 978 397 uti

194 415 325 447 diximus,
336 415 495 442 exsistente.
512 415 547 442 Ut
562 418 654 442 autem
671 415 804 442 miraculo
818 415 978 450 adjiciamus

194 461 368 493 miraculum,
380 461 476 488 eadem
492 465 584 493 nocte,
599 468 653 495 qua
670 460 729 488 hasc
747 461 786 488 illi
811 461 979 488 videbantur

192 507 300 534 actitari
316 514 329 534 a
347 506 492 542 Symeone,
514 507 572 540 ipse
603 513 713 541 quoque
735 505 855 541 Symeon
882 510 977 541 raptus

193 553 219 579 in
237 552 347 587 spiritu,
362 559 391 580 se
409 552 497 587 ipsum
507 551 603 579 eadem
623 551 794 579 factitantem
821 550 977 586 conspicari

192 597 267 625 visus
277 601 334 631 est;
348 596 580 632 quemadmodum
595 597 664 631 ipse,
692 596 739 632 qui
755 595 887 624 inecstasi
911 601 976 623 tunc

191 644 342 676 exstiterat,
357 643 500 679 discipulis
513 643 628 670 multum
644 642 805 678 rogantibus
814 642 974 675 declaravit;

190 694 218 717 et
242 690 293 717 iste
322 697 443 725 quoque,
479 690 527 725 qui
554 689 743 717 incolumitate
769 689 889 717 donatus
917 692 975 717 erat

190 736 351 763 enarravit.‘

224 783 286 810 215.
307 783 407 809 Verum
426 781 492 817 quid
508 782 535 809 in
551 781 836 815 vanum‘laboramus,
848 781 974 809 conando

190 828 281 855 omnia
298 828 359 863 ejus
373 831 449 862 gesta
466 827 603 862 explicare
614 827 727 856 verbis"?
745 829 815 865 Erat
829 828 906 856 Sura:
917 828 973 864 (57)

191 872 274 907 (quod
295 876 338 899 est
359 871 490 906 oppidum
515 872 599 899 exiis
622 880 787 907 unum-quae
806 877 871 900 sunt
891 880 974 908 supra

190 918 368 953 Euphratem)
383 918 461 945 miles
474 917 597 952 quidam,
616 917 686 945 bene
700 918 789 946 valida
804 923 832 946 et
858 918 973 954 juvenili

189 968 269 991 aetate
282 962 394 996 ﬂorens,
410 971 461 990 nec
475 971 531 990 non
548 963 645 991 bellica
658 964 760 991 virtute
783 971 815 992 ac
844 965 928 992 rebus
946 964 974 991 in

183 1008 311 1035 omnibus
328 1008 489 1035 dexteritate
505 1007 633 1036 eximius.
649 1007 802 1042 Aliquando
816 1012 905 1035 autem
926 1014 973 1035 ac-

183 1055 249 1081 cidit
266 1054 304 1080 illi
321 1054 440 1080 lavatum
455 1054 542 1085 eunti,
554 1055 660 1082 obviam
676 1054 734 1081 lleri
750 1054 862 1081 militem
878 1054 972 1087 alium,

183 1100 228 1134 qui
255 1100 349 1126 morbo
375 1099 505 1127 comitiali
530 1100 690 1132 laborabat,
706 1108 721 1128 e
742 1100 845 1128 balneis
867 1107 973 1128 exeun-

192 1150 257 1172 tem.
275 1145 455 1173 Abominatus
471 1145 517 1172 ille
531 1145 671 1172 hominem
686 1145 856 1180 gravissime,
886 1146 975 1173 inter-

190 1191 266 1220 dicit,
281 1199 315 1218 ue
330 1192 426 1219 eodem
442 1191 572 1226 deinceps
587 1199 680 1219 secum
693 1191 790 1219 balneo
810 1197 913 1225 utatur,
928 1196 976 1220 aut

190 1238 303 1265 omnino
318 1245 411 1265 secum
435 1238 628 1273 congrediatur
646 1238 764 1273 uspiam.
787 1238 922 1273 ingemuit
941 1238 975 1266 ad

189 1284 249 1310 lucc
261 1283 343 1310 miser
361 1284 388 1310 in
399 1283 584 1311 amaritudine
603 1284 695 1311 cordis
707 1284 749 1311 sui
763 1293 769 1311 :
785 1285 901 1312 morbus
909 1292 975 1312 vero

190 1330 249 1364 ejus
268 1329 360 1364 (quam
371 1329 664 1363 incomprehensibilia
677 1329 819 1365 sapientia:
832 1334 886 1357 tua:
901 1330 975 1365 judi—

190 1375 242 1406 cia,
258 1375 400 1409 Domine!)
421 1375 497 1402 dicto
511 1375 594 1402 citius
609 1375 637 1402 in
659 1376 775 1402 alterum
791 1376 911 1403 transiit.
929 1377 974 1404 ln-

191 1426 347 1448 tnmescunt
361 1422 445 1456 igitur
457 1421 528 1448 intra
543 1421 666 1448 triduum
681 1421 722 1449 illi
739 1429 837 1449 carnes
864 1425 892 1450 et
921 1421 975 1449 dil-

189 1466 288 1496 tluunt,
303 1466 461 1493 immutatur
475 1466 572 1496 forma.
589 1471 710 1495 arctatur
726 1467 856 1502 spiritus;
888 1466 975 1502 ﬁtque

1029 232 1125 267 ἐκείνῳ
1141 232 1192 267 τῆς
1207 232 1309 268 πολλῆς
1323 233 1388 269 περὶ
1403 232 1527 267 γλῶτταν
1550 233 1710 267 ἀκολασίας,
1731 235 1812 270 ὄνυχα

1028 278 1056 305 δὲ
1077 279 1210 314 ἀναϐῆναι
1230 279 1308 307 ἄλλον
1331 280 1377 307 ἐπὶ
1401 280 1432 307 τὸ
1459 281 1590 316 ἐχόμενον
1615 281 1663 307 τοῦ
1689 281 1812 308 κονδύλου

1028 324 1138 360 ἄρθρον.
1161 325 1217 360 Τὴν
1238 325 1288 360 μὲν
1309 324 1355 353 οὖν
1377 326 1437 361 ὄψιν
1460 327 1644 353 διυπνισθέντι
1669 327 1708 362 τῷ
1737 327 1812 363 ἀνδρὶ

1028 368 1108 404 ἔργον
1121 367 1201 402 εἶναι,
1221 370 1266 397 καὶ
1287 370 1337 405 τὴν
1362 371 1439 406 χεῖρα
1455 370 1540 405 ὑγιῶς
1555 370 1592 402 ὼς
1609 370 1714 406 ἔφημεν
1731 371 1812 406 ἔχειν·

1029 415 1071 442 ἵνα
1111 414 1140 441 δὲ
1178 414 1217 450 τῷ
1249 415 1370 450 Θαύματι
1400 416 1493 450 θαῦμα
1517 416 1692 452 προσθῶμεν,
1724 417 1810 444 ταῦτα

1027 461 1133 498 δρῶντα
1149 461 1195 488 τὸν
1211 462 1335 497 Συμεὼν,
1352 460 1387 498 ἦν
1397 462 1447 498 τῆς
1459 463 1555 494 νυκτὸς
1567 464 1674 499 ἐκείνης
1692 465 1759 499 όρᾷν
1773 463 1811 500 τῷ

1028 508 1161 543 πνεύματι
1172 507 1279 539 ἑαυτὸν,
1292 506 1336 535 οἷα
1352 509 1471 545 κάκείνῳ
1485 509 1645 536 συνέϐαινεν
1658 519 1666 526 ·
1677 510 1715 542 ὡς
1729 511 1811 543 αὑτός

1026 563 1056 581 τε
1078 555 1134 586 τοῖς
1153 554 1289 590 μαθηταῖς
1303 555 1394 589 ὀφθεὶς
1411 556 1439 582 ὲν
1462 557 1589 584 ἐκστάσει
1614 557 1674 584 τότε
1698 565 1812 592 γεγενη-

1029 600 1119 636 μένος,
1133 600 1218 627 πολλὰ
1233 601 1369 636 δεηθεῖσιν
1393 602 1556 638 ἀπήγγειλε,
1574 603 1622 630 καὶ
1633 604 1646 630 ὁ
1658 603 1709 638 τῆς
1728 603 1808 639 θερα-

1028 647 1107 679 πείας
1118 645 1208 682 τυχὼν
1221 647 1384 683 ἐξηγήσατο.

1062 785 1120 808 σιεν.
1135 781 1215 809 Ἀλλὰ
1229 782 1386 818 μέχριτίνος
1392 782 1544 818 ἀμηχάνοις
1554 783 1755 820 ἐπιχειροῦμεν,
1770 784 1814 812 λό-

1025 835 1066 863 γῳ
1085 827 1120 855 τὰ
1137 828 1241 855 ἐκείνου
1253 828 1388 855 διαλαϐεῖν
1400 829 1518 864 καθεξῆς
1529 830 1617 856 πάντα
1628 830 1811 866 πειρώμενοι;

988 862 1012 892 Β
1025 871 1080 900 Ἦν
1089 881 1130 904 τις
1144 874 1173 900 ὲν
1188 874 1298 909 Σουροῑς
1311 876 1480 909 στρατιώτης
1493 862 1640 909 (πολίχνιον
1651 862 1681 903 δέ
1689 862 1724 902 τι.
1735 862 1813 904 τοῦτο

1024 917 1080 944 τῶν
1104 917 1348 954 Ἐπευφρατιδίων)
1363 916 1392 945 εὖ
1413 919 1463 953 μὲν
1482 919 1609 954 νεότητός
1633 929 1663 946 τε
1685 921 1732 947 καὶ
1753 920 1812 955 ἠλι-

1025 963 1097 994 κίας,
1113 961 1143 989 εὖ
1160 963 1188 990 δὲ
1205 963 1254 998 τῆς
1268 964 1338 991 κατὰ
1351 964 1468 999 πόλεμον
1481 965 1593 1000 ἀρετῆς.
1608 966 1656 992 καὶ
1669 966 1734 1000 περὶ
1746 966 1814 993 πάνυ

1024 1015 1057 1034 τα
1065 1007 1218 1044 δεξιότητος
1230 1008 1308 1044 ἔχων.
1324 1009 1392 1035 Hoc}:
1404 1009 1469 1044 γοῦν
1485 1010 1568 1037 αὑτοῦ
1581 1011 1649 1046 πρός
1661 1020 1687 1037 τι
1697 1011 1809 1046 λουτρὸν

1025 1053 1163 1086 ἀπιόντος,
1183 1054 1281 1090 συνέϐη
1295 1054 1350 1081 τῶν
1367 1055 1540 1090 στρατιωτῶν
1555 1064 1625 1086 τινα.
1643 1057 1692 1087 τὰς
1707 1057 1812 1092 σάρκας

1025 1099 1079 1126 ὑπὸ
1100 1101 1149 1136 τῆς
1170 1102 1247 1136 ἱερᾶς
1261 1101 1340 1128 νόσου
1356 1102 1556 1137 λελωϐημένον,
1573 1103 1680 1129 ἐκεῖθεν
1692 1103 1811 1136 ἐξιόντα,

1025 1145 1065 1177 είς
1094 1146 1257 1182 συνάντησιν
1287 1147 1361 1182 αὐτῷ
1385 1147 1565 1182 καταστῆναι.
1596 1149 1649 1175 Τοῦ
1670 1149 1698 1176 δὲ
1718 1150 1813 1182 δεινῶς

1027 1191 1220 1226 μυσαχοέντος,
1234 1191 1282 1219 καὶ
1297 1193 1367 1228 μήτε
1392 1193 1540 1228 βαλανείων
1552 1194 1627 1229 αὐτῷ
1642 1195 1687 1221 τοῦ
1708 1195 1812 1228 λοιποῦ,

1027 1235 1095 1270 μήτε
1110 1235 1257 1270 διατριϐῶν
1273 1238 1411 1263 κοινωνεῖν
1427 1239 1672 1273 παραγγείλαντος,
1688 1240 1812 1272 στενάζει

1028 1280 1076 1315 μὲν
1091 1281 1120 1307 ὲν
1135 1281 1232 1317 πικρίᾳ
1241 1282 1330 1316 ψυχῆς
1345 1284 1460 1315 ἐκεῖνος,
1476 1284 1505 1310 τὸ
1518 1284 1546 1310 δὲ
1565 1285 1649 1315 πάθος
1661 1284 1693 1319 (ὦ
1700 1285 1754 1311 τῶν
1768 1287 1814 1312 ἁν-

1025 1325 1142 1360 εφίκτων
1155 1335 1214 1359 σου,
1227 1327 1358 1359 Δέσποτα.
1373 1329 1421 1362 τῆς
1431 1329 1525 1363 σοφίας
1537 1331 1704 1365 κριμάτωνί)
1714 1331 1814 1362 εὐθέως

1025 1372 1070 1409 ἐπ’
1084 1372 1164 1399 αὑτὸν
1188 1373 1369 1407 μεταπίπτει·
1391 1375 1437 1401 καὶ
1448 1374 1576 1401 διοιδοῦσι
1593 1375 1642 1410 μὲν
1656 1375 1709 1402 ἔσω
1730 1376 1814 1411 τριῶν

1025 1417 1138 1453 ἡμερῶν
1155 1418 1183 1445 αἱ
1197 1419 1297 1453 σάρκες
1315 1419 1353 1454 τῷ
1369 1421 1523 1456 στρατιώτῃ
1543 1421 1591 1448 καὶ
1604 1421 1814 1457 καταῤῥέουσιν,

1027 1462 1183 1490 ἀλλοιοῦται
1197 1463 1225 1490 δὲ
1240 1465 1257 1499 ἡ
1275 1465 1353 1499 πνοὴ,
1368 1466 1414 1492 καὶ
1426 1467 1466 1498 εἰς
1480 1467 1530 1502 τὴν
1543 1467 1668 1493 ἐναντίαν
1682 1467 1712 1493 τὸ
1733 1467 1815 1502 σῶμα

190 1512 323 1539 habitudo
348 1513 483 1540 contraria
516 1513 600 1541 totius
619 1514 754 1549 corporis,
784 1514 883 1549 exiguo
904 1518 975 1541 tem-

1029 1509 1191 1544 μεταϐάλλει
1206 1509 1272 1542 ἕξιν,
1291 1511 1395 1545 σαπρία
1408 1512 1438 1537 τὸ
1452 1512 1506 1538 πᾶν
1523 1513 1552 1538 ὲν
1567 1512 1650 1548 ὀλίγῳ
1665 1514 1817 1548 γεγενημέ-

190 1567 257 1593 pore
275 1560 353 1594 quasi
370 1559 396 1585 in
410 1559 583 1594 putredinem
602 1560 686 1587 versi.
699 1560 866 1587 Medicorum
879 1568 978 1588 manus

189 1610 218 1633 et
229 1610 303 1633 artes
318 1607 373 1641 jam
387 1606 536 1640 stupebant
557 1605 688 1637 defessa;
719 1614 783 1634 cum
813 1606 919 1634 homini
936 1607 976 1634 sic

190 1651 322 1679 destituto
350 1651 505 1686 desperatio
526 1652 583 1686 ipsa
605 1652 731 1679 sanitatis
759 1653 793 1680 ab
815 1652 976 1680 hominibus

188 1697 400 1732 eonsoquendae,
417 1698 580 1725 mirabiliter
599 1698 653 1725 dux
671 1698 698 1726 lit
715 1698 749 1725 ad
775 1699 908 1726 salutent:
929 1707 976 1726 co-

187 1751 323 1778 gnoscens
337 1744 410 1770 enim
420 1743 552 1779 castigari
570 1751 599 1771 se
615 1752 630 1771 a
656 1744 713 1771 Deo
731 1750 843 1779 propter
873 1745 976 1773 illatam

190 1789 313 1824 proximo
326 1797 376 1816 suo
390 1789 586 1816 contumeliam
598 1811 603 1821 ,
618 1790 652 1816 ad
666 1790 743 1816 illum
755 1790 901 1826 confugere
926 1791 975 1818 de-

191 1835 290 1867 cernit,
304 1842 318 1861 a
335 1842 390 1869 quo
403 1835 572 1869 vapulabat:
597 1835 740 1870 soliusque
751 1843 811 1863 esse
828 1837 887 1869 Dei,
902 1836 976 1871 quod

190 1880 342 1907 immiserat
354 1879 501 1915 ﬂagellum,
515 1887 669 1908 removere.
684 1881 730 1908 Sic
745 1882 866 1909 animato
888 1883 975 1910 astitit

190 1926 299 1961 aliquis,
320 1926 414 1953 divina
428 1926 506 1960 quasi
527 1925 664 1961 legatione
680 1926 790 1959 missus,
808 1926 855 1962 qui
871 1920 976 1954 :Tran-

190 1972 342 2006 si,_inquit,
359 1972 387 1999 in
399 1976 519 1999 montem
533 1971 686 1999 lllirabilem
714 1972 747 1999 ad
770 1972 903 2000 famulum
927 1973 975 2001 Dei

191 2018 352 2054 Symeunem
366 2026 373 2045 :
388 2018 434 2046 ille
448 2018 592 2046 doloribus
608 2019 661 2046 tuis
675 2018 841 2046 medebitur.
862 2019 975 2048 Talibus

190 2066 236 2094 ille
250 2065 330 2094 dictis
354 2065 538 2094 inﬂammatus
566 2066 661 2100 corde,
694 2067 884 2102 promissaque
914 2072 974 2094 rata

191 2112 330 2145 liabens,a
347 2112 506 2140 domesticis
522 2113 556 2140 ad
571 2116 697 2140 sanctum
721 2116 863 2148 portatur:
882 2117 909 2140 et
926 2112 974 2148 qui

189 2165 278 2193 nuper
291 2163 345 2186 tam
357 2165 507 2193 generosus
521 2162 580 2186 erat
593 2165 623 2185 ac
638 2158 771 2191 fervidus,
789 2158 974 2194 prosternitur

1030 1556 1120 1589 μένον.
1142 1555 1255 1591 ’ἰατροῖς
1271 1555 1320 1590 μὲν
1336 1554 1382 1583 οὖν
1407 1557 1457 1593 ἠδη
1473 1558 1520 1584 καὶ
1538 1559 1629 1593 χεῖρες
1649 1559 1697 1585 καὶ
1719 1560 1816 1593 τέχναι

1028 1599 1122 1634 σαφῶς
1144 1601 1331 1636 ἀπειρήκεσαν
1344 1609 1352 1617 ο
1369 1601 1408 1637 τῷ
1427 1602 1464 1634 δὲ,
1480 1604 1496 1637 ἠ
1513 1603 1542 1635 ἐξ
1565 1603 1718 1638 ἀνθρώπων
1732 1604 1817 1639 Θερα-

1029 1646 1109 1677 πείας
1137 1647 1302 1680 ἀπόγνωσις,
1318 1647 1412 1682 ὁδηγδς
1435 1649 1595 1684 παραδόξως
1612 1650 1653 1681 είς
1677 1650 1817 1685 σωτηρίαν

1027 1692 1130 1726 γίνεται
1148 1694 1194 1719 καὶ
1208 1693 1342 1720 παιδείαν.
1358 1692 1435 1721 Εἶναι
1451 1691 1519 1721 Θεῶ
1534 1695 1564 1722 τὸ
1580 1697 1695 1730 πρᾶγμα
1712 1697 1816 1729 συνεὶς,

1027 1736 1072 1763 διὰ
1093 1737 1138 1764 τὸν
1165 1738 1205 1770 εἰς
1226 1738 1271 1765 τὸν
1297 1739 1412 1774 πλησίον
1437 1739 1599 1774 ὀνειδισμὸν,
1615 1740 1683 1775 πρὸς
1711 1742 1817 1768 ἐκεῖνον

1027 1778 1098 1815 ἔγνω
1119 1782 1299 1816 καταφυγεῖν,
1312 1782 1376 1818 παρ’
1396 1779 1426 1809 οὗ
1459 1783 1507 1809 καὶ
1529 1785 1545 1819 ἡ
1573 1784 1682 1812 παιδεία
1697 1793 1704 1801 ·
1734 1786 1816 1819 μόνου

1026 1828 1081 1863 γὰρ
1096 1826 1229 1863 εἶναιτὴν
1245 1829 1348 1863 ταύτης
1365 1827 1441 1855 λύσιν
1459 1829 1538 1860 Θεοῦ,
1550 1829 1597 1856 τοῦ
1618 1832 1665 1857 καὶ
1686 1831 1735 1867 τὴν
1750 1840 1816 1859 παιι

1028 1874 1103 1900 δείιιν
1125 1874 1321 1908 ἐπαγαγόντος.
1337 1874 1431 1905 Οὕτως
1464 1875 1552 1910 ἔχοντι
1580 1877 1748 1911 παρίσταταί
1774 1887 1817 1910 τις

1027 1919 1112 1954 αὐτῷ,
1125 1919 1250 1955 καθάπερ
1281 1919 1314 1946 ἐκ
1333 1928 1405 1952 τινος
1429 1920 1503 1952 οείας
1527 1921 1692 1956 ἀποστολῆς,
1706 1922 1746 1955 ὃς,
1763 1923 1819 1950 Πο-

1029 1966 1106 2001 ρεύου
1127 1965 1205 2001 παρὰ
1229 1966 1258 1992 τὸ
1282 1965 1439 2001 θαυμαστὸν
1452 1965 1515 2000 ὅρος
1527 1968 1575 1993 ἐπὶ
1591 1968 1636 1994 τὸν
1650 1967 1743 1995 δοῦλον
1766 1969 1816 1995 τοῦ

1026 2011 1093 2038 Θεοῦ
1108 2011 1230 2047 Συμεὼν,
1248 2011 1311 2047 ἔφη,
1326 2013 1429 2043 ἐκεῖνος
1442 2012 1514 2043 ἴασις
1524 2013 1573 2047 τῆς
1590 2014 1720 2047 μάστιγος
1738 2015 1816 2042 ἔσται

1027 2066 1079 2084 σοι.
1097 2057 1126 2084 '0
1139 2058 1167 2084 δὲ
1183 2059 1250 2093 πρὸς
1271 2058 1302 2084 τὸ
1323 2059 1397 2093 ῥῆμα
1419 2059 1470 2093 τὴν
1499 2059 1612 2093 καρδίαν
1640 2060 1815 2095 ἁναφλεγεὶς,

1025 2106 1116 2131 πίστει
1131 2113 1161 2131 τε
1178 2105 1284 2140 μεγάλῃ
1317 2104 1395 2130 τοῦτο
1421 2104 1586 2139 δεξάμενος,
1609 2105 1816 2140 ἀνακομίζεται

1027 2150 1097 2186 πρὸς
1120 2150 1200 2177 αὐτὸν
1225 2150 1277 2176 ὑπὸ
1301 2150 1354 2177 τῶν
1374 2150 1500 2177 οίκειων·
1519 2150 1566 2176 καὶ¹
1583 2151 1597 2176 ὁ
1617 2151 1715 2187 πρώην
1732 2152 1815 2184 καλὺς

189 2203 223 2230 ad
239 2203 324 2238 pedes
340 2204 424 2237 illius,
438 2203 548 2231 nemine
569 2211 624 2230 non
650 2203 864 2230 miserior.’l‘um
876 2210 974 2239 magna

1028 2196 1130 2227 ἐκεῖνος
1149 2195 1204 2222 καὶ-
1216 2194 1335 2230 ζηλωτὸς
1353 2195 1478 2229 ῥίπτεται
1498 2194 1552 2229 πρὸ
1567 2194 1662 2227 αὑτοῦ,
1678 2195 1750 2227 τίνος
1765 2196 1817 2222 οὐ).

189 2251 339 2284 derepente
357 2249 383 2275 vi
398 2248 550 2283 sanguinis,
566 2248 642 2275 velut
657 2255 757 2275 arcana
779 2248 896 2282 quadam
912 2249 973 2276 chi-

191 2293 281 2328 rurgia
293 2301 325 2320 ex
336 2293 465 2320 omnibus
478 2300 548 2327 pene
561 2293 693 2320 membris
705 2293 882 2326 scaturiente,
897 2294 972 2320 laxa-

190 2342 234 2364 tus
251 2336 288 2363 illi
307 2337 405 2364 iterum
433 2337 557 2371 spiritus.
586 2342 717 2364 renovata
747 2345 822 2369 caro,
846 2338 973 2365 restituta

189 2384 292 2415 lorma,
314 2387 444 2417 totusque
470 2382 560 2409 tribus
587 2383 700 2409 omnino
735 2382 834 2409 diebus
853 2382 974 2416 pristino

189 2429 270 2457 statui
288 2428 445 2456 vindicatus
455 2433 507 2456 cst.
525 2428 651 2463 Denique
663 2428 785 2463 acceptis
811 2427 947 2455 mandatis
958 2434 975 2454 a

188 2481 293 2508 sanctoI
304 2483 339 2503 ne
354 2475 447 2502 divina
463 2475 596 2510 deinceps
609 2477 805 2509 aspernaretur
826 2477 975 2508 praecepta,

188 2521 402 2557 autproximum
418 2521 553 2548 conviciis
567 2524 709 2551 oneraret,
732 2519 837 2555 integre
863 2523 976 2546 sanatus

188 2567 299 2594 domum
316 2567 435 2602 repetiit.

1025 2242 1217 2276 ἀθλιώτερος;
1244 2240 1364 2275 Αἵματος
1390 2240 1480 2267 τοίνυν
1512 2240 1541 2273 ἐξ
1575 2240 1659 2268 αὑτοῦ
1688 2241 1818 2277 καθάπερ

1027 2288 1134 2322 ἀθεάτῳ
1157 2287 1211 2313 τινὶ
1236 2286 1396 2321 χειρουργίᾳ
1414 2305 1421 2317 ,
1439 2285 1484 2312 διὰ
1501 2286 1611 2312 πάντων
1635 2286 1734 2322 μικροῦ
1761 2287 1819 2314 τῶν

1031 2333 1120 2370 μελῶν
1147 2333 1244 2369 ἀθρόον
1269 2332 1477 2365 ἐκκενωθὲντος,
1495 2333 1543 2367 τήν
1557 2340 1587 2358 τε
1606 2332 1690 2368 πνοὴν
1713 2333 1819 2363 ἀνεῖτο,

1027 2381 1074 2408 καὶ
1090 2379 1138 2416 τὴν
1161 2380 1251 2414 σάρκα
1273 2378 1428 2405 κεκαίνιστο
1441 2385 1450 2394 ν
1463 2379 1508 2404 καὶ
1532 2379 1549 2413 ἡ
1573 2378 1665 2413 μορφὴ
1690 2378 1720 2404 ὲν
1741 2379 1821 2413 τρισὶ

1027 2428 1087 2458 ταῖς
1100 2427 1201 2458 πάσαις
1225 2424 1344 2460 ἡμέραις
1365 2425 1404 2456 εἰς
1429 2424 1478 2459 τὴν
1499 2424 1635 2459 προτέραν
1663 2423 1819 2451 ἀποκαοει-

1027 2470 1119 2505 στήκει
1139 2469 1210 2503 δψιν.
1236 2469 1267 2495 'U
1281 2468 1329 2503 μὲν
1343 2465 1390 2494 οὖν
1401 2467 1511 2499 ἐντολὰς
1529 2468 1606 2502 παρὰ
1629 2467 1676 2494 τοῦ
1701 2467 1822 2503 Συμεὼν

1024 2514 1125 2547 λαϐὼν,
1137 2513 1250 2540 ἐντολῶν
1268 2514 1366 2548 μηκέτι
1380 2512 1459 2539 θείων
1476 2512 1618 2548 ὀλιγωρεῖν
1637 2532 1644 2545 ,
1661 2513 1729 2548 μηδὲ
1743 2513 1820 2540 ὀνει-

1024 2559 1120 2594 δισμδν
1148 2557 1297 2593 λαμϐάνειν
1326 2558 1371 2583 ἐπὶ
1391 2559 1448 2589 τοῖς
1479 2556 1598 2591 ἔγγιστα
1621 2557 1719 2591 αὐτοῦ,
1734 2558 1822 2594 ὑγιὴς

1024 2604 1096 2633 τέλος
1107 2604 1197 2631 οἴκαδε
1214 2604 1336 2639 ἐπανῄει.

891 2664 1005 2694 CAPUT
1025 2665 1132 2693 XXVII.

522 2714 628 2743 Occulta
653 2718 759 2750 peccata
785 2714 899 2749 cognita.
923 2713 1043 2740 Aliorum
1065 2712 1313 2739 contumeliosarum
1332 2711 1482 2746 castigatio.

223 2770 284 2796 ‘Jlti.
306 2769 468 2796 Theodorus
480 2769 591 2803 quidam
610 2768 781 2801 scriniarius,
796 2768 908 2796 natione
921 2768 976 2794 An-

1065 2770 1130 2799 σις’.
1141 2766 1277 2801 Θεόδωρος
1290 2766 1318 2792 δέ
1333 2774 1373 2796 τις
1386 2765 1561 2800 σκρινιάριος,
1573 2764 1604 2791 τὺ
1616 2764 1696 2799 γένος
1717 2765 1826 2792 Ἀντιο-

226 2836 280 2870 (5'1)
295 2838 373 2869 Sura,
386 2837 470 2872 Syriw
481 2837 669 2872 Euphratesiw
691 2838 782 2864 civitas
801 2836 964 2873 episcopalis.
979 2837 1011 2864 ab
1027 2837 1166 2864 Antiochia
1183 2840 1281 2863 remota
1294 2835 1345 2863 250
1360 2843 1385 2870 p.
1404 2842 1440 2862 m.
1461 2838 1507 2862 aut
1521 2833 1648 2870 ampliat.
