1966 3068
150 157 222 194 3l83

646 154 731 193 iam
752 162 773 191 Α
794 154 1012 193 NICEPHORO
1030 157 1268 194 CONscmP'rs'.

1648 177 1656 183 -
1707 161 1776 193 31296

150 212 214 249 χεῖδς
228 211 316 248 λέπρᾳ
332 211 362 238 τὸ
380 211 434 238 πᾶν
447 211 591 247 ἐξηνθήκει
614 213 704 248 σῶμα.
723 209 809 246 Οὗτος
830 214 937 249 ἀπάσης

991 214 1137 243 tiochenus
1156 214 1224 250 (58),
1241 215 1316 249 lepra
1333 213 1457 242 scatebat
1470 217 1529 242 toto
1546 220 1660 248 corpore
1675 223 1682 241 :
1698 222 1776 242 cum-

150 258 286 292 ἀπογνοὺς
306 258 465 293 θεραπείας,
480 256 524 284 οἷα
541 257 589 285 καὶ
607 258 697 293 πάσης
720 258 805 294 αὐτῆς
823 259 891 294 πρὸς
907 259 937 286 τὸ

150 304 236 336 πάθος
250 304 446 340 ἀπειρηκυίας,
461 304 509 331 καὶ
530 303 652 339 μείζονος
669 304 768 339 ἰατρῶν
783 304 830 331 καὶ¹
846 304 938 340 χειρὸς

149 350 196 378 καὶ
208 351 306 385 τέχνης
318 350 414 377 τούτου
431 350 625 385 γεγενημένου,
641 350 717 386 παρὰ
730 350 776 377 τὸν
796 350 868 377 θεῖον
888 351 938 377 Συ-

151 396 224 432 μεὼν
250 396 428 431 καταφεύγει.
449 396 494 428 Ὡς
517 396 550 423 ἂν
571 396 600 423 δὲ
624 396 693 432 πρὸς
712 396 822 423 πλείονα
844 396 938 423 τοῦτον

148 441 322 476 ἐπαγάγηται
348 438 447 473 οἶκτον,
470 441 540 474 ἔγνω
556 440 676 468 τοιοῦτον
699 441 803 476 ἐνδυμα
826 441 938 476 περιθέ-

150 487 224 520 σθαι,
239 488 276 519 ὡς
294 487 413 523 εὐχερῶς
436 487 508 522 ἔχειν
528 486 665 519 ὑποδεῖξαι
684 487 866 530 γυμνώσαντα
888 487 937 522 τὴν

149 533 253 570 λέπραν
266 533 372 568 ἐκείνῳ.
389 533 588 569 Αίσχυνόμενος
600 533 690 560 τοίνυν
707 533 753 560 ἐπὶ
768 532 824 559 τῶν
837 532 938 569 παρόν-

147 588 202 606 των
222 579 375 613 ἐκκαλύψαι
404 579 454 614 τὴν
478 579 578 614 σάρκα,
594 579 691 614 καιρὸν
709 576 743 614 ἦν
757 580 857 605 οἰκεῖον
879 580 938 605 ἐπι-

149 626 301 662 φυλάττων.
319 627 408 661 Ὅπερ
423 626 501 661 δῆλον
516 627 572 658 τοῖς
591 626 639 653 τοῦ
660 626 815 662 πνεύματος
835 626 937 662 ὀφθαλ-

150 675 210 708 μοῖς
234 673 273 708 τῷ
299 673 412 708 Συμεὼν
438 672 569 706 γεγονός·
597 673 676 706 Εἰπὲ,
696 673 801 706 τέκνον,
824 673 939 700 ἐπὶτῶν

148 720 300 755 παρόντων,
319 720 385 756 φησὶ
399 719 467 755 πρὸς
480 720 572 753 αὐτὸν,
586 720 647 747 ὅτου
658 720 738 756 χάριν
752 720 884 756 ἐλήλυθας
899 722 940 752 εἰς

147 766 233 802 ἡμᾶς.
249 765 279 792 '0
302 765 330 792 δέ
353 766 540 800 καταπλαγεὶς
561 765 601 801 τῷ
623 766 768 802 παραδόξῳ
782 766 832 801 τῆς
846 767 938 798 διορά-

150 820 219 843 σεως
229 819 236 827 ⁸
252 812 325 842 ὅπως
342 810 356 837 ὃ
377 811 507 846 κρύπτων
520 809 554 847 ἦν
568 812 608 844 είς
621 811 735 846 καρδίαν
756 810 843 844 οὗτος,
861 812 939 839 τοῦτο

148 857 214 892 παρ’
237 856 319 883 αὑτοῦ
340 856 465 891 ἀκηκόει,
480 857 571 884 πᾶσαν
591 857 673 890 εὐθὺς
687 857 754 885 αἰδὼ
771 859 936 894 ἀπορρίψας,

148 903 296 939 γυμνώσας
312 903 407 930 ἑαυτὸν
420 904 563 931 ὑπεδείκνυ
577 913 583 919 ·
598 905 645 931 καὶ
665 905 694 936 ὃς
713 905 762 940 τὴν
778 905 874 940 βαῖνην
889 898 939 941 ῥά-

148 947 209 974 ϐδον
222 947 323 980 λαϐὼν,
340 948 388 974 καὶ
407 948 493 984 ταύτῃ
506 948 552 974 τὸν
571 949 656 984 ἄνδρα
669 949 937 984 σφραγίσας,Ἀτιελ-

149 994 202 1020 θὼν
218 994 293 1029 παρά
306 993 336 1020 τὺ
348 993 488 1029 Τιϐερίνου
505 994 654 1030 βαλανεῖον,
673 993 779 1029 λοῦσαι,
796 994 858 1029 ἔφη,
877 1003 939 1022 σνν-

150 1039 296 1066 απολούσει
314 1039 368 1075 γὰρ
384 1040 443 1066 ἐκεῖ
458 1040 505 1066 καὶ
520 1040 570 1074 τὴν
584 1040 698 1075 λέπραν.
717 1037 810 1076 Οὖπερ
825 1041 861 1073 ὼς
877 1041 940 1068 ἐκέ-

152 1085 231 1112 λευσε
246 1085 397 1120 γεγονότος,
412 1085 491 1121 ὑγιὴς
502 1085 616 1118 ἐκεῖθεν,
632 1085 654 1112 ὣ
669 1085 821 1120 παραδόξου
835 1085 939 1121 θαύμα-

149 1133 210 1164 τοςι
224 1133 238 1159 ὁ
252 1132 351 1167 λεπρὸς
366 1133 511 1168 ἐπανήκει.
884 1139 899 1152 ’

185 1177 246 1209 σις’.
259 1178 371 1213 ’Έτερός
383 1186 425 1210 τις
440 1178 470 1210 ἐξ
489 1178 655 1213 Ἀντιοχείας
672 1179 719 1206 καὶ
732 1178 784 1205 τῶν
799 1179 939 1214 ἐπιφανῶν

150 1223 318 1259 παραὸάλλει
333 1223 372 1259 τῷ
390 1223 488 1259 στύλῳ,
511 1223 573 1260 ἄρτι
604 1225 659 1252 τῶν
685 1225 864 1260 μνημοσύνων
890 1226 939 1261 τῆς

150 1271 224 1306 ίερᾶς
237 1269 284 1297 τοῦ
308 1270 380 1297 ὁσίου
403 1271 505 1306 μητρὸς
524 1271 603 1306 ίερῶς
614 1271 765 1307 ἀγομένων.
787 1272 815 1299 '0
831 1273 879 1308 μὲν
893 1271 939 1300 οὖν

147 1318 243 1353 καιρὸς
256 1317 272 1353 ἢ
288 1316 348 1344 οεία
368 1317 548 1350 μυσταγωγία
560 1315 604 1352 ἦν,
620 1315 652 1353 ἦς
673 1318 824 1354 αὐτουργὸς
837 1319 939 1351 ἐκεῖνος

148 1360 297 1395 ἐτύγχανεν
313 1360 360 1387 ῶν.
385 1360 414 1387 '0
432 1361 461 1386 δέ
478 1361 601 1388 σπεύδων
626 1362 731 1390 ἐκεῖθεν
748 1363 937 1399 ἀναχωρῆσαι,

148 1405 218 1438 ἀξιοί
231 1406 285 1432 τῶν
304 1405 433 1440 μαθητῶν
448 1405 506 1438 ἕνα,
522 1402 576 1440 ᾧγε
591 1407 706 1442 σύνηθες
718 1408 886 1443 εἰσ-κομίζειν
901 1409 939 1445 τῷ

147 1451 218 1486 ἁγίῳ
232 1452 282 1483 τὰς
299 1451 439 1486 ἀγγελίας,
453 1453 568 1487 ταχινὴν
582 1453 657 1488 αὐτῷ
675 1453 801 1488 γενέσθαι
816 1454 865 1489 τὴν
884 1454 939 1483 τῶν

149 1496 307 1532 μυστηρίων
335 1497 499 1534 μετάληψιν·
530 1498 560 1530 ὃς
578 1498 662 1525 αὑτοῦ
688 1500 736 1531 τὰς
759 1501 885 1534 ἀξιώσεις
907 1500 938 1528 οὐ

147 1543 280 1578 παριδὼν,
297 1544 391 1578 ἀνάγει
416 1544 485 1579 μετά
507 1544 557 1580 τὴν
575 1546 718 1572 κοινωνίαν
737 1546 791 1574 τῶν
811 1547 938 1583 μαθητῶν

149 1589 201 1624 πρὸ
214 1588 261 1615 τοῦ
277 1588 357 1624 ὄχλου
371 1590 465 1616 τοῦτον
485 1592 532 1617 ἐπὶ
544 1591 590 1618 τὸν
604 1592 709 1619 στύλον.
728 1593 821 1626 Ἀφεὶς
833 1593 862 1620 δὲ
878 1594 939 1620 1:05-

148 1641 194 1660 Ιτον
210 1634 224 1659 ὁ
241 1633 312 1668 ιερὺς
327 1633 451 1668 Συμεὼν,
468 1635 604 1670 μετεδίδου
623 1636 722 1671 μᾶλλον
739 1637 796 1669 τοῖς
812 1637 873 1672 μετ’
889 1639 938 1664 αὺ-

146 1679 194 1706 τὸν
213 1680 329 1708 ἀνιοῦσι.
348 1681 403 1707 Καὶ
417 1681 431 1707 ό
454 1682 515 1715 μὲν,
533 1682 615 1710 αὑτὸν
629 1683 675 1709 καὶ
693 1683 771 1715 αὖθις
789 1685 938 1720 προσῆγεν,

147 1726 162 1752 ὁ
179 1726 206 1752 δὲ
226 1726 260 1752 τὰ
275 1726 455 1762 παραπλήσια
470 1727 535 1761 ἔδρα
545 1736 552 1744 ·
569 1728 608 1759 ὡς
620 1728 648 1755 δέ
661 1729 728 1756 πολὺ
744 1729 825 1757 τοῦτο
842 1728 877 1766 ἦν
894 1731 940 1758 καὶ

149 1770 231 1806 μέχρι
255 1770 364 1804 πολλοῦ,
392 1771 552 1807 Ἥσύχασον,
581 1772 689 1808 ἀδελφέ,
721 1774 805 1809 φησὶν
828 1776 842 1801 ὁ
869 1775 939 1808 θεῖος

147 1817 229 1851 ἀνήρ·
253 1816 307 1851 ἔχω
327 1817 382 1853 γὰρ
399 1817 473 1853 αὐτῷ
488 1827 514 1845 τι
530 1818 713 1854 διαλεχθῆναι.
729 1820 807 1847 Μετά
823 1821 888 1855 γοῦν
908 1822 940 1848 τὺ

147 1862 196 1898 τὴν
213 1863 288 1889 θείαν
304 1862 476 1899 λειτουργίαν
489 1864 708 1900 συντελεσθῆναι,
724 1866 939 1902 παραστησάμε-

147 1917 192 1940 νος
212 1909 257 1934 τὸν
268 1908 353 1943 ἄνδρα
377 1910 391 1935 ὁ
413 1909 525 1944 Συμεών
537 1919 544 1926 ·
563 1910 724 1946 ’Υποκριτά,
744 1911 807 1947 ἐφη,
823 1913 870 1939 καὶ
889 1913 938 1948 τῆς

147 1954 196 1981 τοῦ
217 1954 285 1981 Θεοῦ
303 1955 412 1991 μερίδος
428 1956 652 1992 μεμακρυσμένε,
668 1956 726 1989 πῶς
742 1957 859 1985 ἐνταῦθα
876 1959 939 1994 ἐλη-

147 1999 239 2032 λύθεις
249 2001 341 2035 λήσειν
356 2001 478 2036 οἰόμενος
492 2002 538 2028 τὸν
551 2002 691 2030 πλάσαντα
706 2003 777 2030 κατά
794 2004 878 2038 μόνας
890 2005 940 2036 τὰς

147 2048 262 2083 καρδίας
272 2048 361 2083 ἡμῶν,
376 2048 421 2074 τδν
436 2048 559 2075 συνιέντα
573 2049 613 2080 είς
626 2048 715 2076 πάντα
724 2049 759 2075 τὰ
768 2048 836 2084 ἔργα
850 2049 938 2084 ἡμῶν,

146 2094 194 2120 τὸν
210 2095 347 2128 στήσαντα
360 2094 393 2120 τά
406 2093 456 2129 ὅρη
476 2094 600 2130 σταθμῷ,
616 2094 665 2120 καὶ
681 2095 730 2126 τὰς
743 2095 831 2127 νάπας
846 2093 939 2130 ζυγῷ;

147 2139 221 2170 τίνος
244 2139 273 2166 δὲ
299 2139 347 2166 καὶ
369 2139 532 2175 κοινωνῆσαι
556 2140 609 2166 τῶν
623 2140 766 2175 ἀχράντων
781 2141 940 2176 μυστηρίων

148 2185 266 2221 Eri-alyn;
287 2185 336 2211 οὐκ
360 2185 464 2212 ἐκείνου
488 2186 608 2218 πάντως,
622 2183 653 2213 οὗ
675 2187 769 2223 πόρρω
785 2195 825 2214 σοι
842 2187 939 2223 ἀπέχει

989 269 1043 297 que
1053 261 1212 296 desperaret
1226 260 1397 288 curationem
1413 267 1534 293 omnem,
1549 259 1628 294 quasi
1643 259 1778 287 defessam

988 307 1156 342 fractamque
1174 306 1325 342 pertinacia
1337 306 1413 338 mali,
1427 305 1596 333 medicorum
1614 305 1779 334 industriam

987 356 1017 380 et
1037 360 1167 380 manuum
1193 352 1397 380 auxiliatricum
1421 352 1544 387 artisque
1566 351 1695 387 peritiam
1717 351 1780 379 illu-

988 397 1089 431 dentis,
1106 398 1139 426 ad
1166 403 1291 426 sanctum
1307 398 1471 434 Symeonem
1495 405 1524 426 se
1540 397 1640 433 recipit
1657 407 1664 425 :
1680 397 1725 425 cui
1750 402 1780 424 ut

988 445 1120 480 majorem
1138 445 1408 472 commiscrationem
1419 448 1553 476 moveret,
1572 443 1716 471 constituit
1732 443 1778 471 tali

988 489 1153 517 vestimento
1165 497 1194 518 se
1209 490 1330 524 operire,
1345 490 1418 525 quod
1431 489 1510 517 facile
1530 489 1650 516 solutum
1665 509 1671 522 ,
1685 495 1781 516 sancto

988 535 1092 570 lepram
1119 535 1342 570 conspiciendam
1362 535 1450 563 daret.
1472 535 1573 562 Verum
1601 534 1781 569 pudibundus

988 589 1081 609 coram
1091 581 1152 608 aliis
1163 581 1304 608 denudare
1315 588 1438 613 carnem,
1452 584 1560 615 tempus
1570 580 1780 615 prmstolabatur

989 626 1075 661 magis
1099 631 1297 662 opportunum.
1325 626 1382 654 Hoc
1404 626 1451 653 ubi
1479 626 1670 661 spiritualibus
1693 626 1780 653 oculis

988 672 1134 707 perspicue
1150 672 1305 707 penetravit
1320 671 1450 708 Symeon,
1464 672 1503 699 ait
1519 672 1557 699 illi
1575 681 1581 700 :
1597 672 1658 705 Dic,
1675 671 1712 700 ﬁli
1731 674 1778 703 mi.

989 725 1082 745 coram
1104 718 1180 746 hisce
1194 718 1387 752 praesentibus,
1406 718 1586 753 quamobrem
1602 718 1657 746 huc
1669 719 1780 746 veneris

989 764 1023 792 ad
1035 772 1096 792 nos.
1115 764 1263 792 Perculsus
1280 765 1326 792 ille
1351 769 1406 792 tam
1429 765 1539 793 insolita
1554 766 1777 801 perspicacitate,

989 809 1129 844 quomodo
1149 809 1224 844 quod
1249 809 1307 844 ipse
1324 809 1509 837 absconderat
1534 810 1562 838 in
1590 811 1684 843 corde,
1711 812 1778 839 illud

991 854 1079 889 ipsum
1089 863 1121 882 ex
1133 862 1180 882 ore
1192 854 1335 890 Symeonis
1346 854 1456 882 audiret
1468 863 1475 888 ;
1488 855 1563 882 omni
1572 855 1663 883 statim
1675 857 1779 891 abjecta
1810 888 1814 897 ι

980 897 1167 935 Vverecundia,
1190 897 1357 926 denudatam
1378 899 1490 927 exhibet
1517 900 1620 934 lepram
1639 909 1645 926 :
1668 905 1695 928 et
1717 909 1780 928 san-

991 947 1051 970 ctus
1064 943 1169 978 palmea
1182 951 1231 971 sua
1245 944 1331 979 virga,
1349 944 1486 980 signatum
1510 945 1651 973 hominem
1673 947 1706 973 ad
1723 947 1780 974 bal—

989 997 1073 1016 neum
1090 989 1212 1017 Tiberini
1228 990 1348 1018 lavatum
1360 991 1467 1026 ablegat
1483 1000 1490 1018 τ
1507 991 1621 1024 Lavare,
1640 992 1780 1028 inquiens,

990 1037 1071 1065 simul
1085 1042 1114 1066 et
1128 1037 1255 1065 abluetur
1274 1038 1360 1073 lepra.
1382 1039 1416 1066 Et
1433 1045 1579 1068 exsecutus
1592 1040 1718 1068 mandata
1740 1041 1780 1069 le-

989 1091 1098 1118 prosus,
1118 1088 1281 1118 persanatus
1303 1083 1368 1112 inde
1391 1085 1483 1118 rediit,
1505 1093 1521 1112 o
1538 1085 1693 1121 prodigium
1717 1087 1780 1114 inu-

990 1128 1102 1155 sitatum
1114 1129 1120 1155 l

1024 1174 1086 1201 217.
1107 1174 1184 1202 Alius
1200 1175 1312 1210 quidam
1338 1176 1528 1203 Antiochenus
1552 1176 1635 1203 etiam
1659 1184 1692 1204 ex
1717 1177 1780 1204 illu-

989 1220 1137 1248 strioribus
1151 1220 1269 1248 tetendit
1278 1220 1312 1248 ad
1324 1221 1492 1254 columnam,
1504 1221 1569 1248 dum
1588 1222 1678 1249 adhuc
1687 1230 1781 1258 agere-

990 1270 1035 1294 tur
1046 1274 1122 1294 sacra
1138 1267 1270 1294 memoria
1281 1259 1382 1294 sancta:
1398 1268 1484 1302 ipsius
1501 1268 1588 1295 sancti
1604 1268 1698 1295 matris
1711 1269 1778 1304 (59).

989 1311 1055 1339 Erat
1071 1311 1154 1347 igitur
1165 1316 1274 1347 tempus
1290 1320 1374 1340 sacrae
1388 1313 1515 1348 liturgice,
1531 1313 1576 1340 cui
1592 1313 1650 1348 ipse
1663 1313 1780 1349 Symeon

989 1357 1165 1392 operabatur.
1186 1357 1255 1385 Cum
1273 1362 1365 1386 autem
1381 1358 1463 1386 homo
1481 1358 1526 1386 ille
1550 1359 1694 1387 destinaret
1718 1359 1782 1387 inde

990 1404 1097 1440 regredi
1111 1404 1145 1432 ad
1167 1412 1207 1438 se,
1227 1409 1304 1439 rogat
1318 1405 1475 1440 quempiam
1492 1405 1703 1440 discipulorum,
1721 1413 1782 1440 qum

989 1449 1177 1478 afferebantur
1187 1453 1282 1477 sancto
1296 1450 1455 1477 renuntiare
1468 1450 1590 1482 solitum,
1603 1453 1634 1476 ut
1644 1451 1718 1477 celer
1729 1450 1781 1477 sibi

989 1494 1023 1521 ad
1038 1502 1116 1521 sacra
1130 1494 1259 1530 mysteria
1275 1494 1366 1522 aditus
1384 1494 1440 1523 ﬁat.
1459 1495 1511 1528 Qui
1526 1495 1619 1522 habita
1641 1495 1783 1531 dignitatis

990 1541 1050 1577 ejus
1065 1541 1201 1576 praecipue
1216 1541 1333 1573 ratione,
1344 1540 1456 1568 adducit
1469 1541 1621 1574 hominem,
1637 1546 1781 1577 postquam

993 1587 1229 1615 communicarant
1245 1586 1382 1621 discipuli,
1397 1591 1460 1614 ante
1474 1587 1607 1622 reliquam
1624 1587 1731 1614 turbam
1748 1587 1781 1614 ad

993 1633 1172 1660 columnam:
1202 1633 1250 1660 sed
1270 1633 1396 1667 rejieitur
1422 1641 1437 1660 a
1465 1637 1570 1666 sancto,
1600 1633 1782 1660 distribuentc

992 1677 1054 1704 aliis
1067 1682 1129 1712 post
1144 1678 1219 1705 hunc
1231 1678 1417 1705 venientibus.
1431 1679 1589 1714 Discipulus
1600 1686 1666 1706 vero
1682 1679 1781 1706 iterum

993 1722 1121 1756 adducit;
1139 1723 1186 1751 sed
1206 1724 1302 1760 rejecit
1315 1732 1389 1756 eum,
1404 1728 1435 1751 ut
1452 1732 1546 1759 supra,
1565 1729 1685 1752 sanctus.
1698 1724 1782 1752 Cum-

993 1777 1047 1804 que
1061 1769 1088 1796 id
1103 1770 1219 1797 multum
1243 1774 1271 1797 et
1293 1770 1341 1798 diu
1360 1770 1397 1798 ita
1419 1770 1506 1803 ﬁeret,
1531 1771 1639 1798 tandem
1652 1771 1694 1798 vir
1712 1771 1759 1798 Dei
1775 1781 1780 1797 :

992 1815 1155 1850 Acquiesce,
1173 1815 1210 1842 mi
1232 1815 1328 1849 frater,
1353 1816 1461 1850 inquit;
1483 1821 1525 1844 est
1549 1817 1623 1844 enim
1648 1816 1721 1852 quod
1745 1816 1783 1843 illi

992 1861 1085 1889 velim.
1113 1862 1228 1889 Peracta
1250 1861 1370 1897 denique
1392 1870 1470 1890 sacra
1493 1862 1614 1898 liturgia’.
1638 1870 1784 1890 accersens

993 1910 1093 1942 virum,
1113 1909 1152 1936 ait
1164 1909 1203 1936 illi
1218 1913 1331 1937 sanctus
1348 1919 1354 1937 :
1368 1908 1528 1945 Hypocrita.
1546 1910 1664 1937 alienate
1680 1917 1695 1936 a
1716 1910 1781 1937 Deo.

993 1954 1133 1990 quomodo
1149 1955 1205 1982 huc
1225 1955 1338 1988 venisti,
1361 1956 1523 1983 existimans
1541 1955 1628 1982 latere
1652 1959 1678 1982 te
1703 1963 1784 1990 posse

993 2000 1145 2036 illumyqui
1160 2000 1266 2028 eilinxit
1285 2001 1369 2029 corda
1388 2006 1493 2034 nostra,
1510 2001 1556 2036 qui
1570 2001 1710 2037 cognoscit
1725 2010 1783 2029 om-

993 2046 1039 2073 nia
1056 2054 1141 2082 opera
1156 2052 1261 2080 nostra,
1276 2047 1323 2082 qui
1341 2048 1438 2074 statuit
1454 2039 1564 2075 montes
1576 2048 1605 2075 in
1618 2048 1740 2083 pondere
1756 2053 1784 2075 et

993 2102 1078 2129 rupes
1093 2095 1121 2122 in
1142 2095 1261 2122 statera?
1277 2094 1363 2130 Cujus
1374 2099 1467 2122 autem
1485 2095 1670 2123 immaculatis
1681 2101 1783 2131 myste-

994 2142 1044 2177 riis
1054 2141 1310 2169 communicaturus
1321 2141 1376 2169 huc
1387 2142 1538 2176 properas?
1548 2149 1602 2169 non
1614 2141 1688 2169 illius
1698 2146 1782 2172 certe.

994 2196 1010 2215 a
1026 2195 1081 2223 quo
1100 2187 1196 2222 procul
1217 2187 1295 2215 abest
1317 2195 1366 2215 cor
1386 2192 1474 2220 tuum,
1490 2187 1598 2214 tametsi
1619 2195 1668 2215 ore
1683 2196 1784 2222 appro-

148 2231 197 2258 ἀπ’
217 2231 298 2258 αὐτοῦ
316 2232 332 2267 ἡ
350 2232 457 2267 καρδία,
470 2234 494 2259 εἰ
509 2233 555 2259 καὶ
570 2232 609 2267 τῷ
623 2233 736 2268 στόματί
755 2242 802 2260 σου
820 2234 937 2269 ἐγγίζεις

994 2234 1121 2269 pinques,
1150 2238 1179 2261 et
1207 2233 1432 2260 labiis-honores
1458 2233 1559 2268 ipsum.
1581 2233 1683 2261 Verum
1708 2233 1784 2261 si~rc

148 2277 234 2312 αὐτῷ,
251 2278 298 2304 καὶ
316 2279 344 2304 ἐν
359 2279 415 2309 τοῖς
431 2277 532 2312 χείλεσι
548 2286 595 2304 σου
609 2279 694 2313 τιμᾷς
707 2278 799 2306 αὐτόν.
818 2279 888 2306 Ἀλλ’
900 2279 938 2306 ετ-

149 2331 204 2357 περ
235 2323 309 2358 ἔργῳ
333 2323 383 2358 τὴν
412 2323 494 2350 αὑτοῦ
523 2323 683 2353 δυναστείαν
717 2324 799 2361 βούλῃ
832 2325 938 2360 μαθεῖν,

150 2368 207 2395 ίδού
225 2377 266 2401 σε,
284 2369 394 2396 πάντων
418 2368 553 2404 ὁρώντων,
581 2369 686 2404 δαίμων
707 2370 826 2405 χαλεπὸς
847 2379 939 2406 παραε-

148 2413 274 2449 λήψεται,
301 2415 353 2442 κάν
384 2414 423 2450 τῷ
451 2414 513 2450 ἀέρι
549 2415 625 2451 μέσῳ
657 2415 791 2451 κρεμάσει
823 2424 864 2450 σε,
887 2416 940 2449 ἕως

148 2461 199 2492 τὰς
221 2460 344 2496 πονηράς
366 2468 412 2488 σου
430 2460 478 2488 καὶ
498 2460 601 2496 μιαράς
617 2460 731 2497 πράξεις
748 2460 938 2497 ἐξαγορεύσεις

95 2545 98 2547 Δ
149 2506 196 2533 καὶ
209 2505 293 2534 ἄκων.

186 2595 242 2630 (58)
258 2595 441 2629 Scriniarius,
459 2597 551 2623 scrinii
567 2605 614 2623 seu
635 2597 763 2624 tabularii
783 2596 878 2632 publici
891 2605 937 2624 σα-

148 2636 203 2658 stos
217 2631 306 2658 eodem
324 2632 379 2666 fere
395 2632 470 2658 modo
486 2632 622 2658 dicebatur
644 2633 708 2659 olim
736 2632 849 2664 Latinis,
870 2632 940 2658 unde

148 2670 306 2700 (receperunt
318 2667 412 2699 Graeci,
423 2675 474 2702 quo
489 2675 557 2693 nunc
572 2667 744 2702 appellantur
765 2666 938 2699 Cancellarii,

147 2707 171 2728 et
188 2702 234 2741 qui
253 2702 373 2729 omnibus
385 2707 499 2737 praerat
520 2702 768 2730 Protoscriniarius
785 2710 816 2729 ac
836 2703 938 2730 Primi-

146 2744 278 2763 SCI‘IIIIUS.

186 2771 241 2808 ('59)
256 2771 362 2798 Videtur
390 2771 536 2806 signiﬁcari
566 2777 668 2806 tempus
700 2772 778 2805 illud,
805 2781 856 2808 quo
879 2776 936 2808 post

144 2806 314 2843 sepulturam
340 2808 504 2834 curabuntur
525 2808 646 2842 [urwbria
673 2808 766 2843 ofﬁcia,
787 2806 822 2835 ad
845 2806 935 2843 plures

147 2843 215 2868 dies.
240 2842 365 2874 Quamuis
379 2844 448 2870 enim
460 2843 490 2870 Β.
510 2843 614 2870 Martha
626 2844 717 2870 obit'rit
740 2852 811 2870 anno
823 2843 885 2872 552,
898 2844 936 2869 ιιιὶ

146 2876 222 2909 infra
254 2877 288 2905 ad
313 2878 369 2913 ejus
392 2879 473 2906 vitam
505 2879 600 2906 dicitur
630 2884 652 2905 ct
675 2879 699 2905 in
728 2879 936 2914 prirrcdcntilms

993 2281 1051 2316 ipsa
1076 2281 1227 2316 potentiam
1250 2280 1326 2308 illius
1350 2281 1392 2308 vis
1404 2281 1562 2315 addiscere;
1585 2289 1651 2309 ecce
1678 2282 1785 2309 cunctis

992 2327 1192 2362 spectantibus,
1220 2327 1358 2362 malignus
1384 2327 1498 2362 spiritus
1527 2331 1553 2354 te
1583 2328 1782 2363 apprehendet,

993 2377 1021 2400 et
1051 2373 1141 2400 medio
1164 2373 1192 2400 in
1217 2380 1281 2400 aere
1309 2373 1477 2408 suspendet,
1506 2381 1593 2408 usque
1631 2374 1696 2401 dum
1719 2382 1783 2409 per-

994 2425 1073 2445 versa
1101 2418 1273 2453 scelestaque
1297 2425 1389 2453 opera»
1409 2421 1453 2445 tua
1484 2417 1643 2446 conﬁtearis
1669 2419 1712 2446 vel
1741 2419 1783 2445 in-

993 2464 1079 2492 vitus.

993 2596 1127 2632 plerisque
1147 2596 1271 2631 capitulis
1301 2596 1421 2623 ordinem
1450 2597 1505 2632 fere
1519 2597 1643 2630 temporis
1664 2600 1784 2632 secutum

993 2630 1128 2658 auctorem
1148 2630 1288 2666 appareat,
1302 2636 1409 2666 tumque
1433 2630 1506 2658 ultra
1528 2639 1629 2658 annum
1648 2631 1708 2659 570.
1721 2632 1781 2666 jam

990 2667 1133 2694 viderimus
1151 2674 1316 2701 progressum
1335 2666 1362 2692 in
1377 2666 1452 2693 Natis
1463 2666 1498 2693 ad
1509 2674 1568 2701 cap.
1585 2666 1629 2697 24,
1648 2666 1781 2693 nihilomi-

991 2710 1041 2728 nus
1054 2703 1081 2729 in
1095 2702 1134 2728 his
1146 2702 1331 2736 posterioribus
1342 2702 1445 2728 videtur
1460 2702 1545 2736 potius
1555 2701 1712 2736 spectavisse
1736 2710 1782 2728 ar—

992 2737 1111 2771 gumcnli
1126 2737 1327 2764 similitudinem
1341 2745 1349 2763 :
1363 2741 1386 2762 et
1407 2737 1430 2763 si
1457 2741 1546 2762 tanien
1580 2737 1659 2763 aliter
1675 2737 1782 2771 opinari

992 2773 1051 2806 quis
1067 2771 1154 2803 malit,
1186 2773 1283 2807 poterit
1314 2772 1361 2798 lioc
1381 2771 1436 2798 loco
1454 2771 1603 2806 intelligere
1627 2772 1782 2798 memoriam

991 2807 1317 2844 anniversariam,festive
1342 2815 1389 2844 per
1413 2807 1467 2833 dies
1497 2807 1609 2844 forsitan
1637 2807 1785 2844 plurcsagi

990 2842 1107 2878 solitarii,
1129 2842 1160 2869 de
1173 2850 1225 2878 qua
1241 2843 1268 2869 in
1284 2843 1341 2875 eius
1358 2841 1425 2875 Vita,
1439 2850 1511 2869 num.
1532 2842 1576 2869 7|.
