1966 3068
195 155 264 188 3187

798 156 829 186 S.
850 155 1041 186 SYMEONIS
1059 154 1241 185 JUNIORIS

1756 153 1824 187 3188

229 212 291 239 2l8.
313 211 360 239 llis
379 211 491 243 auditis,
520 211 618 239 timore
640 210 731 238 cordis
750 218 912 243 concussus,
936 211 981 238 ille

1069 215 1141 246 σιη’.
1162 212 1234 247 Πρδς
1250 211 1336 238 ταῦτα
1357 211 1411 238 δέει
1433 211 1482 247 τὴν
1503 211 1616 247 καρδίαν
1627 211 1822 244 κατασεισθεὶς,

194 261 222 284 (ιι
236 257 365 284 manibus
378 256 510 283 ambabus
526 256 629 283 ferrum
646 264 701 290 quo
721 256 848 283 columna
862 255 984 282 ambitur

195 302 333 339 stringens
348 312 355 329 ε
370 302 464 334 Parce,
489 302 588 330 clamat
617 307 758 330 stentorea
785 309 863 334 voce,
891 308 983 336 parce,

195 348 295 376 famulo
312 348 359 375 Dei
373 348 498 375 altissimi
512 353 555 375 :ct
570 353 670 376 cuncta
686 356 746 383 quze
758 347 810 375 feci
824 348 985 379 enuntiabo,

196 394 265 420 nillil
294 393 424 421 omittens
439 394 481 420 vel
507 394 660 421 occultans.
695 393 849 428 Statimque
871 400 987 420 exorsus

196 444 333 474 gestorum
351 448 463 466 suorum
478 440 577 467 seriem
590 439 768 467 audientibus
784 439 893 467 cunctis
908 447 988 466 enar-

197 493 269 517 rare,
289 485 374 512 multa
390 486 539 520 graviaque
556 486 659 512 scelera
676 486 703 512 in
721 485 843 512 medium
862 484 987 520 protulit,

197 538 230 558 eo
245 531 327 558 etiam
347 531 496 566 impietatis
513 531 659 564 adductus,
680 535 710 558 ut
722 531 865 559 daemoniis
877 529 985 558 sacriﬁ—

197 584 261 604 care
285 585 340 604 non
365 577 519 605 erubuerit.
539 578 718 613 Posteaquam
735 585 802 606 vero
815 581 914 605 cuncta
927 585 990 605 cum

197 621 307 649 fervore
324 627 407 657 atque
419 627 487 650 testu
505 623 589 650 animi
617 623 760 651 confessus
788 628 871 656 esset,
901 624 990 660 lacry-

197 667 250 694 mis
267 675 301 695 ex
313 667 369 695 lino
384 668 467 695 corde
498 669 758 703 prorumpentibus,
793 669 873 705 petiit
900 670 991 704 poeni-

201 717 307 741 tentem
320 721 349 741 se
367 713 454 749 recipi
470 718 498 741 et
511 714 686 742 absolutione
702 715 812 747 donari,
826 723 880 750 quo
909 723 991 743 secu-

198 759 257 786 rior
270 759 450 795 impostcrum
467 759 595 787 viveret:
614 768 668 796 qua
689 761 779 796 ipsum
805 761 932 796 prudens
944 761 992 789 ille

197 806 350 833 animarum
365 805 491 834 medicus
503 806 646 840 continuo,
670 806 728 835 visa
743 807 790 834 tali
806 807 991 842 ptenitudine,

198 851 355 886 impertitus
368 856 420 879 est.
442 852 511 879 Tum
526 852 626 880 docere
647 857 730 888 atque
755 853 900 880 instituere
920 853 992 880 mul~

1036 258 1082 284 καὶ
1094 258 1265 293 ἀμφοτέραις
1278 258 1325 285 τοῦ
1337 258 1445 293 σιδήρου
1460 257 1525 293 περὶ
1534 257 1583 292 τὴν
1594 257 1689 285 στάσιν
1700 257 1823 293 φραγμοῦ

1036 303 1195 340 λαϐόμενος,
1209 304 1301 330 Φεῖσαί
1325 313 1385 339 μου,
1402 303 1478 330 δοῦλε
1493 303 1541 330 τοῦ
1560 303 1628 330 Θεοῦ
1642 303 1690 330 τοῦ
1704 304 1824 339 ὑψίστου,

1037 351 1140 384 φεῖσαι,
1158 351 1230 385 μέγα
1250 350 1324 381 ἐϐόα,
1345 350 1391 377 καὶ
1411 349 1445 376 τὰ
1465 350 1525 376 κατ’
1540 350 1659 384 ἐμαυτὸν
1679 350 1825 384 ἀπαραλεῑ-

1038 404 1113 428 πτως
1125 405 1166 423 σοι
1179 397 1267 423 πάντα
1278 397 1325 422 καὶ
1338 395 1487 430 ἀκρύπτως
1498 395 1625 429 διέξειμι.
1640 395 1693 422 Καὶ
1708 395 1826 430 ἀρξάμε-

1038 451 1082 474 νος
1094 443 1175 474 εὐθὺς
1188 443 1222 469 τὰ
1240 442 1300 469 καθ’
1314 442 1410 469 ἑαυτὸν
1425 441 1477 468 ὑπὸ
1490 442 1551 472 ταῖς
1560 441 1669 468 πάντων
1683 442 1778 472 ἀκοαῖς
1787 441 1825 467 δι-

1039 489 1124 525 εξῄει,
1136 488 1221 515 πολλὰ
1234 489 1281 516 καὶ
1297 488 1372 516 δεινὰ
1382 488 1457 520 ὄντα,
1469 489 1516 516 καὶ
1527 489 1566 519 είς
1579 487 1706 514 τοσοῦτον
1716 487 1828 518 ἀτοπίας

1039 535 1152 570 ἥκοντα,
1179 535 1217 566 ὡς
1244 534 1310 570 μηδὲ
1335 534 1386 568 τῆς
1408 534 1462 562 τῶν
1490 533 1626 568 δαιμόνων
1650 533 1732 560 αὐτὸν
1762 533 1828 559 ἀπο-

1041 581 1154 616 σχέσθαι
1167 581 1272 613 Θυσίας.
1291 581 1336 613 Ὤς
1351 581 1379 607 δὲ
1394 581 1480 608 πάντα
1493 581 1567 612 ζέσει
1581 580 1629 607 καὶ
1641 580 1730 616 θέρμῃ
1742 579 1828 614 ψυχῆς

1042 626 1279 661 ὲξωμολογήσατο,
1289 626 1421 661 δάκρυσιν
1433 624 1463 651 ὲκ
1481 625 1568 660 μέσης
1580 625 1704 660 προϊοῦσι
1719 623 1828 659 καρδίας

1042 673 1138 705 ἐδεῖτο,
1154 671 1282 707 δεχθῆναι
1297 679 1326 698 τε
1344 670 1537 706 μετανοοῦντα,
1554 671 1601 698 καὶ
1617 672 1708 705 τυχεῖν
1724 677 1828 704 συγχω-

1045 719 1161 754 ρήσεως,
1174 717 1217 745 ἐπ’
1233 716 1369 752 ἀσφαλείᾳ
1382 717 1415 751 τῇ
1430 715 1497 752 πρὸς
1511 716 1542 743 τὸ
1557 716 1668 751 μέλλον
1679 716 1710 750 ἠν
1722 716 1737 742 ὸ
1752 715 1829 748 σοφὸς

1043 764 1097 791 τῶν
1113 763 1207 799 ψυχῶν
1231 763 1323 798 ἰατρὸς
1343 763 1446 794 ἐκεῖνος
1462 762 1543 793 εὐθὺς
1563 761 1609 787 ἐπὶ
1624 760 1774 795 τηλικαύτῃ
1790 759 1830 786 δί-

1043 810 1109 836 δωσι
1126 809 1265 846 μετανοίᾳ,
1283 809 1330 835 καὶ
1345 808 1454 841 διδάξας
1466 807 1566 834 αὐτίκα
1586 807 1631 834 καὶ
1650 806 1771 838 ὑποθεὶς,
1785 806 1831 832 καὶ

1046 855 1260 890 συμϐουλεύσας,
1283 855 1330 881 καὶ
1350 853 1528 889 παραινέσας,
1548 852 1595 879 καί
1619 860 1695 881 τινας
1725 851 1831 883 ἐντολὰς

199 899 244 930 tis,
263 898 379 926 suadere
403 897 517 926 meliora
547 898 717 934 hortarique,
745 898 873 933 quaedam
906 899 989 926 etiam

1045 901 1157 933 ἐπιθεὶς,
1169 900 1304 928 ἀπέλυσεν
1320 901 1348 927 ὲν
1361 900 1467 935 εἰρήνῃ,
1486 899 1516 925 οὐ
1531 898 1656 934 χαλεπῶν
1672 896 1767 924 παθῶν
1782 897 1831 931 μό-

199 943 328 971 mandata
343 944 474 980 adjicere,
487 943 607 979 denique
621 944 762 972 dimittere
787 945 815 972 in
848 952 914 980 pace
938 945 988 973 ho-

197 990 313 1023 minem,
335 995 389 1017 non
415 990 492 1024 gravi
521 991 629 1017 tantum
655 990 762 1023 dolore,
792 990 841 1019 sed
870 991 989 1026 graviori

197 1035 279 1063 etiam
296 1035 438 1070 impietate
461 1035 620 1064 liberatum.

231 1081 292 1109 219.
306 1081 384 1109 Alius
395 1082 522 1110 similiter
539 1090 554 1110 e
574 1083 753 1118 primoribus,
765 1083 917 1119 Epiphania
933 1084 988 1120 (60)

197 1128 282 1164 Syria:
309 1128 342 1156 ad
369 1133 492 1156 sanctum
505 1129 593 1162 venit,
622 1130 828 1165 collocutusque
852 1138 914 1157 cum
942 1131 989 1159 illo

201 1182 263 1209 quae
275 1174 368 1207 vellet,
396 1175 513 1211 porrigit
540 1175 644 1211 lignum
665 1175 789 1203 Indicum
814 1176 906 1203 multa:
932 1176 987 1204 fra-

196 1222 318 1257 grantite,
332 1229 432 1258 rogans
447 1227 476 1250 ut
488 1222 625 1255 admittat,
636 1226 664 1249 et
679 1230 713 1250 ex
726 1229 759 1249 co
769 1222 910 1250 incensum
921 1223 989 1251 oﬂ‘e-

197 1273 240 1296 rat
261 1269 325 1296 Deo.
341 1269 510 1304 Deprecatur
527 1270 554 1297 id
583 1271 694 1297 sanctus
725 1277 758 1297 ac
775 1269 877 1302 renuit,
894 1269 989 1297 horta-

198 1319 300 1349 turque
318 1319 348 1341 ut
364 1314 421 1349 ipse
437 1315 510 1342 domi
526 1323 582 1343 sum
608 1315 701 1350 potius
727 1315 754 1343 id
780 1315 837 1342 Deo
863 1315 987 1342 adolcat:

197 1360 244 1386 sed
272 1360 390 1387 instante
411 1360 458 1387 illo
492 1361 631 1396 pluribus,
652 1361 731 1396 jubet
757 1361 866 1388 tandem
893 1361 987 1388 aﬂ'erri

198 1405 371 1432 tlturibulum
384 1415 390 1432 :
402 1405 437 1433 Ut.
449 1406 572 1441 potentia
589 1406 648 1438 Dci,
665 1406 804 1441 inquiens,
823 1406 983 1434 manifeste-

198 1457 253 1479 tur.
270 1443 457 1487 [inpositoque
471 1452 568 1487 prunis
585 1452 669 1487 ligno,
686 1456 760 1479 tanta
781 1452 873 1479 subito
885 1452 990 1487 disper-

198 1505 228 1525 sa
242 1502 285 1524 est
302 1498 498 1532 graveolentia,
513 1503 622 1532 tamque
653 1498 836 1526 intolerabilis
863 1498 989 1530 naribus,

198 1551 254 1570 non
270 1543 353 1570 modo
370 1543 442 1570 intra
456 1544 617 1571 monasterii
636 1547 724 1578 septa.
752 1544 801 1571 scd
829 1544 882 1571 late
906 1544 988 1571 etiam

198 1598 248 1626 per
264 1594 387 1618 montem
398 1589 508 1623 dillusa,
534 1594 564 1616 ut
591 1597 705 1625 peregre
732 1590 914 1617 adventantes
939 1597 988 1624 per

199 1644 379 1671 quascunque
391 1635 424 1663 ad
437 1637 634 1663 monasterium
652 1636 711 1664 vias
727 1635 842 1664 fetorem
859 1636 932 1664 ferre
959 1644 989 1664 se

200 1684 322 1723 potuisse
335 1688 478 1720 negarent,
497 1684 579 1711 etiam
592 1684 702 1711 eminus
725 1688 928 1712 occurrentem.
941 1684 989 1711 Vi-

200 1729 269 1757 dens
286 1730 378 1769 itaque
398 1729 517 1764 Symeon
533 1738 582 1764 per
596 1729 712 1757 fetorem
735 1729 823 1762 illum,
853 1729 919 1764 ligni
940 1737 989 1756 na-

200 1779 271 1803 turae
303 1775 484 1807 contrarium,
502 1783 532 1802 re
562 1775 619 1810 ipsa
648 1774 828 1803 condemnari
854 1775 990 1802 nefariam

201 1821 321 1848 hominis
334 1819 597 1852 vitam:Contitcre,
623 1821 722 1856 inquit,
751 1821 807 1848 Deo
821 1828 903 1855 opera
933 1826 989 1853 tua,

200 1870 229 1893 et
242 1866 435 1900 pmnitentiam
452 1874 501 1902 age
518 1874 568 1901 pro
591 1867 713 1901 peccatis
741 1867 815 1900 tuis;
836 1874 870 1894 ne
888 1875 904 1895 a
936 1866 992 1894 (lte-

201 1911 456 1946 moniisabreptus,
489 1912 644 1940 miseranda
675 1912 724 1940 ﬁas
747 1913 871 1940 omnium
887 1913 914 1940 in
944 1920 991 1940 ore

202 1958 303 1986 fabula.
314 1957 464 1993 Correptus
484 1958 576 1994 itaque
591 1959 688 1986 timore
706 1959 875 1990 vehementi,
892 1963 991 1986 cuncta

202 2004 295 2032 statim
311 2003 411 2031 delicta
425 2011 473 2031 sua
490 2003 656 2037 enuntiavit,
671 2003 751 2039 longe
766 2003 992 2039 graveolentiora

203 2051 317 2078 incenso
328 2057 411 2084 supra
423 2049 497 2077 dicto
509 2058 515 2076 :
532 2049 633 2077 deinde
644 2057 695 2085 pro
711 2049 819 2077 meritis
827 2048 991 2085 castigatus,

202 2096 342 2132 variisque
368 2096 569 2124 monitionibus
597 2100 624 2123 et
655 2096 801 2131 praeceptis
826 2095 992 2128 instructus,

204 2141 347 2169 remeavit.

1043 955 1097 979 νον,
1115 946 1181 973 ἀλλὰ
1194 945 1285 981 πολλῷ
1299 945 1346 972 καὶ
1359 943 1554 980 χαλεπωτέρας
1567 942 1694 973 ἀσεϐείας
1708 942 1831 978 ἀπηλλα-

1042 993 1153 1028 γμένον.

1080 1084 1142 1112 σιθ¹.
1170 1085 1284 1120 Ἐτερός
1299 1093 1351 1116 τις,
1366 1084 1396 1116 ἐξ
1416 1083 1592 1118 Ἐπιφανείας
1616 1083 1665 1118 τῆς
1686 1082 1716 1108 ὲν
1737 1080 1832 1116 Συρίᾳ,

1042 1132 1097 1158 τῶν
1132 1132 1279 1166 ἐπισήμων
1308 1131 1355 1158 καὶ
1373 1127 1462 1161 οὗτος,
1497 1129 1572 1165 παρὰ
1605 1129 1651 1156 τὸν
1683 1129 1761 1162 ἇγιον
1786 1127 1832 1153 ἁν-

1042 1177 1137 1210 ελθὼν,
1155 1179 1202 1204 καὶ
1225 1177 1395 1212 συλλαλήσας
1410 1177 1482 1212 ἅπερ
1497 1175 1632 1207 ἐϐούλετο,
1644 1174 1734 1210 ὀρέγει
1757 1173 1832 1207 ξύλον

1049 1223 1157 1250 Ἰνδικὸν
1170 1223 1270 1254 εὑῶδες
1294 1222 1379 1255 αὐτῷ,
1405 1222 1488 1254 ἀξιῶν
1512 1221 1640 1256 δεχθῆναί
1658 1229 1688 1246 τε
1713 1219 1762 1247 καὶ
1785 1219 1831 1246 Θυ-

1045 1269 1135 1305 μίαμα
1152 1269 1217 1304 παρ’
1229 1268 1312 1296 αὐτοῦ
1326 1268 1384 1303 Θεῷ
1399 1267 1598 1304 προσαχθῆναι.
1615 1267 1668 1293 Τοῦ
1687 1266 1715 1293 δὲ
1731 1275 1830 1299 παραι-

1042 1315 1172 1351 τουμένου
1194 1315 1242 1341 καὶ
1259 1315 1446 1346 ἀνανεύοντος,
1463 1314 1533 1340 οἴκοι
1554 1322 1584 1340 τε
1609 1313 1710 1348 θυμιᾷν
1753 1312 1832 1338 τοῦτο

1045 1361 1144 1396 μᾶλλον
1162 1361 1243 1388 αὐτὸν
1268 1360 1474 1395 ἐπιτρέποντος,
1489 1359 1526 1391 ὡς
1548 1359 1632 1389 πολὺς
1645 1356 1679 1394 ἦν
1697 1357 1836 1392 ἐπιμένων

1044 1400 1147 1438 ἐκεῖνος
1169 1407 1313 1442 ἐνεχθῆναι
1329 1406 1434 1433 κελεύει
1458 1406 1648 1441 θυμιατήριον.
1666 1405 1724 1431 Ἵνα
1750 1403 1797 1430 καὶ
1817 1403 1834 1438 ἠ

1043 1453 1089 1480 τοῦ
1109 1453 1187 1486 Θεοῦ,
1215 1453 1290 1487 φησι,
1322 1453 1439 1488 διαφανῆ
1466 1451 1630 1479 δυναστεία·
1647 1452 1694 1478 καὶ
1717 1451 1773 1482 τοῖς
1792 1450 1836 1477 ᾰνς

1044 1498 1140 1534 θραξιν
1154 1498 1325 1530 ἐπιτεθέντος
1340 1498 1387 1525 τοῦ
1404 1498 1494 1531 ξύλου,
1508 1498 1628 1532 τοσαύτη
1648 1506 1690 1528 τις
1715 1497 1836 1527 δυσωδία

1043 1545 1162 1578 γεγόνει,
1177 1545 1223 1571 καὶ
1239 1544 1371 1579 ὀσφρήσει
1386 1544 1473 1575 οὕτως
1508 1543 1567 1570 οὐδὲ
1587 1544 1638 1578 μιᾷ
1653 1542 1770 1577 φορητὴ,
1785 1543 1837 1568 οὐκ

1043 1591 1095 1618 ἀνὰ
1113 1591 1162 1626 τὴν
1179 1590 1262 1626 μονὴν
1278 1590 1367 1624 μόνον.
1384 1590 1453 1617 ἀλλὰ
1466 1589 1514 1617 καὶ
1529 1589 1575 1616 τοῦ
1594 1590 1675 1625 ὅρους
1694 1589 1741 1615 ἐπὶ
1767 1589 1835 1614 πολὺ

1043 1637 1187 1672 διήκουσα,
1197 1636 1234 1668 ὡς
1243 1637 1290 1662 καὶ
1305 1637 1359 1667 τοῖς
1368 1635 1467 1669 ἔξωθεν
1480 1636 1523 1662 διὰ
1533 1635 1622 1669 πάσης
1630 1635 1679 1662 ἐπὶ
1691 1634 1740 1669 τὴν
1753 1634 1837 1668 μονὴν

1042 1681 1103 1709 ὁδοῦ
1124 1681 1271 1716 προσιοῦσι
1297 1681 1426 1716 τοιαύτην
1448 1682 1510 1708 οἵαν
1545 1680 1612 1716 μηδὲ
1629 1679 1774 1714 ἀνέχεσθαι
1788 1679 1837 1705 δύ-

1043 1727 1151 1760 νασθαι,
1166 1728 1269 1764 ταύτην
1293 1726 1348 1754 ἀπὸ
1380 1726 1516 1762 μακρόθεν
1541 1725 1733 1761 προσϐάλλειν.
1763 1723 1839 1751 Ἰδὼν

1043 1772 1132 1800 τοίνυν
1146 1772 1160 1798 ὁ
1172 1770 1296 1806 Συμεὼν,
1311 1771 1386 1806 ἔργῳ
1405 1769 1480 1803 αὐτῷ
1495 1770 1542 1795 καὶ
1557 1768 1614 1803 βίου
1631 1768 1791 1802 φαυλότητα
1808 1766 1840 1792 τὸ

1044 1817 1120 1852 παρὰ
1130 1817 1160 1844 τὸ
1175 1817 1250 1848 εἰκὸς
1264 1816 1314 1850 τῆς
1326 1815 1374 1842 τοῦ
1391 1814 1471 1848 ξύλου
1490 1814 1597 1849 φύσεως
1604 1814 1837 1847 ἐκείνουκατηγο-

1046 1864 1111 1898 ρεῖν,
1125 1862 1350 1897 Ἐξομολόγησαι,
1366 1861 1442 1895 φησὶ,
1458 1860 1495 1895 τῷ
1513 1858 1572 1894 Θεῷ
1585 1859 1633 1890 τὰς
1649 1858 1765 1893 πράξεις
1779 1865 1840 1890 σου,

1046 1908 1184 1944 μετανοῶν
1198 1907 1228 1934 τὸ
1246 1907 1339 1933 λοιπὸν
1355 1907 1409 1933 ἀπὸ
1419 1906 1469 1941 τῆς
1483 1907 1581 1936 κακίας
1593 1913 1652 1936 σου,
1661 1905 1736 1936 ὅπως
1749 1913 1779 1930 σε
1798 1904 1837 1939 μὴ

1043 1955 1169 1990 δαίμονες
1181 1954 1281 1981 αὐτίκα
1292 1953 1509 1990 παραλαϐόντες.
1523 1952 1640 1979 ἐλεεινὸν
1657 1952 1732 1987 πάσῃ
1746 1951 1840 1984 γλῶττα

1046 2009 1078 2037 σῃ
1096 2001 1197 2028 θῶνται
1208 2000 1343 2036 διήγημα.
1364 2000 1408 2026 Ἐν
1420 1999 1495 2034 φόϐῳ
1509 1998 1656 2033 τοιγαροῦν
1670 1997 1762 2032 πολλῷ
1791 2005 1842 2030 γε-

1045 2047 1142 2082 γονὼς,
1160 2048 1251 2079 πάσας
1264 2047 1345 2078 εὐθὺς
1363 2045 1450 2076 αὑτὰς
1477 2044 1611 2079 διεξῆλθε,
1626 2044 1835 2078 δυσωδεστέρας

1045 2093 1136 2127 πολλῷ
1151 2092 1197 2119 τοῦ
1210 2092 1383 2127 θυμιάματος
1401 2089 1484 2121 οὔσας
1500 2097 1507 2105 ⁸
1525 2087 1586 2116 εἶτα
1611 2088 1792 2124 ἐπιτιμηθεὶς
1806 2087 1843 2114 τὰ

1046 2140 1148 2171 εἰκότα,
1165 2139 1212 2166 καὶ
1237 2138 1427 2173 παραινέσεως
1449 2136 1496 2163 καὶ
1520 2135 1698 2166 διδασκαλίας
1729 2135 1841 2169 τυχὼν,

1046 2186 1197 2213 ἐπάνεισιν.

239 2247 304 2276 220.
321 2247 540 2275 Consentaneum
549 2248 604 2282 jam
619 2246 693 2274 dicto
706 2252 750 2274 est
780 2246 854 2282 quod
878 2246 989 2282 subjici-

1083 2242 1134 2270 σκ’.
1155 2240 1312 2268 Ἀκόλουθον
1325 2240 1366 2275 τῷ
1381 2240 1519 2276 εἰρημένῳ
1532 2239 1563 2265 τδ
1574 2238 1746 2272 ἐπαγόμενον
1760 2257 1769 2266 .
1786 2238 1845 2271 ὅσῳ

206 2299 250 2322 tur
263 2303 271 2326 ;
287 2299 424 2328 quatenus
437 2301 498 2327 qum
511 2293 643 2320 miracula
660 2293 688 2320 in
699 2298 818 2327 utroque
827 2297 990 2326 occurrunt,

205 2339 277 2367 inter
286 2346 315 2365 se
331 2337 420 2366 atlinia
431 2343 506 2365 sunt.
518 2337 652 2365 Sacerdos
663 2337 774 2372 quidam
786 2337 896 2365 nomine
907 2337 991 2369 Joan-

207 2391 269 2415 nes.
283 2383 330 2418 qui
341 2391 390 2418 per
405 2383 472 2411 illud
487 2388 594 2418 tempus
604 2382 775 2418 Apamiensis
790 2382 845 2418 (6i)
864 2383 992 2411 Ecclesiae

205 2436 366 2459 (economus
383 2429 451 2462 (62),
465 2429 581 2457 accessit
603 2437 665 2456 cum
681 2437 765 2457 uxore
781 2433 811 2456 et
829 2429 992 2464 propinquis

206 2475 336 2502 omnibus
352 2474 386 2502 ad
407 2474 586 2510 Symeonem:
602 2482 683 2509 quem
705 2474 868 2509 discipulus,
888 2474 993 2502 nuntiis

210 2522 285 2549 ultro
314 2521 439 2555 citroque
449 2520 607 2548 deferendis
621 2520 710 2548 eidem
746 2520 918 2554 ministrans,
943 2529 991 2548 seu

170 2592 181 2601 ,
205 2566 327 2594 amicitia
343 2566 473 2601 quadam.
486 2574 533 2593 seu
550 2566 810 2597 benevolentia,seu
824 2566 895 2594 forte
911 2566 993 2594 etiam

209 2611 364 2646 ignorantia
380 2619 473 2638 rerum
485 2611 569 2643 illius,
582 2610 681 2638 sedqu
693 2610 808 2637 curabat
824 2616 994 2646 praesentare

246 2704 302 2739 (60)
320 2704 483 2739 Epiphania,
492 2706 560 2732 inter
573 2703 738 2732 Antiochiam
748 2708 771 2731 et
786 2704 947 2731 Damascum
961 2703 994 2730 ad

208 2740 479 2776 Qroittcmwtrinque
501 2748 527 2775 p.
544 2747 582 2776 In.
612 2740 645 2767 80
671 2740 795 2776 distans:
825 2744 849 2765 et
875 2745 912 2776 est
940 2739 995 2766 alia

208 2774 365 2810 Epiphania
382 2774 490 2807 Ciliciw,
502 2774 652 2803 ’Antiocln'a:
664 2775 697 2802 ad
710 2774 825 2801 Boream
851 2775 936 2810 posita
953 2775 995 2801 in-

211 2808 324 2844 tervallo
339 2818 390 2835 non
403 2810 516 2836 multum
528 2809 636 2844 majori.

248 2842 309 2879 (Gl),
320 2843 440 2879 Apamea
455 2846 510 2871 ha’c
524 2842 594 2878 (sum
609 2845 678 2871 enim
691 2845 772 2872 etiam
793 2845 850 2879 ejus
880 2844 994 2871 nominis

214 2873 313 2911 νίιιτεέ)
331 2873 365 2905 ad
379 2878 503 2913 alterum,
519 2873 545 2905 id
563 2883 599 2906 est
612 2880 749 2906 dexteram
763 2873 868 2908 Orontis
898 2880 992 2915 ripam,

1045 2290 1091 2317 καὶ
1102 2288 1266 2324 ἀμφοτέροις
1281 2286 1401 2321 συγγενῆ
1410 2286 1444 2312 τὰ
1462 2284 1509 2312 τοῦ
1518 2285 1669 2318 θαύματος·
1678 2282 1778 2318 Ἱερεύς
1788 2290 1843 2313 τις,

1044 2337 1129 2371 ὄνομα
1137 2334 1273 2369 Ἰωάννης,
1281 2333 1330 2368 τὴν
1336 2334 1365 2360 ὲν
1372 2330 1510 2367 ’Δπαμείᾳ
1518 2328 1667 2365 τηνικαῦτα
1675 2327 1845 2362 Ἐκκλησίαν

1045 2381 1204 2417 οἰκονομῶν,
1225 2379 1362 2415 προσῆλθε
1395 2378 1445 2404 σὺν
1466 2375 1576 2411 συζύγῳ
1600 2375 1649 2401 καὶ
1668 2373 1845 2408 προσήκουσι

1046 2428 1113 2455 πᾶσι
1130 2426 1168 2462 τῷ
1186 2425 1309 2461 Συμεών.
1329 2425 1358 2451 '0
1385 2422 1451 2457 γοῦν
1481 2422 1531 2452 τὰς
1552 2419 1682 2454 ἀγγελίας
1704 2419 1845 2452 εἰσφέρων

1049 2474 1183 2510 μαθητὴς,
1197 2473 1213 2508 ἢ
1229 2472 1306 2508 φιλίᾳ
1315 2472 1348 2506 τῇ
1361 2470 1428 2505 πρὸς
1439 2468 1545 2503 αὐτὸνῆ
1556 2467 1604 2494 καὶ
1612 2466 1714 2501 χάριτι,
1727 2465 1803 2498 τάχα
1813 2464 1845 2490 δὲ

1049 2521 1098 2547 καὶ
1123 2519 1219 2553 ἀγνοίᾳ
1243 2517 1297 2544 τῶν
1327 2516 1388 2543 κατ’
1413 2515 1505 2547 αὑτὸν,
1524 2512 1690 2543 ἐσπούδαζεν
1713 2511 1765 2537 ὅσα
1794 2510 1846 2536 καὶ

1048 2565 1166 2601 χρηστὸν
1194 2564 1278 2599 ἄνδρα
1313 2562 1407 2589 τοῦτον
1434 2561 1472 2595 τῷ
1507 2558 1621 2594 Συμεὼν
1653 2556 1843 2592 παραθέσθαι.

1048 2611 1157 2638 Πολλῶν
1181 2608 1324 2645 τοιγαροῦν
1353 2607 1417 2642 περὶ
1441 2605 1523 2633 αὑτοῦ
1548 2603 1625 2640 παρὰ
1641 2603 1688 2630 τοῦ
1716 2601 1845 2638 μαθητοῦ

1050 2703 1207 2745 Epiphania:
1236 2710 1318 2738 quam
1352 2700 1497 2729 Antiochia»:
1527 2697 1609 2732 duplo
1641 2697 1752 2731 propior
1791 2692 1847 2720 ad-

1043 2743 1126 2774 jacrt.

1086 2762 1142 2806 (tiri)
1161 2772 1337 2800 OEconomus
1352 2772 1459 2801 dicitur,
1477 2769 1522 2806 qui
1541 2768 1596 2794 vice
1623 2765 1736 2806 εμὶδςορξ
1749 2762 1844 2806 [aq-'1‘-

1048 2799 1255 2837 tat‘eerci-lesitv
1278 2799 1511 2842 administrat-site
1531 2811 1644 2842 quorum
1665 2799 1753 2835 ofﬁcio
1775 2799 1841 2825 vita

1047 2845 1254 2871 eruditissimum
1265 2842 1395 2878 Cangium
1407 2842 1434 2868 in
1453 2840 1598 2869 Glossario.
