1966 3068
117 231 275 266 λεγομένων,
288 228 382 264 ἠρέμα
409 228 479 263 πρὸς
509 227 591 255 αὐτὸν
606 228 621 253 ό
638 221 751 261 Συμεὼν
773 223 901 259 ὲπιστρέ-
915 221 940 252 Α

117 278 175 313 quiq,
198 276 236 312 μὴ
252 275 351 311 χρῆναι
365 274 483 302 τοιαῦτά
499 282 581 307 τισιν,
594 274 668 304 ὅπως
685 272 719 298 ἂν
745 271 792 298 καὶ
815 270 902 313 τύχοι,

119 311 273 359 μαρτύρεῖν,
297 321 349 356 ἔφη
364 328 371 335 ·
391 320 499 347 Παῦσαι
524 319 624 351 τοίνυν,
650 317 758 351 ἁδελφὲ,
775 315 840 349 περὶ
867 311 905 342 ὧν

118 370 161 397 οὐκ
175 366 254 396 οἶσθα
268 367 479 402 διατεινόμενος.
496 365 552 393 Καὶ
565 365 598 400 τῇ
614 363 688 399 χειρὶ
703 362 779 398 παρὰ
790 362 844 388 τῶν
856 361 905 396 τῆς

121 415 238 451 κεφαλῆς
252 414 354 450 τριχῶν
369 412 416 440 τοῦ
434 412 579 448 οἰκονόμου
602 410 763 445 λαϐόμενος,
781 408 818 435 Τὸ
838 408 906 434 ἀκά-

119 461 212 497 θαρτον
231 460 279 487 καὶ
302 459 421 495 πονηρὸν
445 457 565 492 πνεῦμα,
581 456 659 492 φησὶ,
676 455 707 483 τὸ
722 453 845 482 ἐνοικοῦν
867 452 907 488 τῷ

120 507 251 543 ἀνθρώπῳ
265 506 364 541 τούτῳ,
379 505 488 540 ἔλεγξον
500 504 547 531 ἐπὶ
561 503 616 530 τῶν
630 502 774 538 παρόντων
783 501 832 532 τὰς
846 508 909 535 μια-

122 556 165 592 pit;
176 554 258 582 αὑτοῦ
272 554 386 590 πράξεις
399 553 446 579 καὶ
458 549 665 587 ἁθεμίτους,ίνα
677 548 743 576 Θεὸν
756 544 827 575 εῖναι
837 546 907 581 γνῷ,

101 628 103 630 ,
120 602 254 637 Δεσπότην
272 600 320 628 καὶ
334 599 502 635 δημιουργὸν
519 597 663 629 ἁπάντων,
683 595 730 622 τὸν
744 592 908 629 στερεοῦντα

119 647 229 683 οὐρανὸν
244 647 290 674 καὶ
304 645 430 678 κτίζοντα
446 645 516 678 γῆν,
530 643 659 670 ποιοῦντα
672 642 711 673 εἰς
725 640 792 676 ὕψος
807 639 907 675 κρῖμα,

121 695 163 721 καὶ
175 693 350 726 δικαιοσύνην
362 693 402 723 είς
413 691 464 726 γῆν
477 691 569 725 ἔθηκε.
582 689 637 716 Καὶ
651 689 665 715 ό
679 687 784 722 δαίμων
798 685 909 721 κράζων

119 738 151 775 ἦν
166 739 266 771 εὐθέως
279 739 327 766 καὶ
342 737 486 770 ὀλολύζων,
500 736 548 763 καὶ
562 735 652 762 δίκαιά
666 742 697 768 γε
715 733 814 768 πάσχει
828 739 910 768 μεγα-

121 786 290 813 λοὸοῶν.Ἶνα
311 785 337 812 τί
359 783 414 819 γὰρ
430 784 444 810 ό
460 782 640 816 είδωλοθύτης
658 777 751 813 οὗτος,
768 781 782 807 ὁ
796 779 879 814 γόης,
896 779 910 804 ὀ

122 833 229 865 πλάνος,
246 835 259 860 ὁ
272 833 383 866 ἀσεϐὴς,
397 832 444 859 καὶ
461 830 527 857 ἄλλα
543 829 666 862 τοιαῦτα,
684 827 758 863 παρὰ
777 827 808 854 σὲ
822 825 910 862 ἠγαγέ

123 887 170 913 μες
186 879 233 905 καὶ
244 878 291 904 νῦν
302 877 486 912 κατακαίομαι
501 875 551 911 μὲν
567 874 632 910 ἐγὼ,
647 874 688 901 ὅτι
700 872 910 909 δημοσιεύονται

122 926 202 952 πᾶσιν
218 926 246 952 αἱ
261 924 356 951 τούτου
373 923 497 959 πράξεις.

160 1053 229 1078 σκα’.
247 1049 354 1076 Πολλῶν
371 1046 417 1076 οὖν
433 1049 563 1076 τοιούτων
588 1048 640 1076 ὕπο
657 1047 703 1076 τοῦ
719 1049 845 1085 δαίμονος
869 1049 915 1076 λεο

127 1097 249 1131 γομένων
264 1116 271 1127 ,
285 1095 333 1123 τοῦ
361 1105 390 1123 τε
420 1096 516 1132 ἀνδρὸς
548 1096 594 1123 ὑπ’
618 1096 702 1124 αὑτοῦ
720 1096 846 1132 χαλεπῶς
863 1096 917 1122 πά-

127 1152 246 1178 σχοντος,
258 1143 318 1170 οὐδὲ
333 1143 394 1175 τοὺς
408 1143 460 1176 ἔξω
474 1143 520 1170 τοῦ
536 1143 639 1175 πάθους
662 1143 794 1179 ἀδακρυτὶ
810 1143 917 1176 στέγειν

127 1189 206 1224 ἐπῄει
219 1190 268 1225 τὴν
280 1190 342 1224 ὂψ»)
354 1198 361 1205 ·
379 1191 395 1225 ἠ
411 1190 504 1225 μέντοι
519 1189 589 1225 γυνὴ
606 1189 701 1216 τούτου
732 1188 779 1216 καὶ
794 1197 808 1215 ο
838 1196 919 1223 προσ·

127 1236 249 1271 ήκοντες,
260 1236 338 1268 ὅλους
355 1237 469 1268 ἑαυτοὺς
482 1237 522 1267 εἰς
538 1236 635 1271 ἔδαφος
652 1235 792 1271 ῥίψαντες,
808 1234 918 1261 κλαίον-

127 1290 172 1313 τες
200 1280 271 1317 ἦσαν
289 1283 336 1308 καὶ
364 1282 464 1317 πικρὸν
496 1281 681 1313 ὀλολύζοντες,
697 1281 746 1307 καὶ
771 1280 846 1311 τίνας
869 1280 919 1306 οὐκ

127 1328 246 1358 ὲλεεινὰς
277 1329 368 1362 φωνὰς
391 1327 431 1363 τῷ
459 1327 530 1362 ἁγίῳ
556 1327 742 1363 προσάγοντες
761 1335 769 1359 ;
790 1325 920 1353 Ἐπικλα-

129 1375 202 1406 σθεὶς
217 1372 264 1401 οὖν
287 1375 391 1407 ἐκεῖνος
411 1375 496 1410 αὐτῷ,
512 1374 671 1409 ἐπιτιμήσει
687 1373 860 1408 παραχρῆμα
874 1372 920 1399 τὴν

128 1421 241 1456 δαίμονα
256 1421 303 1448 τοῦ
323 1421 420 1457 ἀνδρὸς
439 1421 597 1449 ἀπελαύνει.
619 1421 648 1448 Ὀ
665 1421 693 1448 δὲ
711 1420 839 1455 καθαρῶς
855 1420 920 1447 ἐαυ-

129 1468 176 1495 τοῦ
197 1468 244 1495 καὶ
259 1467 313 1494 τῶν
324 1467 433 1494 οἰκείων
452 1467 591 1503 λογισμῶν
604 1467 761 1502 γενόμενος,
775 1465 822 1493 καὶ
840 1465 921 1499 γνοὺς

129 1515 196 1546 οἵοις
220 1514 265 1541 διὰ
293 1514 338 1541 τον
366 1513 536 1549 προλαϐόντα
565 1513 622 1549 βίον
646 1515 743 1546 κακοῖς
781 1512 921 1545 ὲκδέδοτο,

130 1561 284 1596 κατήγορος
308 1558 343 1596 ἦν
367 1560 449 1592 αὐτὸς
467 1560 576 1592 ἑαυτοῦ,
594 1559 676 1595 μηδὲν
689 1559 743 1586 τὼν
764 1558 858 1593 κρινφῆ
873 1567 922 1585 πε·
936 1566 958 1594 c

131 1608 310 1643 πραγμέιιων,
338 1607 393 1635 τῶν
415 1608 461 1634 καὶ
477 1607 525 1634 τοῦ
541 1607 633 1634 λαθεῖν
647 1607 731 1639 ὅντως
751 1607 835 1639 ἀξίων
852 1605 924 1632 ὲκεί-

130 1663 185 1682 νων
217 1653 437 1689 παρακατέχων*
471 1650 509 1681 ὧν
537 1652 599 1680 οὐδὲ
628 1654 699 1681 κατὰ
730 1653 813 1688 μέρος
840 1652 927 1685 φειδοῖ

131 1699 187 1727 τῶν
210 1699 412 1735 ἀσθενεστέρων
437 1698 649 1734 μνημονευτέον.
665 1698 731 1725 Ἀλλ’
754 1696 802 1725 οὖν
840 1698 931 1733 ιύώρα

135 1746 224 1773 πάντα
247 1745 296 1772 καὶ
320 1745 388 1780 δῆλα
408 1746 469 1777 ταῖς
482 1745 537 1772 τῶν
552 1744 694 1780 παρόντων
717 1743 802 1775 τιθεὶς
820 1743 928 1776 ἀκοαῖς,

132 1792 181 1819 καὶ
193 1791 239 1819 τοῦ
257 1792 401 1827 μέλλοντος
421 1790 558 1827 ἐγγυητὴς
572 1790 661 1825 ἑαυτῷ
675 1790 834 1825 γινόμενος,
846 1791 860 1816 ὁ
879 1789 928 1825 μὲν

131 1836 180 1866 οὖν
195 1838 293 1872 ἄφεσιν
312 1837 360 1865 ἐπὶ
372 1837 476 1869 τούτοις
493 1835 643 1863 ὑπεύθυνον
666 1835 805 1871 ἐπιτιμίας
825 1834 927 1868 λαϐὼν,

132 1885 221 1920 ἐπανή
225 1893 255 1911 κε
260 1893 279 1911 ι.

171 1930 240 1966 σκβϊ.
260 1931 374 1965 ’Έτερος
387 1929 416 1956 δέ
428 1938 470 1961 τις
480 1929 513 1956 ἐκ
528 1928 577 1964 τῆς
595 1929 730 1965 Ἀντιόχου
745 1929 790 1956 καὶ
804 1929 855 1965 τῆς
868 1930 927 1956 κατ’

133 1975 216 2003 αὑτὸν
238 1975 414 2010 Ἐκκληοίας,
437 1975 565 2010 Ἰωάννης
581 1975 631 2010 τὴν
652 1974 749 2006 κλῆσιν
774 1975 822 2002 καὶ
841 1972 927 2008 οὗτος,

133 2025 165 2051 οὺ
179 2024 327 2059 βλάσφημα
348 2023 429 2059 μόνον
446 2023 489 2050 ἀεὶ
505 2022 574 2050 κατὰ
589 2021 635 2049 τοῦ
658 2023 737 2057 ἁγίου
765 2022 866 2055 ἐλάλει,
882 2023 930 2049 καὶ

132 2069 241 2105 τρυφὴν
261 2070 411 2097 ἀκολάστου
434 2069 558 2104 γλώττης
576 2069 627 2101 τὰς
639 2069 680 2100 είς
696 2068 778 2095 αὐτὸν
795 2068 929 2103 λοιδορίας

134 2117 284 2151 πεποίητοσ
298 2116 366 2143 ἀλλὰ
377 2117 424 2143 καὶ
438 2116 518 2152 μέχρι
530 2115 658 2142 τοσούτου
672 2115 770 2150 μανίας
782 2114 928 2150 προῆλθεν,

133 2163 174 2194 ὡς
199 2162 260 2203 καὶτ¹
274 2161 370 2198 ὕϐρεσι
398 2162 618 2198 φλεγμαίνουσαν
639 2161 784 2197 ἐπιστολὴν
804 2160 842 2198 (ὣ
859 2162 930 2188 πόσα

133 2209 240 2244 τολμᾷν
253 2206 307 2234 οῐδε
324 2209 419 2241 κακία,
435 2209 482 2234 καὶ
496 2207 565 2235 κατὰ
581 2208 632 2242 τῆς
646 2207 776 2244 ἀληθείας
793 2207 929 2235 νεανιεύε-

135 2238 200 2282 σθαι
229 2254 308 2290 )πρὸς
323 2238 576 2281 αὐτὸντᾶποστείλαι
586 2262 594 2270 '
609 2238 642 2288 ἦν
654 2238 757 2286 ἐκεῖνος
765 2238 928 2288 δεξάμενος,
944 2238 968 2269 D

136 2301 187 2328 καὶ
209 2300 248 2336 τῷ
267 2300 403 2335 πνεύματι
432 2300 523 2334 γνοὺς,
541 2300 578 2332 ὡς
597 2300 647 2326 οὐκ
669 2300 702 2328 ἄν
722 2308 787 2326 ποτε
807 2300 932 2332 παιδείας

135 2346 224 2382 χωρὶς
244 2346 291 2373 καὶ
305 2345 392 2372 ταῦτα
412 2345 625 2381 παραμενούσης
643 2347 690 2372 καὶ
706 2345 933 2381 ύπομιμνησκού-

137 2402 190 2427 aq;
216 2392 368 2428 μετάθηται
390 2391 460 2427 πρὸς
479 2392 509 2418 τὺ
523 2391 638 2424 βέλτιον,
653 2392 709 2419 τῶν
731 2391 863 2427 μαθητῶν
885 2391 933 2418 ἕνα

136 2439 268 2472 καλέσας,
287 2439 392 2471 Ἄπιθι,
407 2437 484 2472 φησὶ,
499 2437 575 2474 παρὰ
586 2437 636 2473 τὴν
658 2437 795 2474 Ἀντιόχου
808 2438 875 2474 πρὸς
888 2438 934 2465 τὸν

135 2486 263 2514 διάκονον
293 2485 431 2519 Ἰωάννην,
449 2484 497 2511 καὶ
512 2484 575 2511 τάδε
595 2484 670 2520 αὐτῷ
695 2484 875 2519 ἀπάγγειλον,
896 2484 934 2516 ὡς

135 2532 206 2568 παρ’
219 2531 307 2566 ἡμῶν,
328 2530 438 2566 Ἐπειδὴ
456 2530 590 2566 συμφέρει
602 2532 634 2566 τῇ
650 2531 724 2567 ψυχῇ
738 2539 785 2558 σου
799 2539 934 2558 ταπεινω-

137 2577 221 2613 Θῆναῖ
246 2585 275 2604 σε
299 2577 343 2604 διὰ
369 2576 418 2612 τὴν
443 2576 544 2612 πολλὴν
560 2576 610 2612 τῆς
625 2576 753 2612 γλώσσης
774 2576 933 2610 ἀκολασίαν,

140 2625 197 2653 ἰδοὺ
211 2623 349 2651 ἐκδέδοσαι
369 2623 487 2659 δαίμονι,
506 2623 536 2655 ὃς
552 2623 595 2650 διὰ
611 2623 703 2659 πάσης
727 2631 775 2650 σου
793 2623 842 2658 τῆς
861 2623 935 2658 ζωῆς

137 2672 219 2698 ἔσται
245 2669 381 2697 παιδεύων
409 2678 450 2697 σε.
479 2669 574 2696 Ταῦτα
601 2669 668 2705 ὁμοῦ
695 2678 725 2696 τε
756 2669 823 2705 πρὸς
853 2669 935 2697 αὐτὸν

137 2718 247 2753 εἰρήκει
262 2716 395 2753 μαθητὴς,
412 2719 460 2744 καὶ
480 2716 584 2752 δαίμων
603 2716 643 2752 τῷ
665 2716 742 2752 ἀνδρὶ
761 2716 859 2752 ἀθρόον
875 2717 936 2743 ἑπι-

137 2764 278 2800 πηδήσας,
292 2763 410 2796 ὼλόλυζε
430 2764 464 2791 δι’
482 2763 577 2797 αὑτοῦ,
603 2764 651 2791 καὶ
665 2765 706 2795 είς
717 2764 768 2800 γῆν
783 2764 829 2791 τον
843 2763 936 2791 ἄθλιον

137 2810 331 2845 κατερρίπτει,
348 2810 395 2837 καὶ
415 2810 466 2837 ὅσα
486 2810 542 2837 τῶν
555 2809 746 2846 δαιμονώντων
759 2810 881 2846 ἀκριϐῶς
897 2810 936 2837 δι-

137 2859 238 2885 ετιυει.

179 2905 250 2938 σκγ’.
268 2903 301 2931 Ἦ
325 2902 394 2939 γυνὴ
412 2902 501 2931 τοίνυν
528 2902 575 2932 τοῦ
594 2903 718 2931 διακόνου
742 2902 791 2931 καὶ
810 2903 834 2930 ot
849 2911 939 2946 προσέ

609 171 696 203 VITA
715 169 738 199 A
757 165 978 199 NICEPIIORO
997 163 1245 195 CONSCRIPTA.

1674 159 1747 191 3W)

953 226 1052 252 sancto
1070 226 1200 257 tanquam
1216 220 1306 249 virum
1322 219 1453 256 probum.
1471 219 1595 255 Cumque
1612 217 1696 245 multa
1713 217 1748 245 ab

930 283 935 287 ε
955 271 1055 299 eodem
1069 269 1206 304 discipulo
1233 268 1261 295 in
1288 266 1555 295 commendationem
1575 264 1628 293 viri
1640 262 1748 301 prefer-

948 322 1066 347 rentur,
1084 315 1191 351 placide
1209 314 1243 342 ad
1255 315 1333 342 illum
1350 321 1503 341 conversus
1514 313 1643 348 Symeon,
1661 311 1747 338 dixit:

956 363 1015 391 Non
1033 365 1145 397 oportet
1160 361 1224 389 talia
1232 361 1266 389 de
1277 360 1407 396 quopiam
1431 358 1591 387 testimonia
1614 357 1691 389 dare,
1709 361 1749 384 ta-

957 409 1039 437 metsi
1053 409 1125 436 forte
1139 415 1236 435 revera
1257 407 1384 434 subsint:
1398 405 1494 434 desine
1514 405 1609 440 igitur,
1639 403 1677 431 mi
1695 402 1749 430 l'ra-

957 460 1010 488 ter,
1029 461 1090 490 qua:
1105 453 1216 488 ignoras
1239 452 1387 480 afﬁrmare.
1407 451 1442 479 Et
1457 458 1540 478 manu
1565 457 1615 485 per
1637 449 1751 484 capillos

958 500 1058 536 capitis
1077 498 1249 527 sacerdotem
1267 498 1457 533 prehendens:
1487 496 1599 531 Impure
1620 502 1652 522 ac
1667 493 1749 521 mali-

958 555 1010 583 gne
1025 545 1153 581 spiritus.
1170 545 1220 577 ait.
1235 544 1439 579 qui_ltominem
1453 543 1529 570 hunc
1539 541 1649 572 incolis.
1662 546 1747 574 argue

959 600 1052 622 coram
1067 593 1147 620 hisce
1166 591 1350 627 praesentibus
1372 589 1480 627 nefaria
1499 593 1528 616 et
1553 588 1648 623 iniqua
1678 587 1754 614 illius

959 643 1103 675 opera;ut
1125 642 1257 674 agnoscat
1285 637 1373 664 Deum
1402 643 1464 664 esse
1493 635 1641 662 Dominum
1671 637 1754 668 atque

960 685 1086 721 Opiﬁcem
1101 686 1308 716 universorum,
1331 683 1378 718 qui
1393 681 1513 709 ﬁrmavit
1525 681 1626 710 coelum
1639 685 1668 707 et
1687 687 1755 707 cett-

961 732 1031 760 didit
1046 736 1168 764 terram;
1187 732 1233 765 qui
1250 729 1462 765 facitjudicium
1485 728 1513 755 in
1526 727 1648 758 excelso,
1664 730 1692 753 et
1709 733 1757 760 po-

962 779 1019 807 suit
1030 777 1166 814 justitiam
1181 776 1208 803 in
1229 780 1314 804 terra.
1330 775 1364 802 Et
1381 775 1489 802 daemon
1519 773 1664 801 clamitans
1681 770 1756 798 illico

962 829 1046 860 atque
1064 824 1172 860 cjulans
1186 821 1391 850 vociferabatur
1405 819 1500 856 grandi
1522 827 1586 847 cum
1612 817 1729 853 strepitu
1749 825 1755 844 :

963 870 1079 906 [Equum
1091 870 1217 905 patitur:
1237 876 1286 896 cur
1303 868 1376 896 enim
1392 867 1538 895 idololatra
1565 865 1622 897 ille,
1639 864 1684 892 ille
1707 871 1757 891 ve-

964 918 1081 950 neficus,
1096 917 1142 945 ille
1155 916 1302 951 imposlor,
1316 915 1363 942 ille
1377 914 1491 949 impius,
1507 917 1535 940 ct
1545 920 1605 947 quae
1614 914 1757 946 praeterea,

965 964 1000 992 ad
1021 968 1046 992 te
1057 971 1100 991 tne
1111 962 1246 991 adduxit?
1259 966 1287 989 et
1301 968 1377 989 nttnc
1391 959 1510 996 egoipsc
1526 957 1635 986 crucior
1649 956 1758 989 acerbe,

966 1009 1040 1046 quod
1057 1009 1132 1037 illius
1146 1013 1223 1045 gesta
1237 1007 1369 1035 omnibus
1384 1004 1531 1033 manifesta
1550 1004 1626 1031 ﬁant.

1002 1056 1065 1084 2‘21.
1082 1056 1159 1084 Talia
1177 1055 1263 1091 igitur
1272 1053 1414 1088 multaque
1426 1051 1595 1079 situiliacum
1612 1058 1626 1077 a
1637 1049 1761 1076 dmmonc

968 1104 1169 1140 proferrentur,
1216 1101 1444 1134 inferrenturque
1490 1097 1596 1125 homini
1625 1093 1760 1130 supplicia

969 1151 1072 1187 gravia,
1087 1157 1121 1177 ne
1137 1148 1175 1176 illi
1194 1147 1307 1183 quidem
1322 1145 1370 1181 qui
1397 1144 1541 1172 doloribus
1564 1142 1644 1170 vacui
1670 1145 1760 1172 erant,

971 1202 1123 1231 temperare
1139 1194 1235 1222 oculos
1252 1201 1267 1220 a
1291 1192 1421 1228 laerymis
1448 1195 1578 1226 potuere:
1599 1196 1669 1216 uxor
1687 1193 1762 1215 certe

970 1247 998 1271 ct
1012 1239 1169 1277 propinqui,
1183 1244 1254 1267 totos
1265 1247 1295 1267 se
1311 1239 1338 1267 in
1352 1238 1440 1266 solum
1454 1240 1671 1273 presterncntes.
1686 1234 1763 1270 plan-

970 1292 1122 1324 gentcsque
1136 1283 1515 1322 clcjulautcsacerbissime,
1546 1281 1612 1318 quid
1640 1288 1693 1308 non
1723 1280 1764 1307 la-

971 1333 1165 1361 mentabilium
1188 1339 1288 1359 vocum
1319 1338 1413 1358 coram
1444 1334 1539 1358 sancto
1567 1327 1764 1356 ειΥιιιιιιυιιςλιιῑῗ

972 1379 1085 1407 Talibus
1119 1378 1236 1406 inﬂexus
1256 1377 1387 1414 Symeon,
1419 1374 1588 1410 increpando
1611 1373 1765 1400 daemonem

972 1433 1034 1453 mox
1049 1433 1064 1453 c
1082 1425 1143 1452 viro
1157 1424 1270 1459 expellit
1282 1434 1289 1451 :
1303 1423 1350 1459 qui
1363 1424 1417 1459 jam
1434 1422 1514 1454 liber,
1535 1421 1645 1456 sibique
1675 1423 1702 1447 et
1723 1426 1767 1445 ra-

974 1471 1043 1501 tioni
1057 1471 1193 1503 redditus,
1204 1479 1236 1498 ac
1252 1470 1338 1506 probe
1359 1469 1516 1504 intelligens
1533 1467 1646 1503 quantis
1670 1467 1697 1494 in
1711 1465 1765 1493 vita

974 1519 1113 1555 prxterita
1126 1518 1278 1547 sceleribus
1292 1517 1405 1545 deditus
1423 1517 1530 1548 inisset,
1548 1519 1694 1543 accusator
1723 1513 1766 1541 sui

975 1567 1062 1595 factus
1078 1571 1119 1594 est
1132 1575 1139 1593 '.
1154 1564 1278 1600 nihilque
1291 1564 1438 1595 scelerum,
1451 1567 1559 1590 secreto
1584 1565 1766 1596 patratorutu,

975 1620 1074 1642 eorum
1098 1611 1181 1640 etiam
1207 1619 1268 1646 qua:
1289 1609 1430 1638 mtcrnum‘
1449 1610 1534 1637 lulch
1559 1607 1770 1636 convenientius

976 1663 1046 1690 erat,
1061 1665 1178 1691 quaeque
1190 1664 1205 1684 ιι
1220 1656 1300 1684 nobis
1317 1655 1505 1690 partieuiatinl
1522 1654 1558 1681 ob
1573 1653 1768 1681 verecundiam

978 1701 1192 1730 itubecilliorutn
1210 1700 1387 1728 inemoranda
1404 1708 1458 1727 non
1478 1703 1552 1732 sunt,
1567 1698 1679 1726 silentio
1690 1705 1768 1733 pres-

978 1748 1031 1780 sit;
1052 1747 1100 1775 scd
1117 1747 1210 1775 omnia
1225 1747 1302 1774 nullo
1313 1751 1428 1781 excepto
1445 1745 1533 1781 palam
1546 1748 1575 1773 et
1590 1748 1684 1780 aperta
1699 1751 1770 1779 prae-

979 1794 1101 1822 sentiant
1116 1793 1231 1821 auribus
1247 1793 1371 1829 ingessit.
1395 1792 1483 1820 factus
1498 1791 1631 1827 deinceps
1646 1791 1700 1819 sibi
1711 1791 1770 1826 ipse

978 1847 1086 1868 censor.
1103 1839 1303 1867 “emissionem
1322 1838 1403 1874 igitur
1416 1838 1452 1866 ob
1473 1837 1571 1865 delicta
1594 1844 1658 1865 eum
1681 1836 1771 1872 pacili-

981 1885 1065 1914 teutia
1083 1886 1257 1922 eenjunetam
1269 1884 1419 1920 accipiens,
1438 1891 1566 1912 reversus
1577 1887 1629 1911 est.

1014 1931 1077 1959 2'22.
1097 1932 1176 1959 Alius
1188 1931 1300 1966 quidam
1317 1929 1471 1958 Antioclum
1488 1930 1634 1959 oriundus.
1655 1931 1771 1965 (‘jUSthe

980 1977 1112 2006 Ecclesia:
1129 1977 1265 2008 minister,
1280 1976 1400 2004 Joannes
1413 1975 1508 2003 itidem
1523 1975 1626 2009 dictus,
1642 1984 1696 2003 non
1713 1984 1773 2003 mo—

980 2024 1017 2052 do
1033 2023 1220 2059 blasphemias
1236 2027 1332 2050 contra
1347 2026 1474 2050 sanetum
1491 2021 1635 2049 ell‘utiebat
1651 2030 1775 2057 semper,

980 2074 1009 2097 et
1031 2069 1133 2104 linguae
1150 2068 1361 2104 intemperantis
1384 2067 1567 2096 contumelias
1590 2076 1640 2103 pro
1667 2068 1775 2096 deliciis

981 2115 1116 2149 habebat;
1129 2114 1287 2150 quinetiam
1306 2121 1339 2141 eo
1355 2114 1469 2142 insania:
1482 2115 1626 2149 processit,
1644 2118 1675 2142 ut
1689 2115 1775 2142 refer-

983 2165 1037 2189 tam
1056 2161 1165 2198 injuriis
1181 2161 1324 2196 epistolam
1342 2161 1454 2195 (quanta
1480 2161 1550 2188 solet
1572 2161 1676 2188 audere
1696 2161 1775 2188 mali—

983 2209 1031 2242 tia,
1048 2213 1076 2236 et
1098 2213 1201 2236 temere
1223 2214 1319 2236 contra
1335 2208 1480 2235 veritatem
1497 2207 1620 2243 moliri!)
1635 2208 1668 2235 ad
1685 2208 1774 2243 ipsum

982 2256 1114 2284 mitteret.
1132 2255 1208 2283 Hanc
1224 2255 1270 2283 ille
1288 2254 1437 2289 accipiens,
1454 2259 1483 2282 et
1499 2253 1596 2289 spiritu
1609 2254 1774 2290 prmi-idens.

982 2301 1122 2338 quomodo
1140 2309 1190 2336 per
1204 2301 1257 2328 hoc
1273 2300 1432 2336 aliquando,
1447 2308 1503 2328 non
1524 2300 1586 2328 sine
1596 2301 1777 2337 castigatione

982 2349 1087 2376 diutius
1106 2351 1286 2383 permanente
1309 2353 1337 2374 et
1353 2347 1489 2375 scelerum
1513 2347 1677 2375 memoriam
1695 2355 1776 2375 reno-

983 2398 1075 2426 vante,
1104 2393 1308 2421 convertendus
1335 2393 1368 2420 ad
1398 2393 1540 2422 meliorem
1564 2393 1672 2429 frugem
1693 2398 1776 2426 esset,

983 2440 1119 2469 advocato
1145 2439 1255 2467 cuidam
1270 2439 1305 2467 ad
1321 2447 1349 2467 se
1366 2439 1504 2475 discipulo
1520 2440 1589 2468 dicit
1605 2449 1612 2467 :
1626 2440 1708 2468 Abito
1723 2439 1778 2467 An-

984 2487 1115 2515 tiochiam
1134 2486 1168 2514 ad
1188 2487 1335 2514 diaconum
1360 2487 1507 2518 Joannem,
1527 2491 1556 2514 et
1579 2486 1639 2514 haec
1667 2486 1707 2513 illi
1736 2494 1779 2513 rc-

984 2533 1111 2561 nuntiato
1125 2541 1187 2561 meo
1203 2533 1315 2560 nomine
1330 2541 1337 2559 :
1354 2532 1491 2566 Quoniam
1507 2532 1619 2568 expedit
1639 2531 1777 2559 humiliari

985 2585 1012 2608 te
1029 2580 1113 2608 corde
1128 2585 1241 2615 propter
1261 2580 1376 2607 nimiam
1394 2579 1494 2615 lingua
1516 2578 1777 2615 intemperantiam;

985 2633 1051 2654 ecce
1078 2625 1198 2653 traditus
1218 2625 1338 2654 (ἱππιοηί
1361 2633 1402 2659 es,
1418 2626 1465 2661 qui
1491 2633 1541 2661 per
1563 2633 1673 2653 omnem
1695 2625 1778 2652 vitam

986 2672 1131 2708 castigabit
1146 2676 1183 2700 te.
1198 2671 1287 2701 Simul
1301 2676 1384 2707 atque
1399 2671 1458 2699 haec
1472 2671 1598 2698 edixerat
1615 2670 1778 2705 discipulus,

986 2721 1102 2752 repente
1130 2725 1250 2752 nequam
1275 2716 1391 2752 spiritus
1420 2715 1448 2742 in
1477 2715 1619 2742 hominem
1643 2715 1779 2746 insiliens,

986 2763 1191 2791 vociferabatur
1218 2771 1269 2798 per
1298 2770 1330 2790 os
1355 2761 1453 2797 ipsius,
1484 2761 1618 2788 miserum
1643 2761 1781 2797 aﬂligebat

988 2807 1075 2841 hutni,
1098 2811 1127 2835 et
1149 2815 1211 2843 quae
1234 2807 1410 2835 dmmoniacis
1437 2807 1550 2834 evenire
1574 2806 1665 2833 solent
1695 2806 1782 2840 probe

987 2854 1200 2890 exsequebatur.

1022 2902 1085 2931 2‘23.
1107 2901 1214 2939 Conjux
1247 2902 1331 2938 igitur
1362 2905 1390 2930 ct
1425 2898 1623 2936 consanguinei
1650 2898 1780 2934 diaconi,
