1952 3066
205 156 273 192 3191

811 163 841 193 S.
862 161 1052 193 SYMEONIS
1070 162 1251 194 JUNIORIS

1766 163 1830 197 3192

204 222 314 250 poenam
338 215 398 252 ejus
423 219 582 250 reputantes
599 224 687 249 suam,
713 220 741 244 et
756 218 885 246 acerbius
909 219 991 246 etiam

1046 219 1169 253 ήκοντες,
1193 219 1292 246 οέκεϊον
1312 217 1342 244 τὸ
1360 217 1465 245 ἐκείνου
1488 218 1574 250 πάθος
1601 218 1767 253 ποιούμενοι,
1788 223 1830 248 καὶ

204 266 286 293 quam
312 259 370 295 ipse
393 261 520 294 cruciati,
549 262 701 289 ascendunt
723 270 784 290 cum
809 263 856 290 illo
881 263 916 291 ad
939 263 991 299 Sy-

206 312 344 337 meonem,
369 306 540 341 plangentes,
561 307 748 342 procidentes,
774 312 931 343 precantes,
961 313 992 336 ut

203 350 350 378 miseratus
381 352 564 380 calamitatem
592 360 687 386 suam,
720 354 858 382 infelicem
885 355 952 382 velit
975 363 991 383 a

202 396 348 424 vexatione
371 397 503 425 daemonis
526 397 654 426 liberare.
673 398 772 427 Verum
785 401 830 428 ille
851 405 993 428 mansueta

203 448 270 469 voce
293 441 328 469 ad
354 442 503 470 diaconum
527 451 625 472 versus
646 445 796 480 :Expedit,
826 446 874 479 ait,
894 447 994 474 animae

203 491 257 514 tua:
275 491 302 515 te
323 495 378 516 non
398 488 510 516 liberari
528 499 535 517 :
557 498 646 526 neque
671 492 744 519 enim
764 492 852 520 dolori
873 500 923 520 suo
941 493 993 520 ob-

203 534 372 568 sequebatur
401 535 443 562 vir
472 537 599 564 omnibus
627 538 807 572 compatiens,
833 545 896 565 cum
921 543 994 566 esset

203 580 281 612 quasi
308 579 486 614 impassibilis
510 581 582 608 :sed
609 582 745 616 potiorem
775 582 874 610 animae
897 591 994 611 curam

203 623 326 658 gerebat,
353 629 449 660 utpote
475 626 565 654 sciens
589 626 795 655 inﬁrmitatibus
828 628 993 663 animarum,

202 662 330 702 quamvis
348 673 375 698 et
402 670 462 697 aliis
480 670 575 701 etiam.
596 679 679 706 quam
694 671 859 700 dexterrime
877 662 992 701 mederi.

204 713 239 742 Ut
255 714 336 746 scias,
364 715 465 750 inquit,
494 717 623 751 potentiae
645 717 745 745 divinae
761 718 788 745 id
814 726 885 751 esse,
911 727 994 754 quam

203 764 233 787 tu
264 760 399 789 hactenus
428 762 571 790 offendens
597 763 753 798 ignorabas,
781 764 814 792 ad
841 765 994 793 curandum

203 807 373 840 pertinacem
393 808 583 836 inﬁdelitatem
600 814 694 843 tuam;
714 811 826 843 mando,
844 811 870 838 in
882 811 993 840 nomine

204 851 279 880 illius
305 852 472 881 inhabitanti
495 853 524 881 in
549 858 575 881 te
596 853 724 887 daemoni,
739 856 919 891 quadraginta
934 857 993 884 dies

205 898 374 934 totidemque
399 904 495 926 noctes
518 899 633 928 missum
660 905 687 928 te
711 901 804 929 faciat.
828 902 904 937 Quod
930 911 993 930 cum
1008 892 1031 920 Β

201 945 279 980 juxta
295 945 455 974 mandatum
479 946 538 981 ejus
562 946 719 980 accidisset,
741 948 834 983 elapso
853 950 994 984 trigesimo

203 998 278 1018 nono
303 991 348 1020 die
376 991 493 1020 redeunt
520 992 602 1020 simul
635 993 709 1028 ipse,
735 994 848 1029 conjux,
880 997 992 1031 propin-

203 1036 262 1071 qui,
289 1037 477 1065 omnimodam
507 1037 702 1065 liberationem
726 1044 862 1074 petentes.
887 1040 922 1068 At
947 1041 993 1069 ille

202 1084 249 1119 qui
278 1084 431 1111 animarum
454 1085 536 1112 saluti
561 1093 670 1120 semper
688 1086 817 1114 studebat
843 1088 991 1122 praecipue,

202 1129 287 1165 probe
304 1137 474 1166 cognoseens
496 1132 594 1159 anima:
608 1132 667 1167 ejus
678 1132 805 1166 expedire
830 1133 901 1161 hanc
912 1135 995 1162 casti-

201 1176 350 1210 gationem,
377 1184 433 1204 non
450 1185 578 1205 assensus
604 1182 647 1206 est
664 1179 791 1213 petitioni
808 1179 929 1208 illorum.
945 1180 993 1208 sed

202 1227 233 1251 ut
260 1223 431 1251 moderatior
457 1224 638 1259 imposterum
666 1225 737 1253 foret
772 1226 904 1254 daemonis
936 1227 994 1254 vio-

202 1266 289 1295 lentia
316 1267 464 1296 concessit.
492 1268 591 1304 Sicque
617 1277 832 1305 energumenus,
859 1271 991 1305 perfecta,

202 1318 233 1340 ut
259 1313 381 1348 optabat,
399 1315 541 1345 sanatione
566 1323 620 1344 non
636 1316 790 1352 impetrata,
814 1321 929 1345 moestus
949 1326 990 1346 re-

201 1359 295 1389 cessit.

235 1416 298 1444 εει.
320 1417 481 1445 Anastasius
502 1417 614 1452 quidam
632 1418 824 1452 scholasticus,
848 1420 992 1448 Antiochia

202 1462 330 1490 similiter
345 1463 489 1496 oriundus,
508 1464 551 1491 vir
573 1464 671 1499 linguae
687 1473 804 1500 nequam
820 1474 851 1493 ac
866 1467 993 1501 petulan-

201 1508 248 1541 tis,
272 1516 306 1536 eo
322 1514 447 1536 evaserat
463 1514 559 1537 contra
583 1515 709 1537 sanctum
737 1511 874 1544 amentim,
898 1517 946 1540 aut
967 1513 990 1540 si

202 1554 317 1582 mavelis
340 1554 454 1587 furoris,
480 1563 541 1590 qua:
564 1563 615 1582 vox
641 1556 725 1583 etiam
753 1558 912 1591 expressius
931 1566 988 1586 rem
1003 1564 1027 1597 α

201 1600 337 1636 designat,
363 1605 394 1629 ut
410 1601 577 1629 mirabilium
600 1609 615 1629 a
630 1606 725 1629 sancto
741 1607 912 1637 patratorum
928 1612 993 1639 ope—

202 1655 264 1674 rum
281 1652 423 1675 auctorem
446 1656 501 1675 non
527 1648 623 1682 Deum,
646 1649 694 1676 sed
720 1649 852 1684 pcssimas
861 1650 992 1684 quasdam

202 1699 275 1722 artes
300 1694 462 1722 earumdem
482 1694 636 1723 eﬁ'ectrices
651 1703 711 1723 esse
728 1695 825 1723 inscite
852 1697 993 1731 stulteque

201 1739 361 1768 blateraret.
387 1740 466 1773 Quod
490 1740 537 1768 ubi
565 1741 598 1768 ad
625 1749 707 1769 aures
722 1742 809 1769 sancti
829 1741 901 1769 fama
928 1750 993 1777 per-

202 1785 287 1813 latum
298 1789 351 1816 est,
367 1785 607 1812 commiseratione
623 1785 696 1812 illius
712 1790 810 1819 tactus,
834 1787 994 1814 conversio-

202 1838 265 1859 nem
285 1831 506 1866 prmstolabatur,
533 1831 573 1858 uti
596 1831 640 1858 lex
655 1832 703 1859 Dei
729 1832 855 1860 homines
877 1834 993 1861 amantis

200 1877 288 1914 jubet.
317 1877 417 1904 Verum
437 1877 512 1904 enim
533 1885 599 1904 vero
620 1882 798 1912 posteaquam
822 1879 992 1913 pertinacem

202 1922 291 1955 illum,
307 1921 428 1950 divinam
443 1929 510 1950 vero
532 1922 766 1957 longanimitatem
785 1923 918 1958 longioris
933 1932 992 1952 mo—

202 1977 240 1997 rae
251 1969 450 2004 impatientem,
465 1969 646 2003 strictumque
660 1969 716 2004 jam
733 1970 846 1997 rutilare
860 1970 991 2005 gladium,

201 2020 229 2044 et
242 2023 336 2043 arcum
351 2019 447 2043 contra
461 2015 600 2043 hominem
630 2019 749 2048 tensum,
768 2019 918 2051 parataque
932 2024 993 2044 esse

199 2069 266 2088 vasa
277 2061 374 2088 mortis
396 2060 597 2096 deprehendit;
620 2060 820 2095 discipulorum
835 2062 992 2096 quempiam

201 2106 339 2135 advocans
357 2105 427 2141 (erat
454 2110 546 2135 autem
563 2113 660 2141 magna
682 2105 728 2135 illa
743 2106 813 2139 dies,
828 2114 882 2141 qua
896 2108 992 2143 mysti-

202 2159 262 2180 cam
286 2150 414 2179 Christus
435 2159 542 2179 cmnam
571 2151 700 2183 instituit,
718 2159 783 2186 .qua
811 2151 991 2180 lavandorum

201 2198 301 2233 pedum
317 2198 502 2225 ministerium
517 2197 614 2230 obivit,
635 2205 689 2232 qua
706 2206 757 2233 pro
772 2197 852 2226 nobis
874 2198 992 2226 traditus

200 2246 255 2276 est)
266 2243 346 2278 jubet
358 2243 513 2278 signiﬁcare
536 2243 639 2271 misero
651 2243 707 2275 isti,
721 2243 836 2271 acerbos
850 2243 912 2271 illos
927 2251 991 2271 cru-
1008 2247 1030 2274 D

200 2289 446 2327 ciatus(quosjam
463 2295 521 2324 tum
549 2289 648 2324 spiritu
681 2290 848 2324 prtevidebat
878 2290 918 2317 illi
935 2290 989 2318 im-

200 2336 335 2373 pendere)
350 2337 449 2365 ultioni
460 2337 570 2365 futuros
589 2344 639 2371 pro
666 2337 772 2365 crebris
800 2337 988 2371 contumeliis.

200 2391 269 2419 quas
283 2383 432 2413 eil‘utiisset
447 2388 544 2411 contra
569 2382 752 2416 Altissimum,
781 2382 810 2410 in
834 2383 894 2418 ipso
919 2385 990 2412 coelo

201 2433 326 2458 statuens
338 2437 370 2457 os
385 2437 476 2457 suum.
498 2429 528 2457 ld
554 2434 647 2458 autem
679 2429 840 2457 renuntiare
861 2429 988 2465 jubebat,

201 2482 256 2502 non
269 2475 341 2510 quod
357 2479 467 2510 putaret
483 2474 550 2506 fore.
569 2479 599 2502 ut
615 2474 746 2510 deinceps
772 2474 925 2502 abstineret
937 2475 991 2508 (vi-

201 2521 283 2549 debat
294 2529 412 2557 namque
429 2521 669 2548 inconvertibilcm
691 2529 764 2553 esse.
790 2527 872 2556 atque
899 2521 990 2549 immi-

199 2572 266 2595 nere
280 2568 335 2603 jam
355 2567 594 2599 comminationes,
619 2571 647 2593 et
662 2566 740 2594 brevi
767 2566 924 2602 aﬁ'uturas),
941 2567 989 2595 sed

203 2617 233 2640 ut
248 2613 348 2641 similis
363 2612 458 2640 farina:
485 2617 513 2640 et
533 2611 704 2639 inﬁdelitatis
733 2611 893 2640 hominibus
923 2620 987 2640 cor-

200 2658 320 2695 rigenda:
337 2658 400 2687 vitae
424 2658 550 2693 exemplo
575 2662 657 2690 esset,
685 2666 795 2686 causam
831 2659 990 2694 justissima

200 2705 323 2734 caelitum
339 2709 434 2732 contra
446 2704 535 2739 ipsum
553 2704 599 2731 ira:
610 2708 638 2732 et
662 2704 797 2732 immissas
814 2712 908 2739 poenas
934 2713 987 2733 non

200 2750 405 2786 ignorantibus.
426 2750 674 2785 lgiturdiscipulus
688 2751 739 2778 iste
751 2751 780 2777 in
804 2751 988 2779 celeberrimo

201 2795 351 2823 urbisloco
376 2796 516 2822 hominem
531 2795 685 2828 inveniens,
702 2796 805 2824 habere
819 2804 860 2829 se,
888 2797 987 2832 inquit,

201 2839 275 2873 quod
290 2842 400 2868 nuntiet
424 2849 439 2868 a
459 2841 604 2876 Symeone.
625 2841 749 2877 Cumque
769 2843 914 2879 juberetur
942 2852 988 2872 co-
1012 2871 1016 2874 Α

203 2885 454 2917 ramptaasentibus
471 2886 596 2921 edicere;
617 2895 676 2922 qua:
702 2888 834 2924 imperata
856 2895 934 2918 erant
960 2890 987 2918 in

1046 264 1147 299 μᾶλλον
1164 264 1239 290 αὐτοὶ
1253 264 1404 298 πάσχοντες
1419 264 1469 295 τὰς
1482 263 1580 298 ψυχὰς,
1595 263 1686 290 ἀνίασι
1702 264 1751 291 σὺν
1763 265 1831 300 αὐτῷ

1044 311 1113 346 πρὸς
1126 310 1172 337 τδν
1187 309 1309 345 Συμεὼν,
1319 310 1451 345 δεόμενοι,
1464 309 1638 345 θρηνοῦντες,
1651 311 1830 345 προσπίπτον-

1043 364 1100 387 τες,
1123 355 1298 390 οἰκτείραντα
1321 355 1370 390 τῆς
1392 357 1535 390 συμφορᾶς
1559 356 1658 387 αὐτοὺς
1677 357 1726 390 τῆς
1745 357 1775 383 ἐκ
1787 357 1830 383 τοῦ

1044 400 1172 441 δαίμονος
1186 401 1289 428 ἐκεῖνον
1302 400 1433 436 ἐπηρείας
1445 401 1558 428 ἀνεῖναι.
1577 401 1607 427 Ὀ
1620 401 1657 432 δὲ,
1679 401 1759 428 Ἀλλά
1772 409 1831 436 συμ.

1045 446 1123 481 φέρει
1142 447 1173 481 τῇ
1190 445 1262 481 ψυχῇ
1279 454 1326 472 σου
1343 446 1380 482 μὴ
1398 446 1527 480 ἀνεθῆναι
1546 455 1588 479 σε,
1604 446 1698 482 πράως
1715 447 1781 482 πρὸς
1790 448 1832 474 τὸν

1045 490 1167 517 διάκονον
1197 490 1248 526 ἔφη
1261 498 1268 506 ’
1296 491 1357 518 οὐδὲ
1378 491 1432 526 γὰρ
1454 492 1554 518 οἰκεῖον
1579 492 1699 528 ἐπλήρου
1718 492 1801 524 πάθος
1818 494 1832 520 ὁ

1046 536 1203 572 συμπαθὴς,
1221 537 1238 572 ἦ
1260 537 1308 564 καὶ
1331 537 1440 573 ἀπαθὴς
1464 537 1674 573 τάληθέστερον,
1697 538 1765 565 ἀλλὰ
1786 539 1832 573 τῆς

1045 582 1151 609 ἐκείνου
1181 582 1272 617 ψυχῆς
1293 583 1405 618 ὲκήδετο
1433 582 1543 618 μᾶλλον,
1566 583 1581 609 ὸ
1605 583 1677 618 πάθη
1702 583 1795 619 ψυχῶν
1810 585 1832 610 ει

1046 628 1093 655 καί
1105 637 1132 654 τι
1145 628 1218 661 ἄλλο,
1232 628 1332 664 ἄριστα
1346 628 1509 663 θεραπεύειν
1530 629 1634 660 ἐκεῖνος
1646 629 1733 662 είδὼς,
1750 629 1786 661 ὡς
1802 630 1832 656 ἂν

1046 674 1128 710 εἰδῇς,
1146 675 1238 709 φησὶν,
1256 675 1297 701 ὃτι
1313 674 1428 710 δύναμις
1440 674 1508 701 Θεοῦ
1521 676 1605 707 ἐστιν,
1620 672 1637 712 ᾖ
1651 675 1682 701 σὺ
1697 676 1778 710 μέχρι
1790 675 1832 701 νῦν

1046 721 1227 755 προσκύπτων
1244 720 1363 755 ἠγνόεις,
1381 720 1423 746 ἵνα
1437 719 1485 746 καὶ
1503 719 1534 745 τὸ
1553 719 1621 746 πολὺ
1641 720 1691 754 τῆς
1709 720 1833 752 ἀπιστίας

1046 766 1127 793 αὑτοῦ
1142 766 1232 799 ποσῶς
1247 766 1415 802 θεραπεύσῃ,
1434 766 1617 801 παραγγέλλω
1630 767 1659 793 ὲν
1673 766 1713 801 τῷ
1725 765 1833 801 ὀνόματι

1046 813 1128 840 αὐτοῦ
1143 813 1181 848 τῷ
1197 813 1345 840 ὲνοικοῦντί
1363 821 1403 839 σοι
1416 813 1535 848 δαίμονι,
1550 813 1754 847 τεσσαράκοντα
1769 813 1835 848 ἡμέ-

1049 867 1099 894 ρας
1116 859 1163 885 καὶ
1177 857 1279 890 νύκτας
1296 858 1356 890 ἴσας
1367 857 1514 892 ἀφέξεσθαί
1530 866 1589 884 σου.
1608 859 1696 893 Ὅπερ
1707 855 1753 884 οὖν
1768 858 1835 884 κατά

1046 905 1076 930 τὸ
1096 903 1178 930 αὐτοῦ
1196 904 1337 939 ἐπίταγμα
1359 904 1482 938 γεγονὸς,
1509 903 1578 939 μετά
1599 904 1648 939 τὴν
1671 904 1770 938 ἐνάτην
1790 903 1836 930 ἐπὶ

1045 950 1191 986 τριάκοντα
1200 947 1268 985 ἦκεν
1285 950 1352 984 ὁμοῦ
1366 949 1477 984 γυναιθά¹
1489 950 1536 976 καὶ
1548 950 1731 984 προσήκουσιν
1747 948 1833 983 αὖθις,

1045 995 1205 1031 ἀπαλλαγὴν
1223 996 1330 1023 τελείαν
1347 995 1495 1028 αἰτοῦντες.
1521 995 1550 1021 ὐ
1569 996 1597 1022 δὲ
1621 996 1771 1023 λυσιτελεῖν
1786 997 1833 1023 αὺ-

1044 1041 1092 1068 τοῦ
1114 1043 1147 1075 τῇ
1165 1042 1236 1077 ψυχῇ
1261 1041 1311 1077 τὴν
1335 1042 1463 1069 παιδείαν
1485 1042 1572 1075 εἰδὼς,
1588 1039 1610 1076 ᾧ
1627 1043 1673 1069 καὶ
1687 1043 1782 1078 ψυχῶν
1802 1041 1835 1079 ἦν

1045 1087 1090 1114 ἀεὶ
1112 1087 1233 1123 σωτηρία
1258 1088 1288 1114 τὺ
1305 1088 1533 1124 σπουδαζόμενον,
1550 1088 1628 1115 τοῦτο
1647 1089 1696 1124 μὲν
1711 1089 1761 1116 οὐκ
1782 1090 1834 1116 ἀτι-

1045 1134 1164 1167 ένευσεν,
1177 1135 1235 1162 ἀλλ’
1250 1135 1321 1162 ὥστε
1342 1136 1531 1171 μετριωτέραν
1551 1136 1625 1171 αὐτῷ
1640 1137 1708 1172 προς
1728 1137 1759 1163 τὸ
1774 1136 1836 1170 ἑξῆς

1045 1179 1156 1207 ἔσεσθαι
1173 1181 1274 1215 μᾶλλον
1287 1181 1334 1208 τοῦ
1349 1182 1474 1218 δαίμονος
1485 1182 1534 1218 τὴν
1549 1183 1681 1218 ἐπήρειαν
1693 1181 1778 1209 ’Καὶό
1788 1182 1838 1217 μὲν

1044 1227 1074 1254 οὒ
1089 1228 1205 1261 τελείας,
1223 1228 1260 1261 ὡς
1276 1227 1402 1255 ἐϐούλετο
1415 1228 1465 1264 τῆς
1480 1228 1613 1264 αἰτήσεως
1630 1227 1731 1263 τυχὼν,
1753 1228 1837 1263 ἀπῄει

1045 1274 1167 1308 στυγνός.

1079 1411 1146 1438 σκδ’.
1171 1411 1348 1444 ’Δναστάσιος
1371 1411 1399 1438 δέ
1422 1420 1465 1444 τις
1489 1410 1683 1447 Σχολαστικδς,
1700 1409 1732 1436 τὸ
1759 1410 1840 1443 γένος

1051 1456 1214 1493 ’Δντιοχεὺφ
1229 1458 1317 1493 φαύλη
1337 1457 1449 1492 γλῶσσα
1469 1458 1516 1485 καὶ
1534 1457 1662 1491 ἀσελγὴς,
1679 1457 1718 1487 εἰς
1739 1456 1836 1483 τοσοῦ-

1043 1513 1090 1531 τον
1106 1503 1189 1539 ἤλασε
1206 1503 1277 1530 κατά
1300 1503 1346 1530 τοῦ
1372 1503 1449 1538 ἁγίου
1474 1503 1615 1534 ἀπονοίας,
1640 1503 1665 1529 εἰ
1681 1502 1710 1529 δὲ
1732 1501 1836 1537 βούλει,

1046 1550 1143 1585 μανίας
1160 1550 1185 1586 (ὃ
1200 1550 1248 1576 καὶ
1278 1549 1492 1585 συγγενέστερον
1508 1550 1608 1585 μᾶλλον
1624 1549 1664 1584 τῷ
1693 1549 1839 1585 πράγματι

1049 1596 1156 1631 ὄνομα),
1186 1597 1224 1628 ὡς
1241 1596 1309 1632 μηδὲ
1328 1596 1394 1623 Θεὸν
1427 1597 1484 1628 τοῖς
1508 1596 1667 1632 παραδόξως
1690 1597 1737 1624 ὑπ’
1754 1597 1839 1624 αὑτοῦ

1045 1643 1229 1678 τελουμένοις,
1248 1643 1316 1670 ἀλλά
1332 1651 1392 1670 τινα
1413 1644 1533 1678 πονηρὰν
1556 1644 1697 1679 ἐνέργειαν
1716 1644 1839 1678 ἀνοήτως

1047 1688 1238 1725 ιπιφημίζειν.
1262 1689 1351 1725 Ὅπερ
1382 1690 1427 1716 τὸν
1443 1689 1514 1716 θεῖον
1543 1689 1627 1725 ἄνδρα
1653 1689 1838 1724 μανθάνοντα,

1047 1735 1162 1770 πάσχειν
1187 1735 1238 1770 μὲν
1263 1735 1334 1771 ὑπὲρ
1355 1735 1403 1762 τοῦ
1427 1735 1543 1769 ἀδελφοῦ
1558 1736 1606 1771 τὴν
1623 1735 1840 1771 ψυχὴν,ἀναμέ-

1046 1790 1102 1808 νειν
1117 1781 1145 1808 δὲ
1157 1781 1232 1816 ὅμως
1248 1781 1330 1807 αὑτοῦ
1346 1781 1395 1816 τὴν
1410 1781 1589 1816 ἐπιστροφὴν,
1606 1782 1676 1817 ὅπερ
1691 1781 1724 1817 δὴ
1742 1781 1841 1816 φιλανθ

1047 1828 1171 1864 θρωπίας
1201 1827 1269 1854 Θεοῦ
1299 1827 1392 1862 νόμος.
1411 1827 1455 1858 Ὧς
1478 1827 1507 1854 δὲ
1523 1827 1570 1854 τὺν
1596 1828 1647 1862 μὲν
1672 1827 1840 1862 ἐπιμένοντα

1047 1874 1131 1910 ἑώρα,
1149 1874 1198 1910 τὴν
1227 1873 1304 1900 θείαν
1327 1873 1419 1900 οὐκέτι
1449 1873 1640 1909 μακροθυμίαν
1656 1874 1840 1908 ἀνεχομένην,

1046 1921 1114 1948 ἀλλὰ
1141 1921 1190 1948 καὶ
1217 1920 1414 1956 στιλϐουμένην
1443 1920 1493 1956 ἤδη
1523 1920 1672 1955 ῥομφαίαν,
1690 1921 1738 1947 καὶ
1759 1920 1840 1953 τόξον

1047 1967 1108 1994 κατ’
1125 1966 1207 1993 αὐτοῦ
1223 1966 1418 2001 ὲντεινόμενον,
1432 1966 1633 2001 ἐτοιμαζόμενα
1644 1966 1672 1992 δὲ
1686 1965 1734 1992 καὶ
1751 1967 1840 2001 σκεύη

1047 2013 1164 2040 θανάτου
1180 2020 1187 2028 ⁸
1204 2012 1259 2039 τῶν
1277 2011 1408 2047 μαθητῶν
1420 2011 1469 2038 ἕνα
1482 2012 1600 2043 καλέσας
1612 2009 1655 2047 (ἦν
1670 2011 1698 2039 δὲ
1716 2013 1733 2047 ἡ
1750 2013 1841 2047 μεγὰ-

1046 2059 1080 2093 λη
1095 2058 1142 2086 τοῦ
1161 2057 1293 2094 μυστικοῦ
1316 2057 1436 2089 δείπνου,
1453 2057 1499 2084 καὶ
1514 2058 1562 2092 τῆς
1576 2058 1646 2093 ὑπὲρ
1668 2058 1749 2092 ἡμῶν
1772 2059 1843 2093 Χρι-

1047 2105 1112 2132 στοῦ
1126 2105 1302 2140 παραδόσεως
1318 2105 1367 2132 καὶ
1382 2105 1538 2139 οἰκονομίας
1551 2104 1654 2140 ἡμέρα)
1668 2105 1718 2140 τὴν
1735 2105 1842 2140 πικρὰν

1046 2151 1156 2186 ἐκείνην
1169 2150 1207 2186 τῷ
1220 2149 1305 2185 ἀθλίῳ
1322 2149 1420 2185 μηνύει
1430 2153 1517 2186 τομὴν
1534 2150 1708 2186 (τηνικαῦτα
1724 2150 1780 2184 γὰρ
1800 2149 1842 2185 τῷ

1047 2197 1184 2232 πνεύματι
1198 2197 1245 2223 καὶ
1261 2195 1346 2230 αὐτὴν
1365 2194 1540 2230 ἐπαγομένην
1572 2194 1665 2230 ἐώρα)
1696 2195 1844 2231 εἴσπραξιν

1046 2243 1123 2280 αὑτῴ
1136 2244 1186 2278 τῆς
1203 2242 1307 2276 πολλῆς
1322 2236 1432 2268 ἔσεσθαι
1444 2241 1562 2274 ἀδικίας,
1575 2239 1610 2276 ἦς
1626 2241 1717 2267 λαλῶν
1739 2242 1783 2273 είς
1806 2242 1841 2268 τὸ

1046 2290 1113 2325 ὕψος
1137 2288 1182 2325 ἦν,
1197 2289 1246 2316 καὶ
1261 2290 1301 2320 εἰς
1315 2288 1430 2323 οὐρανὸν
1450 2287 1481 2314 τδ
1498 2288 1586 2322 στόμα
1598 2288 1740 2322 τιθέμενος
1760 2295 1768 2302 ⁵

1045 2337 1079 2365 ἶν’
1096 2337 1200 2364 ἐκεῖνον
1215 2335 1384 2371 ἀποσχέσθαι
1405 2335 1604 2370 παρασκευάσῃ
1621 2335 1689 2370 (ᾔδει
1701 2335 1846 2370 γάρ“ἀμεο

1044 2383 1166 2414 ταθέτως
1180 2382 1288 2418 ἔχοντα,
1306 2382 1490 2417 ἐφεστηκυϊαν
1505 2381 1533 2407 δὲ
1546 2380 1598 2415 ἤδη
1614 2382 1661 2407 καὶ
1675 2381 1726 2416 τὴν
1756 2382 1843 2408 ἀπειο

1044 2430 1103 2465 λὴν,
1124 2429 1171 2456 καὶ
1205 2429 1265 2455 οὐδὲ
1293 2427 1378 2463 βραχὺ
1404 2427 1610 2461 ἀναδυομένην),
1625 2426 1682 2453 ἀλλ’
1712 2427 1758 2454 [va
1784 2428 1846 2460 τοῖς

1044 2474 1144 2508 ὁμοίως
1161 2473 1269 2508 ἔχουσιν
1281 2472 1411 2504 ἀπιστίας
1427 2471 1570 2506 διόρθωσις
1586 2472 1710 2506 γένηται,
1725 2472 1779 2506 τὴν
1796 2473 1844 2499 αι-

1043 2521 1105 2548 τίαν
1119 2521 1169 2555 τῆς
1185 2519 1287 2548 ἀνωθεν
1301 2519 1360 2546 κατ’
1373 2518 1456 2545 αὐτοῦ
1469 2518 1576 2549 δικαίας
1588 2518 1673 2553 ὀργῆς
1688 2519 1736 2544 καὶ
1751 2527 1844 2553 τιμω-

1045 2567 1106 2602 ρίας
1125 2566 1176 2593 οὐκ
1192 2566 1370 2600 ἀγνοήσασιν.
1394 2565 1424 2591 ’0
1443 2565 1492 2598 μὲν
1507 2563 1554 2591 οὖν
1570 2563 1697 2599 μαθητὴς
1721 2565 1753 2590 ὲν
1775 2566 1845 2590 ἐπι-

1044 2611 1125 2648 σήμῳ
1143 2612 1193 2647 τῆς
1208 2611 1311 2642 πόλεως
1328 2610 1411 2637 αὐτὸν
1425 2609 1563 2646 εὑρηκὼς,
1575 2610 1647 2644 ἔχειν
1660 2619 1687 2636 τι
1699 2609 1781 2645 παρὰ
1790 2609 1845 2637 τοῦ

1044 2657 1118 2685 θείου
1148 2656 1260 2692 Συμεὼν
1286 2655 1360 2691 αὺτῷ
1386 2655 1553 2689 ἀπαγγεῖλαι
1574 2653 1653 2682 εἶπεν
1666 2663 1673 2670 ·
1689 2655 1704 2682 ὃ
1719 2656 1771 2682 ὲπὶ
1784 2655 1846 2682 τῶν

1044 2704 1187 2740 παρόντων
1201 2702 1311 2730 ἐκέλευε
1323 2701 1423 2735 λέγειν.
1438 2701 1492 2728 Καὶ
1506 2701 1521 2728 ὸ
1536 2701 1586 2736 μὲν
1602 2701 1674 2736 ἅπερ
1692 2701 1846 2728 ἐντέταλτο

1043 2751 1162 2786 εἰρήκει,
1182 2751 1196 2776 ὁ
1221 2749 1251 2776 δὲ
1276 2749 1328 2775 ὑπὸ
1348 2748 1476 2782 δαίμονος
1508 2747 1609 2779 εὐθέως
1632 2748 1842 2783 καταρραγεὶς.

1043 2795 1138 2826 δεινῶς
1151 2804 1180 2822 τε
1192 2794 1405 2830 διασπαραχθεῖς
1421 2793 1467 2820 ὑπ’
1480 2793 1575 2826 αὑτοῦ,
1590 2794 1723 2829 αίσχρῶς,
1744 2793 1839 2830 οἱμοιῐ

1044 2843 1091 2870 καὶ⁹
1106 2842 1156 2876 τῆς
1181 2841 1366 2876 ὲκδεξαμένης
1382 2841 1464 2868 αὑτὸν
1477 2840 1614 2873 κολάσεως
1630 2840 1714 2874 ἀξίως
1728 2840 1759 2867 ὲν
1776 2839 1845 2877 ὕψει

1044 2888 1152 2918 πάντων
1169 2887 1354 2923 καταστρέφει
1371 2888 1415 2915 τὸν
1431 2886 1497 2922 βίον.

1790 2289 1845 2323 οὐχ
