1952 3066
134 139 205 172 3193

646 133 728 165 νιΤΑ
745 133 770 162 Α
787 132 1007 163 NICEPHORO
1025 131 1267 162 CONSCRIPTA.

1694 130 1765 163 3194

135 196 259 223 medium
276 193 399 231 protulit.
420 193 490 221 Ecce
507 195 598 219 autem
613 191 698 218 miser
713 190 759 217 ille
788 189 920 217 continuo
938 192 1019 216 terrae
1051 188 1146 215 aliisus
1176 186 1381 222 crudeliterque
1402 187 1557 222 discerptus
1583 194 1597 213 a
1628 186 1765 217 daemone,

135 247 165 269 et
182 242 290 278 dignam
320 240 473 269 sceleribus
499 238 634 266 ultionem
658 236 810 271 excipiens,
837 235 922 263 vitam
942 242 1005 261 cum
1023 239 1111 261 morte
1129 233 1288 269 turpissima
1307 233 1496 260 commutavit.

834 305 947 334 CAPUT
966 305 1085 333 XXVIII.

629 365 742 400 Integris
768 364 877 399 familiis
894 363 979 390 multa
1007 361 1131 395 beneﬁcia
1148 361 1258 396 confert.

171 416 236 444 σκε¹.
249 417 375 451 Ἰσαυρος
388 417 415 443 δέ
427 425 479 449 τις,
491 416 576 452 ὄνομα
587 416 692 448 Κόνων,
707 416 737 442 οὐ
748 415 859 451 χαλεπῷ
869 414 923 441 δαί-

1012 419 1076 447 225.
1093 418 1206 446 Isauros
1218 417 1329 452 aliquis,
1350 422 1526 453 nuncupatus
1539 417 1646 452 Conon,
1658 421 1765 448 crucia-

136 471 196 498 μονι
215 463 356 498 πέπληκτο
375 463 465 498 μόνον,
480 463 547 490 ἀλλὰ
559 463 603 490 καὶ
615 464 659 490 τὸν
669 462 841 499 ἀστράγαλον
851 462 926 488 ἕλκει

134 508 246 546 πονηρῷ
258 530 264 542 ,
276 510 314 541 ὡς
329 509 368 544 τῷ
383 510 432 544 μὲν
447 509 650 544 διαμασσᾶσθαι
665 508 714 544 τὴν
727 508 861 543 γλῶτταν,
878 507 927 534 ὅσα

134 555 182 581 καὶ
193 555 275 589 ἄρτον
286 555 371 589 αὐτὴν
382 553 517 587 ἐσθίοντα,
529 555 567 589 τῷ
578 554 606 581 δὲ
618 554 766 589 σεσηπέναι
776 553 806 580 τὸ
820 552 928 592 σκέλος,

134 600 244 635 σαρκῶν
252 609 281 627 τε
292 600 326 627 τὰ
337 601 404 626 ὀστᾶ
412 599 617 634 γεγυμνῶσθαι,
625 599 670 626 καί
678 607 704 625 τι
714 598 830 629 δυσῶδες
838 597 928 624 αὐτῶν

133 647 267 674 ἀποπνεῖν
281 646 319 677 ὡς
335 646 402 681 μηδὲ
416 646 533 680 φορητὸν
546 643 617 671 εἶναι
631 645 774 680 ὀσφρήσει.
789 641 872 675 Οὗτος
886 644 927 669 ἱα-

134 695 209 728 τροῖς
217 693 252 720 τὰ
258 694 322 720 ὄντα
330 693 554 728 προσαναλώσας,
562 693 600 725 ὠς
607 693 661 719 οὐδ’
669 692 758 719 ὁτιοῦν
765 692 856 723 αὺτοῖς
865 691 929 718 ἄλλο

135 740 205 776 πρὸς
219 740 367 774 θεραπείαν
382 741 398 775 ή
411 740 493 775 τέχνη
508 741 648 775 παρεῖχεν,
661 740 702 766 ὅτι
719 739 757 774 μὴ
779 738 929 774 πρισθέντα

79 815 87 821 κ
134 787 182 813 τὸν
203 787 269 813 πόδα
289 787 417 822 κοπῆναι,
429 787 505 821 παρὰ
516 786 562 813 τὸν
580 787 650 812 θεῖον
670 785 866 820 ἀνακομίζεται
876 785 927 811 Συ-

137 832 257 868 μεὼν,δν
265 832 296 869 δή
309 841 360 859 που
373 833 420 859 καὶ
432 833 512 867 μόνον
522 832 638 859 ἀνιάτων
647 832 706 868 ᾔδει
716 831 812 858 παθῶν
825 831 926 867 ἰατρόν.
940 848 944 851 -

136 878 237 904 Τοῦτον
248 878 320 909 ὅπως
334 878 458 909 ἐλεεινῶς
469 876 541 913 εἶχεν
553 879 656 909 ἐκεῖνος
669 876 740 910 ἰδὼν,
748 877 844 911 πράως
855 885 884 903 τε
894 878 927 912 τῇ

137 924 215 960 βατνῃ
229 924 318 960 ῥάϐδῳ
330 924 444 959 πλήξας,
453 925 499 951 ἐπὶ
510 924 563 950 τῶν
575 923 683 950 οἰκείων
695 923 783 949 ποδῶν
793 922 928 957 ἐπέτρεψε

135 972 232 1006 στῆναι
240 978 247 986 ’
260 970 305 997 καὶ
318 971 489 1005 παραχρῆμα
500 970 517 1004 ἦ
529 978 558 996 τε
571 969 687 996 δυσωδία
698 968 819 1001 ἔσϐεστο,
828 968 875 994 καὶ
883 976 929 1000 πο,

136 1019 178 1046 civ
188 1019 202 1045 ὁ
213 1018 325 1052 κάμνων
333 1018 433 1052 ἐχρῆτο
444 1018 491 1044 καὶ
503 1017 620 1051 ἀσῳαλεῖ
631 1016 787 1051 βαδίσματι.
801 1013 867 1042 Εἶτα
882 1015 927 1049 ὲγ-

135 1064 262 1098 γίσαντος
272 1063 346 1097 αὐτῷ
354 1063 403 1098 τῆς
413 1063 533 1097 κεφαλῆς
545 1063 695 1097 ἁψάμενος,
703 1062 750 1088 καὶ
761 1061 925 1096 σςξραγίσας,

142 1109 186 1135 Ἐν
198 1109 309 1144 ὀνόματι
322 1108 368 1136 τοῦ
386 1109 488 1144 Κυρίου
503 1109 549 1135 καὶ
563 1107 631 1134 Θεοῦ
645 1108 692 1134 καὶ
709 1108 834 1143 Σωτῆρος
847 1107 926 1142 ἡμῶν

142 1155 229 1191 Ἰησοῦ
246 1155 376 1191 Χριστοῦ,
390 1156 529 1182 ἐπιτάσσω
545 1163 585 1181 σοι
601 1154 638 1189 τῷ
652 1154 763 1189 πονηρῷ
778 1153 925 1188 πνεύματι,

135 1202 198 1237 ἔφη,
209 1201 327 1233 ἐξελθεῖν
342 1200 389 1227 τοῦ
407 1199 551 1234 ἀνθρώπου
568 1199 673 1232 τούτου,
686 1200 733 1226 καὶ
747 1199 844 1234 μηκέτι
857 1199 926 1234 πρὸς

136 1248 216 1274 αὑτὸν
223 1247 399 1282 ἀναστρέψαι.
407 1247 436 1273 ’0
447 1246 495 1281 μὲν
504 1246 550 1272 οῦν
558 1245 662 1281 δαίμων
670 1245 750 1277 εὐθὺς
759 1245 923 1280 ἀπελήλατο·

134 1296 167 1330 τῇ
180 1294 207 1320 δὲ
218 1293 265 1319 τοῦ
280 1293 356 1325 ποδὸς
373 1293 463 1328 πληγῇ
477 1292 526 1327 τῆς
538 1291 641 1323 οἰκείας
655 1291 809 1318 ἐπιϐάλλειν
824 1290 925 1322 κόνεως

135 1339 242 1367 κελεύει
256 1338 295 1374 τῷ
308 1339 415 1374 τυχόντι
437 1339 487 1373 τῆς
512 1338 673 1374 θεραπείας·
689 1338 749 1372 ἥτις
770 1338 873 1372 σάρκας
894 1345 924 1363 τε

135 1385 228 1420 ἔφυσε,
243 1385 290 1412 καὶ
310 1385 397 1420 δέρμα
417 1385 460 1411 ἐπ’
475 1384 560 1416 αὑτὰς
582 1384 708 1416 ἐξέτεινε,
722 1383 770 1410 καὶ
792 1382 871 1418 ὑγιὴς
895 1383 924 1408 ὲν

135 1432 232 1467 βρακεῖ
245 1432 259 1458 ὁ
269 1431 364 1467 πρώην
375 1431 569 1466 ἀθεραπεύτως
581 1431 661 1466 ἔχων,
673 1431 740 1465 αὐτῇ
754 1429 864 1464 γυναικὶ
875 1428 923 1456 καὶ⁴

134 1478 303 1514 προσήκουσι
317 1477 364 1506 καὶ
378 1477 430 1511 ὂλῳ
445 1476 538 1513 σχεδὸν
555 1477 695 1503 ἐπάνεισιν
707 1476 784 1512 οἴκῳ.

977 465 1058 492 batur
1070 472 1124 491 non
1141 464 1230 491 solum
1244 464 1278 490 ab
1294 462 1397 491 infesto
1414 463 1548 497 daemone,
1563 473 1659 493 verum
1681 466 1764 493 etiam

976 519 992 538 a
1003 510 1106 538 diilicili
1121 510 1149 537 in
1167 511 1222 537 talo
1233 510 1342 543 ulcere;
1363 518 1451 545 usque
1467 510 1538 538 adeo
1551 515 1582 538 ut
1608 512 1765 544 mandendo

975 557 1097 592 linguam
1112 556 1187 583 velut
1201 563 1300 591 panem
1309 555 1485 588 comederet;
1499 561 1674 591 putresceret
1688 565 1763 589 crus,

976 611 1038 630 ossa
1053 602 1272 630 destituerentur
1288 609 1381 633 carne,
1398 606 1426 628 et
1448 601 1565 628 fetorem
1592 603 1767 636 exspirarent

978 649 1090 677 naribus
1107 648 1318 675 intolerabilem.
1334 647 1383 674 llle
1403 647 1549 682 absumpta
1571 649 1645 675 omni
1664 649 1692 675 in
1709 656 1767 678 me-

976 695 1053 722 dicos
1064 694 1227 726 substantia,
1244 701 1307 721 cum
1319 693 1387 720 nihil
1398 693 1550 729 quidquam
1578 694 1689 721 illorum
1705 699 1764 722 arte

976 741 1122 776 proliceret
1136 740 1169 767 ad
1181 739 1338 771 sanitatem,
1350 739 1404 766 nisi
1418 739 1492 774 quod
1516 740 1662 775 praecisum
1689 748 1766 768 serra

975 787 1073 822 pedem
1090 785 1215 813 dicerent
1232 785 1444 820 amputandum,
1459 785 1600 812 transtulit
1613 793 1643 813 se
1658 786 1691 813 ad
1704 794 1768 814 san-

973 838 1046 861 ctum
1059 832 1236 869 Symeonem,
1256 839 1338 867 quem
1363 831 1453 859 solum
1483 835 1599 859 n0verat
1626 832 1767 860 incurabi-

975 878 1043 904 lium
1064 869 1224 905 morborum
1246 876 1395 904 medicum.
1425 877 1504 904 Hunc
1528 880 1584 904 tam
1616 877 1766 906 miserabili

976 924 1004 951 in
1032 929 1104 951 statu
1133 924 1253 959 positum
1280 931 1397 951 cernens
1424 923 1481 957 ille,
1495 931 1558 951 cum
1582 923 1690 958 palmea
1717 932 1767 952 sua

976 970 1052 1005 virga
1070 969 1251 1005 percussisset
1265 970 1376 1002 leniter,
1388 970 1515 997 hortatus
1527 974 1579 1002 est,
1598 974 1629 996 ut
1647 970 1766 1004 pedibus

976 1016 1035 1043 suis
1049 1020 1134 1043 staret
1147 1025 1153 1042 :
1169 1019 1198 1043 et
1212 1015 1344 1043 continuo
1357 1015 1426 1043 abiit
1459 1015 1658 1051 graveolentia,
1680 1021 1764 1051 atque

976 1069 1047 1097 aeger
1056 1061 1174 1097 pedibus
1187 1062 1244 1089 suis
1260 1067 1287 1088 et
1298 1061 1410 1096 quidem
1429 1061 1515 1088 firmis
1530 1061 1563 1088 ad
1579 1069 1676 1089 secure
1700 1069 1765 1096 gra-

946 1110 964 1136 Β
979 1108 1109 1135 diendum
1124 1112 1166 1136 est
1182 1115 1258 1135 usus.
1282 1107 1386 1135 Deinde
1411 1107 1525 1142 propius
1552 1107 1710 1134 accedentis
1731 1107 1767 1135 ad

977 1162 1006 1181 se
1018 1158 1100 1189 caput
1130 1154 1219 1189 tetigit
1233 1158 1345 1180 sanctus
1366 1156 1449 1187 atque
1474 1153 1592 1187 signavit
1609 1152 1718 1180 dicens:
1736 1152 1767 1180 in

977 1200 1087 1227 nomine
1104 1199 1213 1226 Domini
1230 1203 1258 1226 et
1279 1198 1327 1226 Dei
1344 1203 1426 1233 atque
1439 1198 1589 1226 Salvatoris
1603 1199 1690 1226 nostri
1700 1198 1764 1226 Iesu

976 1245 1079 1273 Christi
1094 1244 1222 1280 prmeipio
1239 1244 1299 1277 tibi,
1321 1244 1439 1279 maligne
1452 1243 1576 1278 spiritus,
1594 1248 1625 1271 ut
1648 1244 1767 1273 facessas

977 1298 1011 1317 ex
1028 1290 1080 1317 hoc
1105 1289 1228 1321 homine,
1253 1293 1281 1315 et
1309 1296 1450 1323 nunquam
1474 1288 1594 1323 amplius
1623 1288 1651 1315 in
1675 1289 1766 1324 ipsum

978 1337 1110 1363 introeas.
1133 1335 1271 1370 Expulsus
1284 1335 1376 1369 itaque
1388 1335 1480 1362 statim
1503 1339 1545 1362 est
1562 1335 1679 1363 dmmon.
1696 1335 1766 1362 Tum

975 1382 1056 1418 jussit
1065 1382 1142 1409 illum
1154 1381 1261 1408 vulneri
1276 1381 1356 1416 pedis
1386 1381 1490 1415 aliquid
1520 1381 1643 1416 pulveris
1663 1382 1706 1409 sui
1723 1382 1767 1409 in-

978 1436 1193 1464 spergeremuo
1209 1424 1301 1455 statim
1332 1427 1358 1455 ei
1386 1432 1482 1455 renata
1497 1435 1563 1455 caro
1591 1433 1619 1456 et
1646 1429 1767 1456 obducta

977 1473 1057 1508 pellis
1069 1477 1128 1500 est:
1149 1475 1231 1507 atque
1247 1472 1324 1499 brevi
1340 1477 1503 1506 persanatus
1529 1472 1563 1499 ad
1583 1480 1707 1505 uxorem,
1733 1473 1767 1501 ad

133 1519 312 1554 propinquos,
339 1518 373 1545 ad
410 1518 541 1546 familiam
572 1519 730 1546 universam
753 1518 851 1550 rediit,
876 1518 925 1553 qui
941 1518 1023 1554 paulo
1037 1522 1101 1545 ante
1114 1518 1275 1545 incurabilis
1297 1517 1463 1546 habebatur.

168 1568 242 1597 σκς’.
259 1563 350 1591 Ἱκανὰ
366 1564 415 1598 μὲν
425 1564 471 1591 οὖν
486 1562 515 1591 εὖ
527 1562 585 1592 οἴδα
600 1565 680 1600 κόρον
691 1565 786 1596 ἀκοαῖς
803 1566 922 1593 ἐνθεῖναι

132 1611 166 1638 τὰ
179 1611 323 1646 εἰρημένα,
337 1610 404 1636 ἀλλὰ
417 1611 521 1646 σιωπῆς
531 1611 581 1637 οὐκ
597 1611 659 1644 ἄξια
673 1611 754 1638 πάλιν
766 1612 800 1638 τὰ
811 1612 922 1646 ἐφεξῆς.

132 1656 283 1687 Νεανίσκος
297 1655 351 1691 γάρ
363 1664 404 1687 τις
417 1656 449 1682 ἐκ
467 1655 564 1690 κώμης
578 1655 730 1687 Καλλινέας
741 1656 922 1692 καλουμένης,

133 1700 269 1737 Γεώργιος
285 1700 381 1736 δνομα,
399 1700 529 1727 σκάπτων
544 1701 573 1727 ἐν
584 1701 746 1732 οἰκοπέδοις,
760 1701 882 1737 μνήματι
894 1710 923 1728 τε

132 1746 298 1782 περιτυχὼν,
322 1747 369 1774 καὶ
383 1747 462 1774 τοῦτο
478 1746 615 1782 διορύξας,
632 1746 720 1773 ἐλπίδι
735 1746 783 1773 τοῦ
802 1747 922 1782 κρυπτό-

134 1800 215 1828 μενον
227 1792 297 1827 τάχα
309 1792 444 1828 θησαυρδν
455 1793 589 1828 ἀνευρεῖν,
603 1793 711 1828 δαίμονι
723 1792 835 1828 χαλεπῷ
847 1802 925 1829 περι-

132 1839 226 1866 πίπτει
236 1839 295 1874 (τῆς
308 1839 383 1874 δίκης
395 1839 489 1875 ὥσπερ
506 1840 607 1867 ἀνεκτὰ
622 1840 750 1876 θεμένης,
762 1842 785 1868 εἰ
801 1841 837 1876 μὴ
851 1840 925 1878 παρὰ

131 1883 216 1915 πόδας
232 1883 335 1910 ἐποίσει
351 1883 399 1911 καὶ
412 1884 569 1920 τιμωρίαν),
583 1885 631 1912 καί
645 1894 721 1918 τινας
733 1883 776 1913 οἶα
791 1888 925 1921 γυναῖκας

133 1928 194 1956 ιδὼν
220 1929 294 1965 αὐτῷ
317 1930 535 1965 συμπλακείσας,
551 1931 744 1966 μυκησάμενος
764 1932 834 1959 κατὰ
849 1932 922 1968 βοῦν,

130 1975 170 2007 είς
183 1976 234 2011 γῆν
247 1977 407 2012 κατερράγη
418 1984 425 1991 ·
439 1976 469 2008 ἐξ
478 1969 584 2004 ἐκείνου
596 1977 686 2003 τοίνυν
700 1977 799 2005 ὁπόσαι
814 1978 922 2012 νύκτες,

132 2022 294 2057 ριπτόμενος
307 2022 408 2056 ὁμοίως
419 2022 459 2053 είς
474 2022 571 2057 ἔδαφος
584 2023 631 2049 καὶ
644 2023 866 2058 σπαραττόμενος
877 2022 921 2060 ἦν,

130 2067 217 2102 ἀφροῦ
233 2076 263 2094 τε
278 2068 457 2103 παραπτύων,
472 2069 519 2095 καὶ
533 2068 568 2096 τὰ
582 2069 656 2095 ἔνδον
671 2069 921 2105 ἀναὸρασσόμενος.

135 2111 296 2148 Ὑπανῆπτε
320 2113 348 2140 δὲ
368 2113 442 2149 αὐτῷ
458 2114 504 2141 καὶ
519 2114 685 2150 ζηλοτυπίας
704 2115 750 2141 ἐπὶ
763 2117 795 2151 τῇ
812 2117 923 2150 γυναικὶ

130 2157 232 2192 φλόγας
260 2159 274 2184 ὁ
290 2159 398 2194 μιαρός,
417 2160 542 2195 καθάπερ
557 2161 626 2196 αὐτῇ
645 2159 841 2195 συνεληλυθὼς,
855 2161 924 2197 ὅπερ

129 2200 163 2238 ἦν
184 2203 258 2238 αὺτῷ
282 2204 333 2238 τῆς
362 2206 506 2240 συμφορᾶς
535 2206 566 2231 τὸ
589 2205 751 2241 βαρύτατον.
775 2207 832 2233 Οὐκ
854 2206 923 2242 ἔχων

129 2246 175 2276 οὖν
192 2249 206 2276 ὅ
220 2249 246 2275 τί
260 2257 324 2276 ποτε
337 2250 401 2277 ἄλλο
416 2251 483 2285 πρὸς
495 2251 580 2277 κακὸν
597 2250 755 2286 τηλικοῦτον
770 2252 921 2288 ὲπινοήσει,

129 2295 285 2331 προσελθὼν
296 2297 329 2332 τῇ
341 2295 388 2323 τοῦ
403 2296 521 2331 μεγάλου
539 2297 642 2330 στάσει,
658 2298 748 2334 ῥίπτει
770 2298 842 2325 κατὰ
871 2299 923 2334 γῆς

129 2341 236 2374 ἑαυτὸν,
252 2341 301 2374 τὰς
321 2341 510 2377 κατασχούσας
534 2342 615 2370 αὑτὸν
629 2343 832 2379 ἀποδυρόμενος
854 2353 923 2380 συμ-

129 2388 226 2423 φοράς-

1011 1564 1074 1592 226.
1087 1565 1153 1598 Quae
1169 1558 1305 1592 hactenus
1316 1565 1389 1593 dicta
1419 1569 1485 1592 sunt
1513 1565 1583 1593 bene
1610 1566 1706 1598 multa,
1721 1574 1767 1593 sa-

977 1611 1099 1639 tietatem
1109 1611 1188 1638 vobis
1202 1611 1384 1646 ingesserunt,
1398 1611 1456 1638 scio
1470 1619 1476 1637 :
1501 1616 1690 1638 verumtamen
1705 1619 1768 1646 qua!

976 1657 1141 1691 sequuntur,
1159 1655 1351 1691 pratereunda
1379 1655 1489 1683 silentio
1511 1664 1566 1683 non
1591 1661 1664 1684 sunt.
1684 1657 1767 1684 Juve-

977 1701 1021 1728 nis
1033 1701 1144 1736 quidam
1160 1709 1194 1728 ex
1207 1708 1286 1735 pago,
1302 1700 1350 1735 qui
1363 1700 1515 1728 vocabatur
1529 1701 1670 1730 Callinea:
1696 1702 1765 1736 ipse.

937 1737 958 1767 ο
974 1746 1122 1781 Georgius;
1140 1746 1241 1773 rudera
1258 1746 1356 1773 domus
1372 1754 1486 1778 eruens,
1508 1747 1580 1774 forte
1606 1747 1717 1775 fortuna
1735 1748 1764 1775 in

975 1798 1184 1820 monumentum
1198 1792 1305 1825 incidit,
1319 1793 1393 1828 quod
1411 1793 1458 1820 ubi
1472 1793 1606 1820 eﬁ'oderat
1624 1801 1672 1829 spe
1685 1802 1765 1830 repe-

975 1838 1064 1867 riendi
1080 1839 1212 1866 latentem
1228 1838 1398 1872 thesaurum,
1418 1839 1452 1866 ab
1466 1839 1567 1866 infesto
1579 1839 1703 1868 daemone
1717 1847 1766 1868 oc-

974 1889 1090 1920 cupatus
1105 1889 1148 1913 est.
1165 1885 1255 1920 (quasi
1273 1885 1356 1912 nimis
1381 1885 1449 1913 levis
1467 1885 1562 1912 futura
1588 1890 1664 1913 esset
1695 1886 1766 1914 ultio

973 1939 1034 1966 quae
1049 1939 1104 1959 non
1120 1931 1193 1959 illico
1207 1939 1316 1966 poenam
1328 1931 1491 1965 intulisset),
1512 1935 1540 1958 et
1565 1931 1697 1966 quasdam
1714 1940 1766 1959 ve-

973 1978 1024 2005 luti
1038 1978 1169 2005 mulieres
1186 1977 1276 2012 ipsum
1292 1978 1508 2012 complectentes
1526 1977 1644 2005 intuitus
1667 1985 1699 2004 ac
1714 1978 1765 2005 bo-

973 2024 1113 2051 visinstar
1128 2023 1213 2051 edens
1229 2023 1375 2059 mugitum,
1389 2023 1417 2050 in
1431 2027 1532 2051 terram
1548 2031 1670 2058 praeceps
1682 2023 1764 2052 datus

974 2075 1016 2096 est
1039 2079 1046 2098 :
1067 2069 1148 2105 idque
1180 2068 1282 2096 exinde
1297 2076 1347 2103 per
1358 2069 1482 2104 singulas
1497 2069 1643 2097 accidebat
1657 2074 1762 2103 noctes;

973 2114 1138 2142 allidebatur
1154 2114 1228 2142 enim
1241 2114 1325 2142 simili
1341 2115 1424 2142 modo
1436 2119 1527 2148 teme,
1542 2122 1574 2143 ac
1588 2115 1762 2143 dilaceraba-

975 2165 1030 2193 tur,
1070 2165 1216 2195 spumante
1241 2168 1302 2193 ore,
1332 2161 1545 2196 visceribusque
1571 2162 1760 2189 aestuantibus.

973 2205 1096 2241 Subjecit
1109 2214 1219 2241 quoque
1233 2205 1291 2241 ipse
1323 2206 1466 2243 zelotypize
1489 2207 1564 2234 faces
1578 2207 1685 2234 ratione
1697 2215 1765 2234 uxo-

973 2252 1011 2280 ris
1029 2260 1146 2288 nequam
1160 2253 1284 2288 spiritus,
1298 2258 1427 2288 tanquam
1439 2253 1463 2281 si
1484 2254 1543 2289 ipse
1561 2262 1622 2281 cum
1637 2254 1682 2281 illa
1702 2262 1760 2281 rem

973 2298 1132 2326 habuisset:
1152 2299 1180 2326 id
1205 2299 1281 2334 quod
1309 2299 1417 2327 homini
1436 2307 1594 2327 aerumnoso
1626 2300 1758 2328 aerumnis

973 2345 1102 2373 omnibus
1129 2345 1239 2380 gravius
1260 2346 1412 2373 accidebat.
1446 2347 1572 2374 Tandem
1598 2353 1660 2374 cum
1690 2347 1764 2374 aliud

973 2391 1088 2419 haberet
1099 2391 1170 2418 nihil
1180 2391 1254 2426 quod
1281 2395 1363 2419 tanta:
1395 2392 1546 2420 calamitati
1563 2393 1708 2428 obiiceret,
1727 2393 1761 2419 ad

129 2435 219 2470 magni
245 2434 389 2471 Symeonis
418 2435 575 2463 columnam
604 2437 772 2471 procedens,
801 2436 915 2472 conjicit
935 2443 996 2464 sese
1010 2436 1037 2463 in
1047 2440 1161 2468 terram,
1176 2436 1344 2469 luctuosum,
1371 2436 1398 2464 in
1428 2445 1483 2472 quo
1496 2441 1555 2465 erat
1569 2441 1670 2464 statum
1684 2445 1764 2464 suum

129 2481 291 2509 lamentaus.

164 2527 233 2560 σκζ’.
246 2528 312 2559 Ταῖς
326 2528 410 2555 αὐτοῦ
439 2529 528 2556 τοίνυν
556 2530 708 2565 ἱκετηρίαις
732 2530 918 2564 ἐπικλασθεὶς,

1007 2531 1070 2558 227.
1090 2531 1148 2559 Hoc
1164 2535 1218 2558 tam
1241 2530 1358 2565 supplici
1376 2528 1475 2566 agendi
1504 2529 1586 2556 modo
1608 2532 1765 2556 commotus

129 2575 244 2608 Παῦσαι,
258 2574 367 2609 ἀδελφὲ,
383 2575 630 2612 ὁδυρόμενος,ἕφη,
648 2577 694 2603 καὶ⁴
709 2576 800 2603 οἴκαδε
819 2577 920 2612 μᾶλλον

129 2622 260 2655 ἐπάνηκε,
286 2620 333 2647 καὶ
349 2621 400 2647 οὐκ
415 2622 578 2656 ἀστοχὴσεις
599 2622 648 2657 τῆς
665 2622 824 2658 θεραπείας.
847 2624 876 2650 Ὀ
890 2624 919 2650 δὲ

129 2667 176 2702 τὴν
196 2667 363 2701 ἐπαγγελίαν
380 2667 506 2702 ἁσμένως
526 2668 682 2704 δεξάμενος,
701 2668 795 2706 ὥσπερ
808 2670 857 2706 ἤδη
872 2670 918 2697 τοῦ

129 2712 295 2749 ποθουμένου
323 2713 413 2749 τυχὼν
438 2714 569 2750 ἐπανῄει·
599 2715 645 2742 καὶ
673 2715 722 2751 τὴν
752 2716 799 2752 μέν
830 2717 919 2744 οἰκίαν

129 2759 344 2794 καταλαμϐάνει,
358 2760 407 2796 τὴν
429 2763 546 2795 γυναῖκα
570 2761 597 2788 δὲ
619 2763 668 2797 οὐχ
695 2763 826 2798 εὑρίσκει.
851 2764 917 2790 Ἀπ-

129 2805 194 2841 έδρα,
208 2806 262 2842 γὰρ
277 2805 339 2841 ἤδη,
359 2807 586 2843 συσκευασαμένη
602 2807 637 2834 τὰ
665 2807 739 2841 ὄντα,
762 2808 791 2835 τὸ
818 2809 916 2845 βρέφος

129 2850 172 2879 ἐπὶ
190 2850 238 2887 τῆς
253 2851 341 2884 οἰκίας
356 2853 428 2889 (ἄρτι
449 2853 502 2889 γὰρ
522 2853 553 2880 ὲκ
566 2853 612 2881 τοῦ
629 2854 725 2890 ἀνδρὸς
743 2854 811 2890 ἐκύη
825 2855 915 2890 μόνον)

975 2577 1021 2604 ille
1043 2586 1049 2604 :
1066 2576 1176 2608 Desine,
1198 2576 1297 2611 inquit,
1318 2575 1355 2603 mi
1378 2575 1474 2606 frater,
1490 2574 1646 2605 lamentari,
1664 2581 1696 2600 ac
1714 2573 1765 2600 do-

973 2630 1049 2649 mum
1074 2621 1220 2657 regredere
1247 2621 1357 2656 potius,
1384 2624 1413 2648 et
1437 2628 1492 2647 non
1523 2619 1701 2646 frustraberis
1726 2627 1767 2646 sa-

975 2671 1070 2697 nitate.
1096 2670 1209 2704 Accepit
1233 2677 1299 2704 ergo
1318 2668 1516 2704 promissiones
1538 2668 1600 2695 laato
1618 2667 1720 2699 animo,
1737 2672 1765 2695 et

971 2716 1056 2743 veluti
1075 2716 1131 2751 jam
1157 2720 1249 2742 certus
1278 2715 1409 2742 desiderii
1439 2713 1594 2746 obtinendi,
1622 2720 1764 2748 regressus

969 2766 1023 2790 est.
1040 2762 1075 2789 At
1089 2762 1202 2789 domum
1218 2761 1358 2797 ingressus
1376 2762 1478 2788 nullam
1496 2759 1680 2795 deprehendit
1695 2766 1764 2786 uxo-

969 2816 1047 2841 rem;
1073 2809 1127 2843 jam
1152 2807 1253 2842 quippe
1282 2807 1439 2843 aufugerat,
1468 2810 1639 2841 comportala
1667 2813 1760 2833 secum

968 2863 996 2883 re
1023 2854 1170 2888 familiari;
1198 2855 1301 2882 infante
1329 2858 1431 2888 autem,
1451 2861 1532 2890 quem
1550 2853 1684 2882 hactenus
1699 2851 1759 2880 uni<
