1952 3066
189 109 260 144 3195

792 114 822 144 S.
841 113 1029 143 SYMEONIS
1049 115 1233 146 JUNIORlS

1745 116 1806 148 3m

189 175 252 196 cum
272 176 306 195 ex
338 167 384 195 illo
407 173 560 203 pepererat.
589 168 664 195 domi
688 168 793 196 relicto.
816 168 978 195 Percellitur

1031 170 1209 198 ἀπολιποῦσα.
1226 169 1410 206 Σφοδρότερον
1430 169 1520 197 τοίνυν
1542 169 1637 197 παθὼν
1652 169 1701 206 τὴν
1714 170 1810 206 cum,

190 214 235 241 ille
250 221 367 242 mcerore
385 214 551 244 vehementi.
569 215 639 242 tollit
653 222 782 250 puerum,
798 215 899 249 repetit
912 222 976 242 san-

189 264 275 288 etum.
297 259 398 287 factum
426 260 518 287 uxoris
543 261 669 287 luctuoso
695 268 821 288 sermone
846 261 975 295 explicat,

190 305 317 336 laervmis
341 306 424 333 verba
441 306 688 341 interpellantibus,
704 311 732 333 et
753 306 865 334 resoluti
881 306 977 334 dolare

190 352 282 379 cordis
307 357 404 379 :estum
439 353 651 380 testiﬁcantibus
677 361 684 385 ;
713 352 812 381 deinde
845 353 976 380 infantem

189 405 300 433 quoque
322 399 356 426 ad
378 398 461 432 pedes
483 399 572 426 sancti
596 399 727 432 demittit,
754 407 853 434 rogans
874 404 976 427 uteum

190 445 285 473 saltem
310 445 468 473 ulciscatur.
487 445 601 473 Fractus
623 446 706 481 igitur
728 446 824 473 dolore
842 446 916 474 illius
929 446 978 481 Sy-

191 499 283 524 meon,
314 497 396 526 atque
416 493 512 519 oculos
530 493 556 519 in
572 493 671 520 coelum
684 496 796 520 mtestos
811 492 975 520 intendens:

189 537 272 567 Deus.
296 537 395 572 inquit,
419 546 535 573 magnus
550 543 580 565 et
604 537 788 572 omnipotens,
807 539 885 573 cujus
905 539 977 566 oculi

189 582 333 609 intuentur
347 582 406 609 vias
418 581 538 609 ﬁliorum
553 581 708 614 hominum,
723 586 754 609 ut
765 582 904 610 retribuas
918 583 978 610 uni-

188 627 289 662 cuique
315 627 467 654 secundum
492 627 564 654 viam
580 635 671 660 suam;
695 627 718 655 si
745 628 848 655 bonum
874 631 917 656 est
950 629 977 658 in

188 674 277 701 oculis
303 673 367 706 tuis,
390 677 514 701 transeat
540 673 718 706 daemonium,
741 675 817 709 quod
841 675 915 703 hunc
935 677 977 704 in-

188 719 295 746 felicem
309 719 422 752 insidet,
435 719 462 746 in
474 727 586 746 uxorem
596 719 688 752 illius;
700 723 731 747 ut
740 720 866 748 misereri
878 721 975 755 discat,

187 764 405 792 misericordiam
417 766 535 793 aliorum
548 765 734 800 implorando;
743 771 772 794 et
781 767 925 796 manifesta
937 768 978 795 in-

187 811 291 846 telligat
302 811 481 845 experientia,
495 811 569 846 quod
590 811 753 840 naturaliter
769 813 876 841 viscera
890 813 976 848 ipsius

187 855 361 890 ignorabant.

220 903 282 930 228.
304 904 343 931 lta
365 903 499 940 Symeone
516 908 624 938 orante,
640 904 750 940 juvenis
764 904 886 932 liberum
912 913 942 934 se
961 914 978 934 a

185 949 309 977 daemone
319 949 466 984 comperit,
481 949 526 977 hic
540 957 605 978 vero
619 950 763 978 mulierem
777 951 909 979 invadens
921 952 974 979 cla-

185 995 277 1022 mabat
291 1004 298 1021 :
316 995 356 1022 Tu
372 1003 416 1023 me
435 1003 450 1023 a
465 995 565 1023 marito
585 1000 633 1023 tuo
649 996 792 1028 avulsisti;
808 1001 835 1024 tu
850 1004 894 1024 me
907 1004 923 1024 a
935 996 976 1024 fa-

186 1040 284 1067 miliari
297 1047 358 1067 meo
366 1041 526 1075 sejunxisti;
543 1049 595 1076 per
611 1045 636 1068 te
652 1041 687 1068 ab
700 1041 746 1068 illo
754 1042 828 1076 gravi
839 1050 901 1070 meo
913 1050 977 1070 cum

185 1093 267 1112 sensu
285 1086 415 1120 expulsus
432 1094 509 1118 sum;
530 1087 577 1121 qui
593 1095 637 1114 me
655 1087 719 1114 inde
731 1087 823 1122 ejecit,
836 1088 869 1115 ad
889 1092 915 1116 te
926 1089 978 1116 im-

185 1131 296 1165 peravit
323 1136 354 1159 ut
379 1132 558 1166 ingrederer;
585 1137 611 1160 et
630 1133 728 1160 similia
756 1133 841 1161 multa
862 1133 976 1166 furiosa,

187 1177 317 1204 scelerata
346 1183 374 1204 ct
397 1186 492 1205 revera
519 1178 665 1206 diabolica.
695 1179 771 1206 Talia
798 1179 844 1206 ubi
873 1179 977 1206 audivit

185 1225 295 1255 mulier,
321 1224 510 1252 inhumaniter
531 1233 546 1252 a
567 1227 639 1252 man
663 1225 745 1260 genio
761 1226 907 1261 ﬂagellala,
935 1235 978 1254 re-

185 1269 267 1296 vertit
289 1269 400 1297 domum
427 1269 460 1297 ad
479 1271 624 1306 conjngcm
651 1279 731 1298 suum
751 1280 757 1298 :
774 1272 832 1306 qui,
851 1272 976 1299 dolorum

184 1316 245 1349 ejus
266 1315 496 1348 misertus,.cum
525 1316 584 1351 ipsa
609 1316 642 1343 ad
680 1321 806 1344 sanctum
837 1318 979 1345 contendit

185 1361 367 1396 Symeonem;
385 1366 412 1389 et
437 1366 572 1397 quantum
589 1371 677 1397 nuper
699 1367 797 1390 contra
819 1362 906 1397 ipsam
929 1363 980 1389 ob-

185 1406 348 1438 testabatur,
369 1411 475 1434 tantum
492 1407 575 1434 modo
596 1407 756 1441 etamplius
778 1414 828 1441 pro
854 1407 978 1442 ejusdem

185 1452 350 1487 deprecatur
364 1453 516 1479 sanatione.
533 1453 591 1479 Non
613 1452 674 1479 tulit
698 1451 805 1478 daemon
822 1452 978 1486 propiorem

187 1497 220 1524 ad
239 1497 402 1532 Symeonem
418 1506 570 1528 accessum.
589 1505 674 1532 quare
695 1504 757 1524 mox
779 1497 922 1524 mulierem
941 1498 980 1525 al-
993 1510 1014 1539 ρ

186 1543 273 1571 lidere
289 1544 357 1575 solo,
381 1544 457 1570 varie
482 1544 615 1571 dilaniare
633 1548 661 1570 et
677 1547 796 1578 raptare,
819 1543 846 1570 in
861 1544 978 1571 sublime

187 1589 284 1616 tollere
301 1593 328 1615 et
345 1588 500 1620 demittere,
528 1588 648 1622 denique
661 1588 694 1615 ad
710 1588 893 1623 praecipitium
905 1588 979 1616 festi-

188 1643 264 1662 nare.
287 1634 373 1670 Cujus
399 1634 538 1670 tragoediae
562 1635 708 1669 impatiens
722 1639 844 1667 sanctus,
867 1642 918 1662 nec
938 1635 980 1662 in-

187 1680 261 1709 tueri
284 1681 323 1708 sic
338 1681 487 1715 patientem
502 1680 618 1709 ulterius
629 1680 780 1712 sustinens,
801 1680 834 1708 ad
853 1680 911 1708 haec
927 1681 980 1708 hu-

188 1734 269 1754 πιεηο
286 1731 370 1761 atque
387 1726 537 1754 miserante
554 1726 647 1753 animo
669 1733 754 1760 super
770 1726 856 1760 ipsam
871 1730 978 1753 motus:

188 1771 376 1806 Impurissime
399 1777 427 1798 et
442 1771 559 1806 maligne
573 1770 699 1805 spiritus,
727 1770 827 1805 inquit,
848 1770 979 1805 praecipio

188 1817 239 1844 tibi
261 1818 290 1844 in
307 1817 418 1844 nomine
435 1816 497 1844 Filii
518 1816 576 1847 Dei,
592 1820 622 1842 ut
637 1823 718 1843 exeas
737 1823 770 1843 ex
786 1816 839 1844 hac
853 1816 978 1849 muliere,

185 1869 217 1891 et
230 1871 370 1898 nunquam
391 1870 424 1890 eo
439 1862 570 1897 deinceps
588 1861 719 1889 divertas.
739 1862 784 1889 Uti
801 1867 978 1897 praeceptum,

188 1909 227 1936 ita
246 1908 348 1935 factum
368 1917 374 1935 :
391 1907 516 1935 daemone
543 1907 618 1934 illico
631 1907 727 1934 'multa
752 1915 816 1934 cum
840 1907 980 1935 vocifera-

187 1955 265 1981 tione
280 1958 309 1980 et
323 1953 457 1981 conviciis
468 1953 638 1989 egrediente,
655 1956 738 1987 atque
750 1952 923 1988 relinquente
939 1953 981 1980 fe-

189 2000 292 2027 minam
309 1999 422 2026 omnino
440 2004 574 2027 sanatam.

223 2046 286 2073 2'29.
308 2045 415 2080 Baber
431 2045 575 2081 cujusdam
601 2045 697 2072 oculos
719 2044 854 2080 aegritudo
871 2043 980 2073 invase-

190 2096 243 2124 rat,
264 2099 346 2126 quam
367 2094 395 2118 et
407 2091 516 2119 caecitas
530 2095 678 2119 consecuta
690 2095 733 2118 est
749 2099 757 2118 :
773 2099 893 2126 cumque
907 2091 978 2119 nihil

188 2139 250 2174 opis
271 2139 367 2166 haberi
385 2147 420 2166 ex
432 2142 492 2166 arte
514 2139 684 2166 medentium
698 2143 802 2173 posset,
826 2139 913 2166 sancti
931 2139 980 2175 Sy-

1029 215 1188 250 ἀνελόμενος
1214 216 1244 242 τὸ
1267 215 1378 251 βρέφος,
1390 216 1452 250 ἥκει
1468 215 1542 251 παρὰ
1560 216 1606 242 τὸν
1625 216 1703 248 ἅγιον
1724 213 1806 248 αὖθις,

1028 259 1071 288 οἶα
1095 262 1169 297 παρὰ
1187 261 1236 296 τῆς
1255 261 1383 296 γυναικὸς
1406 261 1480 296 αὺτῷ
1503 261 1601 295 συνέϐη
1623 262 1806 296 ὲκτραγιεῆῶν,

1029 308 1075 333 καὶ
1089 307 1143 333 τῶν
1156 307 1286 342 ῥημάτων
1303 307 1409 342 δάκρυα
1431 307 1582 342 καταχέων,
1600 307 1650 341 τὴν
1674 307 1746 334 ἔνδον
1762 307 1807 341 τῆς

1028 352 1141 388 καρδίας
1157 352 1234 387 τῆξιν
1250 352 1398 387 μηνύοντα,
1411 351 1469 379 εἶτα
1483 353 1530 379 καὶ
1544 352 1573 379 τὺ
1589 352 1687 387 βρέφος
1701 352 1808 380 ἐνώπιον

1028 398 1110 425 αὐτοῦ
1126 398 1239 433 ῥίπτων,
1254 399 1301 425 καὶ
1323 398 1391 432 πρὸς
1409 398 1547 432 ἐκδίκησιν
1566 398 1661 424 τούτου
1681 398 1727 424 τὸν
1738 398 1807 430 ἆγιον

1029 443 1238 479 ἐκκαλούμενος.
1260 444 1438 479 Διαπονηθεὶς
1461 442 1508 470 οὖν
1532 444 1546 470 ὁ
1572 444 1696 477 Συμεὼν,
1720 443 1764 470 καί
1785 452 1809 471 τι

1028 490 1096 525 πρὸς
1113 489 1227 525 οὐρανὸν
1243 489 1371 524 ὀδυνηρὸν
1392 489 1528 521 ἀτενίσας.
1553 489 1582 515 '0
1600 489 1677 520 Θεὸς,
1700 486 1784 521 εἶπεν,
1797 491 1810 517 6

1029 536 1126 572 μέγας,
1140 537 1155 563 ὀ
1168 535 1376 570 παντοκράτωρ,
1399 532 1429 562 οὗ
1450 535 1474 562 οἱ
1493 535 1629 570 ὀφθαλμοὶ
1646 535 1808 569 ἀνεῳγμέναι

1029 582 1068 613 είς
1082 582 1158 613 ὁδοὺς
1180 581 1236 608 τῶν
1261 581 1328 608 υῑῶν
1350 580 1404 608 τῶν
1421 580 1583 616 ἀνθρώπων,
1597 580 1688 607 δοῦναι
1707 580 1809 616 ἑκάστῳ

1029 628 1098 655 κατὰ
1115 627 1165 663 τὴν
1179 627 1237 654 ἁδὺν
1248 626 1331 653 αὑτοῦ
1341 635 1348 642 ·
1359 627 1384 652 εί
1397 626 1508 661 ἀρεστὸν
1523 625 1637 653 ἐνώπιόν
1656 635 1715 658 σου,
1731 634 1808 661 μετα-

1029 673 1103 709 ῦήτω
1117 672 1184 708 πρὸς
1198 673 1247 708 τὴν
1263 673 1381 706 γυναῖκα
1397 671 1427 698 τὸ
1441 672 1563 699 ἐνοικοῦν
1578 671 1617 707 τῷ
1632 672 1717 708 ἀθλίῳ
1729 672 1811 708 τούτῳ

1028 717 1176 751 δαιμόνιον,
1190 717 1223 744 ἶν’
1237 717 1323 743 ἐλεεῖν
1337 716 1448 752 διδαχθῇ
1462 716 1510 743 τοῦ
1527 716 1593 753 παρ’
1609 717 1710 751 ἑτέρων
1724 717 1812 749 ἐλέους

1028 763 1096 798 αὑτὴ
1113 763 1250 799 δεηθεῖσα,
1265 763 1313 789 καὶ
1333 763 1416 798 πείρᾳ
1441 762 1514 798 μάθῃ
1529 762 1621 797 σαφῶς
1638 763 1652 789 δ
1665 762 1731 798 παρ’
1747 763 1813 798 αὐτῇ

1028 806 1121 849 sagi;
1135 806 1241 841 φύσεως
1254 806 1372 842 ἠγνόησε
1386 806 1537 842 σπλάγχνα.

1063 894 1134 930 uxr".
1152 895 1245 922 Ταῦτα
1262 894 1309 922 τοῦ
1325 894 1437 930 Συμεὼν
1451 895 1645 930 εὖξαμένου,.δ
1661 896 1711 932 μὲν
1728 896 1814 923 νεανί-

1028 950 1093 974 σκος
1113 941 1160 978 τοῦ
1183 941 1309 976 δαίμονος
1326 941 1495 977 ἀπήλλακτο,
1511 942 1528 977 ἡ
1543 942 1612 978 γυνὴ
1627 942 1655 968 δὲ
1672 943 1718 969 ὑπ’
1735 943 1814 970 αὑτοῦ

1027 988 1202 1024 κατείληπτο.
1217 987 1252 1014 Σύ
1273 996 1307 1023 με
1324 988 1372 1014 τοῦ
1393 988 1494 1014 οἰκείου
1512 987 1607 1024 ἀνδρὸς
1627 988 1816 1024 ἑχὼρισας,λὲ-

1027 1043 1131 1069 γοντος,
1148 1034 1179 1060 σύ
1194 1042 1228 1069 με
1244 1033 1290 1060 τοῦ
1305 1033 1429 1060 συνοίκου
1448 1033 1598 1066 διέζευξας,
1615 1034 1659 1060 διὰ
1674 1034 1702 1060 σὲ
1722 1034 1816 1062 τούτου

1027 1080 1134 1114 πικρῶς
1149 1079 1339 1115 ἀπελήλαμαι’
1353 1079 1367 1105 ὁ
1379 1079 1483 1106 ἐκεῖθεν
1497 1079 1620 1107 ὲκὸαλὼν
1634 1080 1694 1113 ἐμὲ,
1709 1080 1819 1115 ἐπέτρε-

1027 1127 1077 1161 ψεν
1094 1126 1179 1153 ἐλθεῖν
1197 1126 1244 1152 ἐπὶ
1263 1126 1303 1157 σὲ,
1319 1125 1365 1152 καὶ
1380 1125 1446 1152 ἄλλα
1459 1125 1580 1158 τοιαῦτα,
1594 1127 1695 1161 μανικὰ
1711 1135 1740 1153 τε
1759 1127 1817 1161 ἅμα

1028 1172 1074 1198 καὶ
1091 1171 1187 1207 μιαρὰ,
1200 1172 1247 1198 καὶ
1261 1170 1298 1206 τῷ
1310 1170 1366 1197 ὄντι
1379 1170 1551 1206 δαιμονιώδη.
1563 1169 1614 1198 Ὧν
1628 1172 1719 1206 ἐκείνη
1734 1172 1819 1198 ἀκού·

1030 1226 1111 1249 σασα,
1126 1217 1173 1244 καὶ
1190 1217 1242 1243 ὑπὸ
1259 1216 1304 1243 τοῦ
1318 1216 1445 1251 δαίμονος
1459 1217 1676 1252 ἀφιλανορώπως
1692 1219 1820 1251 μαστιζο-

1031 1264 1109 1298 μένη.
1127 1263 1266 1290 ἐπάνεισιν
1286 1262 1327 1294 εἰς
1341 1262 1390 1298 τὴν
1409 1263 1497 1290 οἰκίαν
1520 1263 1596 1298 παρὰ
1611 1263 1655 1289 τὸν
1671 1263 1764 1298 ἄνδρα.
1791 1263 1820 1290 '0

1029 1310 1057 1335 δὲ
1071 1308 1118 1336 τοῦ
1135 1308 1237 1340 πάθους
1250 1308 1386 1343 οῐκτείρας
1399 1308 1494 1343 αὐτὴν,
1510 1309 1583 1343 παρᾶ
1594 1308 1638 1334 τὸν
1654 1308 1731 1342 ἆγιον
1744 1309 1818 1342 ἄγει,

1029 1355 1079 1381 ὅσα
1095 1354 1154 1381 κατ’
1168 1354 1253 1388 αὐτῆς
1273 1354 1412 1381 κατέτεινε
1426 1355 1533 1390 πρώην,
1548 1355 1668 1381 τοσαῦτα
1685 1355 1732 1381 νῦν
1747 1354 1820 1390 ὑπὲρ

1030 1400 1113 1435 αὐτῆς
1127 1399 1173 1426 καὶ
1185 1399 1269 1426 πλείω
1286 1399 1422 1435 δεόμενος.
1439 1400 1495 1434 Τὴν
1507 1400 1574 1434 πρὸς
1588 1399 1634 1426 τὸν
1651 1398 1762 1434 Συμεὼν
1775 1401 1822 1434 ἐγ-

1029 1446 1135 1481 γύτητα
1152 1446 1241 1472 τοίνυν
1258 1445 1307 1472 οὐκ
1322 1445 1434 1480 ὲνεγκὺν
1445 1444 1475 1471 τὸ
1489 1444 1638 1479 δαιμόνιον,
1653 1444 1754 1480 ἤρξατο
1775 1444 1821 1479 ῥί-

1031 1501 1109 1519 πτειν
1131 1492 1211 1523 εὐθὺς
1226 1491 1295 1518 κατὰ
1309 1491 1361 1526 γῆς
1379 1491 1427 1526 τὴν
1443 1492 1559 1525 γυναῖκα
1577 1490 1625 1517 καὶ
1642 1491 1821 1525 σπαράττειν,

1031 1539 1078 1565 καὶ
1099 1538 1279 1570 ὲκτινάσσειν,
1305 1537 1431 1572 καθάπερ
1448 1537 1532 1572 αὐτὴν
1558 1534 1622 1571 ἆραι
1646 1537 1693 1562 καί
1711 1538 1822 1570 ἀφεῖναι

1029 1584 1098 1611 κατὰ
1107 1581 1237 1619 κρημνῶν
1252 1583 1438 1617 ἐπειγόμενον.
1461 1582 1560 1608 Οὐκέτι
1581 1581 1725 1616 rewava
1749 1582 1824 1609 οὕτω

1030 1630 1187 1664 πάσχουσαν
1204 1628 1289 1663 αὐτὴν
1310 1628 1377 1664 δρᾷν
1398 1629 1412 1654 ὁ
1429 1627 1541 1663 Συμεὼν
1562 1627 1735 1662 ἀνεχόμενος,
1754 1627 1825 1654 ἀλλὰ

1030 1673 1224 1709 φιλάνθρωπόν
1244 1682 1271 1700 τι
1294 1674 1341 1700 καὶ
1357 1673 1498 1708 συμπαθὲς
1515 1672 1608 1700 παθὼν
1623 1673 1666 1699 ἐπ’
1684 1673 1769 1709 αὐτῇ,
1786 1672 1825 1699 Τδ

1030 1721 1184 1755 ἀκάθαρτον
1205 1720 1253 1746 καὶ
1266 1719 1384 1754 πονηρὸν
1397 1718 1516 1754 πνεῦμα,
1534 1718 1590 1753 ἐγώ
1608 1727 1649 1745 σοι
1671 1719 1824 1752 ὲπιτάττω,

1031 1766 1123 1801 φησὶν,
1150 1766 1179 1792 ὲν
1202 1764 1242 1800 τῷ
1266 1764 1380 1799 ὀνόματι
1403 1764 1449 1791 τοῦ
1476 1763 1543 1790 Θεοῖι
1568 1763 1686 1796 ἐξελθεῖν
1707 1765 1754 1791 ἀπ’
1773 1765 1826 1791 αὖ·

1031 1813 1092 1846 τῆς,
1123 1813 1171 1839 καὶ
1205 1811 1308 1847 μηκέτι
1337 1810 1406 1846 πρὸς
1431 1810 1515 1846 αὐτὴν
1541 1810 1685 1838 ἀναλῦσαι.
1710 1811 1748 1838 Τὸ
1773 1811 1827 1845 μὲν

1031 1855 1077 1884 οὖν
1095 1857 1235 1891 ἐπίταγμα
1259 1856 1338 1892 ἔργον
1358 1853 1402 1891 ἦν,
1419 1857 1466 1882 καὶ
1485 1855 1570 1882 πολλὰ
1595 1856 1702 1890 πράξαν
1725 1856 1827 1882 αὐτίκα

1031 1904 1079 1931 καὶ
1094 1903 1254 1939 φλυαρῆσαν
1277 1901 1400 1938 ἐξῆλθεν,
1417 1902 1481 1938 ὑγιῆ
1505 1902 1555 1938 τὴν
1572 1902 1730 1937 πάσχουσαν
1755 1903 1828 1929 ἁπο-

1032 1949 1167 1981 λελοιπός.

1068 2038 1135 2065 σκθ’.
1154 2037 1262 2072 Βαϐύλιξ⁴
1281 2037 1311 2064 δέ
1333 2045 1385 2063 τινι
1412 2035 1517 2072 νόσημα
1539 2036 1646 2070 γεγόνει
1667 2035 1733 2071 περὶ
1762 2035 1830 2067 τοὺς

1031 2084 1198 2118 ὀφθαλμοὺς,
1224 2079 1303 2117 ᾧκαὶ
1333 2082 1469 2116 τύῳλωσις
1494 2081 1676 2116 ἠκολούθησεν
1695 2080 1753 2112 ’ὡς
1781 2078 1832 2108 οὖν

1031 2129 1143 2157 ὄνασθαι
1159 2138 1185 2155 τι
1199 2129 1249 2163 τῆς
1264 2128 1363 2161 ίατρῶν
1377 2127 1475 2162 τέχνης
1489 2127 1538 2154 οὐκ
1553 2124 1598 2162 ἦν,
1611 2125 1699 2153 τὸτοῦ
1712 2125 1830 2161 Συμεὼν

190 2183 298 2210 meouis
314 2190 414 2210 nomen
442 2190 492 2217 pro
515 2182 658 2210 curatione
684 2183 838 2215 invocavit;
860 2183 978 2218 viditque

1036 2177 1120 2210 δνομα
1147 2175 1215 2210 πρὸς
1233 2173 1383 2209 θεραπείαν
1399 2173 1571 2200 ἐπεκαλεῖτο.
1592 2173 1659 2209 ’0ρᾷ
1678 2172 1830 2208 τοιγαροῦν

190 2233 273 2256 nocte
288 2229 415 2263 sequenti
431 2233 567 2260 sanctum,
595 2236 666 2264 equo
686 2228 805 2256 candido
829 2230 978 2262 invectum,

190 2275 275 2302 veluti
302 2275 438 2302 medicum
456 2279 484 2303 et
508 2283 619 2302 manum
645 2275 752 2303 aﬂ‘cetis
779 2276 867 2303 oculis
891 2276 980 2311 impo-

189 2325 314 2352 nentem,
334 2321 527 2356 dicentemque
546 2330 553 2348 :
572 2321 689 2356 Respice
710 2326 785 2350 recta
808 2322 841 2350 ad
859 2327 980 2350 montem

193 2364 354 2394 Mirabilem.
371 2365 485 2394 Levavit
507 2366 599 2402 itaque
624 2374 654 2394 se
671 2367 777 2402 statim,
790 2372 819 2395 et
836 2368 925 2395 oculis
947 2375 982 2396 eo

189 2412 304 2439 directis
317 2420 323 2438 :
335 2411 446 2439 Christe
472 2412 597 2446 Domine,
614 2413 664 2444 ait,
680 2413 753 2440 Deus
766 2413 862 2445 famuli
878 2414 917 2441 tui
931 2413 982 2450 Sy-

191 2457 307 2490 meonis,
321 2457 433 2484 medere
455 2457 544 2485 oculis
562 2458 642 2486 meis.
659 2458 692 2485 Et
714 2458 740 2485 in
761 2459 821 2493 ipso
841 2464 981 2487 momento

189 2502 270 2536 vidit,
285 2502 410 2538 quamvis
426 2503 596 2531 subobscure
610 2507 638 2530 et
650 2504 782 2531 tenuiter.
797 2504 833 2531 Ut
848 2508 940 2532 autem
952 2513 982 2532 se

190 2549 287 2576 videre
308 2549 446 2584 cognovit,
461 2557 522 2584 quae
536 2549 655 2577 habebat
668 2550 842 2583 charissima,
857 2558 982 2584 uxorem,

190 2595 313 2629 inquam,
321 2599 350 2622 et
359 2595 462 2622 liberos
469 2602 624 2626 assumens,
637 2594 671 2622 ad
680 2598 805 2622 sanctum
818 2594 983 2631 Symeonem

190 2641 334 2677 processit.
357 2641 535 2668 nuntiaturus
549 2641 639 2676 qualis
662 2640 790 2668 beneﬁcii
813 2648 864 2675 per
890 2641 980 2676 ipsum

189 2694 303 2722 compos
320 2686 408 2713 factus
432 2686 538 2714 (uisset.
564 2686 615 2713 Cui
641 2686 686 2713 ille
704 2686 855 2714 Dominica:
886 2686 979 2714 crucis

207 2729 301 2765 iguum
325 2729 495 2764 imprimens,
523 2730 791 2765 perspicacissimum
822 2731 882 2758 sine
905 2731 981 2758 omni

194 2773 371 2802 hebetatione
388 2775 531 2802 oculorum
546 2776 638 2803 lumen
655 2775 786 2803 donavit:
802 2776 902 2804 deinde
914 2784 981 2804 con-

193 2817 284 2852 iugem
296 2827 405 2854 quoque
422 2821 481 2856 ejus
494 2821 683 2850 excutientem
698 2822 820 2855 sanavit;
851 2823 953 2850 liberos
968 2832 983 2850 a

1031 2223 1079 2258 τῆς
1088 2222 1184 2253 νυκτὸς
1194 2221 1300 2256 ἐκείνης
1312 2221 1394 2247 αὑτὸν
1405 2221 1450 2246 ἐπὶ
1462 2219 1559 2246 λευκοῦ
1570 2219 1654 2246 ἵππου
1666 2219 1704 2254 τῷ
1715 2218 1830 2253 ἰατρείῳ

1033 2266 1326 2303 παραϐαλὸντα,χεῖρὰ
1340 2274 1370 2292 τε
1384 2265 1459 2300 αὐτῷ
1474 2264 1612 2296 ἐπιθέντα,
1626 2264 1683 2297 καὶ,
1696 2263 1830 2290 ’Δνάὄλε-

1031 2315 1080 2350 ψον
1096 2314 1160 2341 εὐθὺ
1181 2313 1229 2341 τοῦ
1245 2311 1402 2348 θαυμαστοῦ
1423 2312 1513 2346 ὄρους,
1531 2311 1708 2338 κελεύσαντα.
1727 2311 1830 2336 Διανα-

1033 2361 1098 2392 στὰς
1114 2361 1203 2388 τοίνυν
1215 2359 1315 2387 αὐτίκα
1337 2358 1385 2385 καὶ
1398 2359 1447 2389 τὰς
1468 2357 1542 2392 ὄψεις
1564 2356 1608 2382 ἐπ’
1626 2354 1692 2382 αὐτὸ
1721 2354 1829 2386 ἰθύνας,

1032 2407 1133 2444 Χριστὲ
1151 2408 1165 2433 ὀ
1180 2406 1246 2438 Θεὸς
1261 2405 1309 2432 τοῦ
1331 2405 1425 2432 δούλου
1441 2411 1488 2430 σου
1510 2401 1632 2438 Συμεὼν,
1647 2398 1737 2433 εἶπεν,
1752 2399 1831 2427 ἴασαι

1035 2463 1068 2490 με
1085 2455 1147 2486 τοὺς
1158 2451 1327 2488 ὀφθαλμούς.
1343 2450 1400 2478 Καὶ
1411 2449 1565 2483 ἀναϐλέψας
1577 2449 1629 2483 ὁρᾷ
1642 2446 1830 2483 παραχρῆμα,

1033 2501 1057 2526 εἰ
1077 2499 1123 2526 καὶ
1140 2498 1262 2534 ἀμυδρόν
1278 2506 1304 2523 τι
1319 2497 1366 2523 καὶ
1384 2495 1516 2531 ἀδρανές·
1537 2494 1588 2529 ὁρᾷ
1610 2494 1632 2519 δ’
1649 2493 1706 2524 οὖν,
1725 2494 1773 2518 καὶ
1796 2493 1830 2518 τὰ

1035 2546 1150 2580 φίλτατα.
1173 2544 1210 2576 ὼς
1233 2540 1300 2578 εἶχε,
1324 2541 1443 2576 γυναῖκα
1458 2549 1529 2575 φημι
1551 2541 1599 2565 καὶ
1619 2538 1704 2564 τέκνα
1725 2536 1830 2568 λαϐὼν,

1034 2593 1159 2627 πρόσεισι
1175 2590 1213 2625 τῷ
1232 2589 1355 2624 Συμεὼν,
1371 2586 1552 2620 ἀπαγγέλλων
1566 2585 1625 2615 οἵας
1641 2583 1670 2616 ἐξ
1683 2583 1767 2609 αὒτοῦ
1783 2582 1832 2608 τύ-

1034 2626 1076 2673 χοι
1089 2635 1258 2672 εὐεργεσίας.
1280 2634 1309 2659 '0
1324 2633 1351 2659 δὲ
1365 2632 1410 2658 τὸν
1423 2629 1585 2657 Δεσποτικδν
1599 2628 1673 2662 αὖτῴ
1685 2626 1732 2654 τοῦ
1748 2633 1833 2659 σεαυ-

1036 2684 1083 2716 ροῦ
1107 2682 1192 2709 τύπον
1218 2679 1365 2712 ἐπιϐαλὼν,
1387 2678 1528 2711 ἐλεύθερον
1556 2675 1631 2710 αὐτῷ
1654 2675 1747 2708 πάσης
1775 2674 1831 2707 ἀμ.-

1037 2728 1174 2765 βλυωπίας
1190 2728 1220 2754 τὸ
1232 2727 1287 2753 τῶν
1304 2724 1451 2760 ὀφθαλμῶν
1470 2723 1612 2759 χαρίζεται
1636 2721 1694 2755 φῶς
1705 2727 1711 2734 ·
1733 2719 1834 2746 ἔπειτα

1037 2777 1129 2811 μέντοι
1150 2774 1198 2801 καὶ
1214 2773 1263 2808 τὴν
1285 2772 1411 2806 γυναῖκα,
1435 2768 1644 2804 τυφλώττουσαν
1669 2766 1833 2798 ἰασάμενος,

1037 2822 1083 2849 καὶ
1099 2819 1284 2856 δαιμονῶντας
1297 2817 1470 2853 θεραπεύσας
1490 2817 1553 2848 τοὺς
1571 2814 1680 2847 παῖδας,
1700 2813 1748 2840 καὶ
1768 2819 1830 2838 οι.ον
