1952 3066
126 122 201 154 3197

639 127 723 158 VlTA
742 130 767 157 Α
786 128 1004 158 NICEPHORO
1022 128 1265 159 CONSCRIPTA.

1681 125 1753 158 3198

128 183 204 211 οἷκον
226 183 350 217 μεγάλων
370 183 464 210 παθῶν
486 183 654 217 ἀπαλλάξας,
671 185 730 211 οὐδὲ
747 184 804 219 βίου
819 185 908 211 σπανί·

968 184 1139 214 dmmonibus
1155 186 1274 212 insessos
1293 182 1418 216 curavit;
1444 186 1472 210 et
1500 183 1660 211 universam
1677 184 1757 212 lami-

128 232 224 259 ςοντας
248 229 392 263 περιεῖδεν.
415 229 484 256 Ἀλλ’
498 229 560 256 ἐπεὶ
587 230 648 265 μηδ’
664 230 753 257 ὁτιοῦν
776 229 840 257 ἄλλο
856 230 919 258 τού-

126 283 184 307 τοις
210 278 250 305 ὅτι
275 275 312 310 μὴ
340 274 444 310 βραχὺς
470 273 541 308 οἶνος
562 275 676 311 προσῆν,
704 276 751 303 καὶ
773 274 849 308 οὗτος
874 278 916 309 ἑξ-

127 320 252 355 εστηκώς
273 329 303 347 τε
323 321 371 347 καὶ
395 321 546 356 δευτερίας.
564 321 628 356 ἡδὺν
652 323 699 348 καὶ
713 323 806 349 τοῦτον
825 324 917 354 αὐτοῖς

125 368 159 402 τῇ
176 367 264 402 οἰκείᾳ.
279 367 369 403 τίθησι
384 367 467 400 κύνει,
483 368 531 394 καὶ
544 368 668 402 πότιμον,
690 369 737 396 καὶ
754 369 914 403 ἐπαγωγόνυ

126 413 174 439 καὶ
184 413 270 445 οὕτως
285 413 334 440 οὐκ
346 414 437 449 ὀλίγου
451 413 577 449 πραθεὶς,
597 414 714 451 ἤρκεσεν
725 415 818 447 αὐτοῖς
828 415 868 448 είς
881 415 917 443 τὰ

125 460 275 492 ἀναγκαῖα.

161 545 209 574 σλ’.
224 546 335 578 Τούτοις
350 548 424 580 ἄξιον
441 549 529 575 ἐκεῖνο
545 548 711 585 προσθεῖναι·
727 549 915 585 Πρεσὸύτερός

122 600 176 624 τις,
187 593 219 619 ὲκ
232 587 328 628 magn;
344 593 487 625 Βασιλείας
501 593 573 621 οὕτω
583 595 732 630 λεγομένης
743 596 914 630 ὁρμώμενος,

123 638 260 670 πολύπαις
274 638 322 670 ὢν,
338 640 421 670 ἄπαις
436 639 587 672 ἐδείκνυτο,
603 640 652 675 τὴν
671 642 711 673 εἰς
727 641 784 674 φῶς
798 641 914 668 ἑκάστου

121 684 178 711 τῶν
189 685 356 720 τικτομένων
372 686 486 720 πρὸοδον
507 685 635 720 τελευτῆς
650 687 730 719 εὐθὺς
756 687 915 723 διαδεχομέ-

123 740 182 766 νης.
200 732 324 766 Πρόσεισι
343 732 434 758 τοίνυν
448 732 476 758 ὲν
491 734 591 767 συνοχῇ
609 732 781 768 σπλάγχνων,
798 734 846 761 καὶ
868 743 915 761 πι-

123 777 198 811 κρῶν
223 777 348 812 δακρύων
377 778 492 813 ἐπιρροῇ
505 777 543 812 τῷ
559 778 713 814 θαυμαστῷ
735 778 859 814 Συμεὼν,
878 780 913 806 τὰ

122 822 185 848 καθ’
199 821 278 849 αὐτὸν
290 823 471 857 ἀπαγγέλλων
480 832 487 839 ·
497 821 597 853 Καὶὸς,
607 818 754 859 Ἔτι-ἀνηκε,
771 826 838 860 φησὶ
853 827 913 861 χαί-

123 876 189 902 ρων,
205 868 275 902 ἔχων
286 869 334 903 ἤδη
352 869 381 895 τὸ
393 870 503 904 αἰτηθὲν
518 872 549 896 ὲκ
561 869 640 896 Θεοῦ.
657 869 702 905 Τῷ
716 869 744 896 δὲ
758 871 809 906 τὴν
823 871 910 905 ἑπαγ-

121 912 215 947 γελίαν
249 913 286 946 ὡς
314 915 475 949 εὐεργεσίαν
501 916 635 950 αὐτοτελῆ
665 915 805 951 δεξαμένῳ
822 938 830 950 ,
863 917 912 943 καὶ

121 959 216 994 ὥσπερ
236 968 262 986 τι
273 960 362 995 ψυχῆς
375 961 457 996 ἄχθος
474 962 636 997 ἀποθεμένῳ
652 962 805 998 βαρύτατον
815 983 822 994 ,
836 964 912 998 τρεῖς

120 1005 169 1032 ἐπὶ
181 1006 296 1042 θυγατρὶ
310 1007 456 1040 γεννῶνται
473 1008 542 1042 μετὰ
553 1003 640 1034 ταῦτα
656 1008 708 1034 υίοί
721 1016 727 1023 ·
744 1005 782 1034 ὧν
809 1010 823 1034 ὁ
844 1017 910 1043 πρε-

121 1052 253 1086 σὸὑτερος
266 1053 346 1079 πάθει
355 1053 528 1087 δυσεντερίας
545 1053 635 1086 ἁλοὺς,
650 1055 697 1080 καὶ
705 1054 753 1088 τὴν
767 1054 796 1086 ἐξ
806 1053 910 1089 ἀνθρώ-

121 1107 180 1124 πων
195 1099 241 1124 καὶ
254 1098 351 1134 τέχνης
375 1099 511 1132 ἀπογνοὺς
527 1099 687 1134 θεραπείαν,
709 1100 754 1125 ἐπὶ
778 1100 823 1126 τὸν
839 1100 910 1126 θεῖον

120 1142 234 1177 Συμεὼν
265 1143 452 1177 καταφεύγει,
475 1145 521 1170 καὶ
545 1144 583 1176 ὼς
609 1145 690 1171 αὑτὸν
714 1146 910 1180 ἀνακομισθεὶς

120 1188 196 1223 παρὰ
207 1188 252 1214 τοῦ
269 1189 405 1220 τεκόντος,
420 1187 463 1215 οἷα
485 1190 657 1229 μηδἰάρκεῖν
666 1191 756 1227 ἑαυτῷ
775 1191 843 1227 πρὸς
860 1192 910 1227 τὴν

119 1233 233 1268 πορείαν
245 1234 405 1270 δυνάμενος,
422 1235 566 1262 ἐπάνεισιν
578 1236 668 1272 ὑγιής.

155 1323 221 1349 σλα¹.
242 1322 322 1350 Ἀλλὰ
337 1323 385 1359 τὴν
399 1324 442 1350 ἐπ’
452 1323 526 1358 αὺτῷ
540 1323 587 1351 τοῦ
599 1325 702 1360 πατρὸς
718 1325 887 1360 εὐφροσύνην
901 1345 908 1357 ,

118 1368 222 1403 ἀθυμία
235 1369 316 1396 πάλιν
333 1369 482 1404 ἐκδέχεται,
500 1369 585 1405 λήθην
597 1370 644 1396 καὶ
657 1371 743 1405 αὐτῆς
757 1371 910 1404 ἐμποιοῦσα

118 1415 193 1450 (ἐπεὶ
218 1416 265 1442 καὶ
292 1416 413 1449 πέφυκεν
427 1416 487 1442 ὅλον
501 1416 539 1448 ὡς
558 1417 592 1443 τὰ
606 1417 691 1443 πολλὰ
720 1416 842 1450 γίνεσθαι
861 1417 907 1443 τοῦ

118 1461 252 1496 παρόντος
267 1461 297 1487 ἰδ
307 1462 356 1496 τῆς
371 1461 462 1496 ψυχῆς
479 1463 576 1497 χαῖρον
591 1462 607 1497 ἦ
628 1462 837 1497 παΟαινόμενον,
855 1464 908 1490 τῶν

969 231 1033 258 liam
1046 231 1173 265 gravibus
1187 230 1266 257 malis
1292 228 1418 257 liberavit
1432 237 1438 256 :
1451 236 1503 256 non
1522 228 1680 264 despiciens
1694 237 1754 257 eam

967 277 1152 312 negligensve.
1166 275 1239 310 quod
1253 275 1291 304 rei
1307 274 1451 302 familiaris
1476 274 1590 308 penuria
1614 282 1756 309 premere-

969 326 1031 350 tur:
1045 323 1111 356 quin
1127 321 1229 356 potius,
1243 320 1372 355 quoniam
1389 319 1457 346 nihil
1475 319 1530 346 illis
1546 323 1689 353 superaret
1700 319 1756 347 nisi

967 368 1118 402 pauxillum
1132 366 1199 398 vini,
1218 366 1300 400 idque
1311 364 1441 400 fugientis
1457 369 1485 391 et
1508 364 1675 393 secundarii.
1687 364 1754 391 illud

966 413 1080 448 pulvere
1104 419 1154 439 suo
1177 419 1260 440 suave
1280 415 1308 438 et
1334 414 1427 445 aptum
1453 409 1530 444 potui
1547 417 1579 437 ac
1606 409 1754 436 delicatum

966 459 1102 486 reddidit:
1119 462 1201 492 atque
1217 457 1254 484 ita
1265 465 1319 484 non
1331 456 1407 491 parvi
1417 455 1570 488 venditum,
1582 455 1693 483 suﬂ‘ecit
1706 463 1757 483 ne-

966 504 1094 533 cessariis
1108 504 1171 531 vitae
1181 503 1383 538 comparandis.

1001 550 1062 578 230.
1082 550 1162 577 Hisce
1173 549 1285 584 dignum
1302 553 1344 576 est
1369 547 1435 576 illud
1446 548 1518 582 quod
1536 547 1652 575 addatur
1668 557 1674 574 :
1688 547 1755 575 Pre-

966 597 1060 633 sbyter
1088 596 1211 632 quidam,
1240 603 1274 622 ex
1299 602 1366 630 pago
1392 594 1440 628 qui
1470 593 1621 621 vocabatur
1648 593 1755 621 Basilea

965 642 1111 673 oriundus,
1128 650 1191 669 cum
1212 641 1315 668 multos
1327 640 1467 676 genuisset
1481 639 1595 672 liberos,
1608 639 1669 666 sine
1684 639 1756 666 iibe-

965 690 1085 720 riserat,
1104 693 1202 719 morte.
1214 688 1296 716 simul
1314 693 1396 722 atque
1419 687 1486 715 editi
1499 687 1526 714 in
1551 687 1640 714 lucem
1652 691 1753 718 essent.

965 742 1103 770 quemque
1125 738 1287 769 occupaute.
1312 734 1445 767 Properat
1468 733 1552 768 igitur
1576 732 1604 759 in
1629 731 1756 767 angustia

965 779 1058 807 cordis
1073 783 1195 806 torrente
1208 779 1370 806 acerbarum
1384 778 1568 816 lacrymarum
1576 778 1753 812 decurrente,

965 825 999 852 ad
1016 824 1169 852 mirabilem
1184 824 1359 860 Symeonem,
1388 831 1481 850 rerum
1514 831 1626 850 suarum
1651 827 1752 850 statum

964 870 1151 897 nuntiaturus.
1183 868 1233 897 Cui
1262 873 1403 896 sanctus:
1435 868 1586 896 Revertere
1612 867 1752 903 gaudens;

963 923 1124 943 concessum
1135 915 1189 951 jam
1201 915 1251 942 tibi
1267 923 1282 941 a
1295 915 1350 941 Deo
1376 919 1429 946 est,
1448 913 1521 948 quod
1536 914 1650 948 petiisti.
1672 913 1753 940 Exci-

962 960 1003 994 pit
1015 960 1061 987 ille
1073 960 1297 994 promissionem,
1313 964 1343 986 ut
1365 959 1529 986 beneficium
1545 959 1635 994 rcipsa
1662 958 1751 993 impe-

964 1009 1075 1038 tratum,
1087 1010 1114 1033 et
1140 1006 1247 1033 secluso
1275 1005 1370 1033 dolore
1401 1005 1493 1032 cordis
1503 1005 1674 1040 gravissimo,
1698 1008 1753 1032 tres

963 1051 1063 1078 deinde
1078 1051 1150 1078 ﬁlios
1162 1057 1261 1086 prauer
1277 1052 1359 1078 ﬁliam
1376 1051 1524 1086 progignit.
1537 1051 1644 1078 Accidit
1661 1055 1753 1078 autem

963 1096 1071 1124 illorum
1083 1097 1256 1131 grandiorem
1282 1103 1347 1124 natu
1372 1097 1529 1132 dysenteria
1554 1096 1692 1127 laborare,
1706 1096 1754 1123 de-

963 1142 1126 1176 sperarique
1143 1142 1271 1169 humanae
1283 1143 1350 1170 artis
1375 1144 1558 1170 curationem.
1571 1141 1612 1169 Ad
1627 1147 1753 1169 sanctum

962 1187 1128 1223 Symeouem
1153 1189 1238 1223 igitur
1265 1196 1410 1216 recurrere
1442 1189 1551 1216 visum:
1579 1196 1697 1222 eumque
1719 1195 1753 1214 eo

962 1238 1090 1269 portatus
1102 1235 1199 1262 fuisset
1215 1243 1229 1262 a
1245 1235 1417 1269 parentibus,
1434 1239 1529 1269 utpote
1545 1242 1600 1261 non
1615 1233 1753 1261 sulﬁciens
1789 1226 1792 1229 ’

962 1288 1014 1316 per
1030 1281 1103 1308 vires
1115 1289 1178 1308 suas
1196 1281 1300 1312 itineri,
1322 1286 1486 1315 personatus
1502 1281 1596 1308 rediit.

996 1327 1060 1355 251.
1082 1327 1134 1355 Sed
1149 1327 1277 1354 lmtitiam
1301 1327 1373 1362 patri
1398 1327 1463 1354 hinc
1480 1332 1615 1359 exortam,
1643 1335 1754 1355 rursum

962 1381 1070 1401 maeror
1083 1381 1153 1408 pene
1168 1374 1330 1401 exanimans
1347 1373 1442 1405 subiit,
1471 1373 1618 1408 gaudiique
1635 1374 1754 1406 ;induxit

962 1418 1130 1446 oblivionem
1163 1419 1211 1454 (ita
1237 1426 1356 1453 namque
1381 1418 1451 1445 solet
1473 1426 1553 1453 quam
1586 1419 1753 1447 creberrime

962 1465 1032 1497 ﬁeri,
1050 1469 1079 1492 ut
1094 1464 1133 1491 rei
1145 1465 1289 1499 prmsentis
1313 1463 1442 1499 gaudium
1468 1463 1510 1490 vel
1537 1463 1616 1491 dolor
1643 1465 1753 1492 deleant

118 1507 309 1542 προλαϐόντων
320 1507 530 1542 ἁμνημονῆσαν)
541 1516 548 1524 ο
563 1508 684 1544 εὑρίσκει
697 1508 751 1543 γὰρ
764 1508 809 1535 τὸν
819 1509 908 1535 δεύτε-

963 1510 1163 1544 prazteritorum
1179 1509 1350 1539 memoriam)
1366 1517 1372 1533 ε
1394 1507 1629 1542 invenitnamque
1654 1516 1752 1535 secun-

118 1560 165 1588 ρον
179 1552 234 1578 τῶν
247 1552 312 1578 υίῶν
336 1552 422 1583 οὕτως
444 1553 495 1579 ὑπὸ
511 1554 589 1579 νόσου
606 1553 849 1588 κατειργασμένον,
873 1554 910 1586 ὡς

118 1597 167 1625 καὶ
199 1598 323 1631 βοήθειαν
353 1598 396 1624 ἐπ’
419 1597 494 1631 αὐτῷ
529 1599 618 1625 πᾶσαν
644 1599 815 1634 ἀνθρωπίνην
838 1600 909 1625 ἀποι-

118 1643 259 1678 τορεῦσαι.
291 1643 441 1679 Ἀράμενος
476 1643 565 1670 τοίνυν
592 1644 701 1678 κομίζει
724 1644 763 1678 τῷ
797 1645 910 1678 Συμεὼν

116 1689 167 1716 ικαὶ
192 1689 274 1715 αὐτὸν
298 1708 306 1721 ,
337 1689 445 1721 δεικνὺς
469 1689 552 1720 οὔπως
585 1689 641 1724 ἔχει
658 1710 665 1720 ,
695 1690 742 1715 καὶ
783 1690 909 1725 μάρτυρα

118 1734 245 1770 καθάπερ
275 1734 378 1766 οίκείας
414 1735 576 1770 σπλάγχνων
620 1734 714 1769 ὀδύνης
746 1735 917 1774 ποιούμενος,

117 1782 142 1809 εί
166 1781 273 1816 πατὴρ,
305 1780 352 1807 καὶ
384 1780 470 1807 ταῦτα
500 1780 646 1815 φιλόπαις,
675 1780 762 1813 οὕτως
791 1781 849 1808 υἱὸν
863 1781 910 1807 ἀν-

117 1827 207 1862 έχοιτο
228 1827 345 1862 βλέπων.
365 1826 503 1857 Ἐκτείνας
517 1826 662 1862 τοιγαροῦν
680 1827 779 1853 αὐτίκα
792 1826 841 1861 τὴν
867 1826 909 1852 δε-

118 1872 200 1906 ξιὰν,
231 1872 278 1899 καὶ
307 1872 459 1899 τὺνπαῖόα
485 1872 650 1906 σφραγίσας,
675 1872 808 1907 Πορεύου,
841 1872 906 1907 ἔφη,

117 1918 207 1952 ζῶντα
230 1919 276 1946 καὶ
300 1917 380 1944 αὐτὸν
394 1919 423 1944 ὲν
440 1917 552 1953 ὀνόματι
577 1917 696 1953 Χριστοῦ
724 1917 804 1953 ἔχων.
822 1919 851 1945 Ὀ
866 1919 905 1951 δὲ,

117 1962 290 2000 φιλοτεχνίας
306 1964 458 1999 ὑπερὸολῇ,
481 1963 615 1999 μηδαμῶς
632 1964 785 1997 ἀποστῆναι
811 1963 905 1999 βουλό-

117 2019 208 2046 μενος,
225 2010 282 2036 ἀλλ’
298 2010 353 2045 ὅσῳ
378 2009 488 2036 πλείονα
514 2010 610 2044 χρόνον
627 2008 702 2043 αὑτῷ
725 2009 907 2044 παραμείναι,

115 2055 235 2091 τοσούτῳ
261 2055 346 2082 πλείω
373 2056 420 2082 καὶ
443 2054 493 2090 τὴν
505 2053 534 2086 ἐξ
546 2054 629 2081 αὑτοῦ
642 2054 807 2089 κομίσασθαι
822 2055 904 2090 θερα-

117 2099 196 2128 πείαν
220 2101 265 2127 τὸν
289 2101 373 2127 παῖδα
387 2101 516 2136 νομίζωνο
529 2099 710 2135 Συγχὼρησον
734 2100 811 2135 ἡμῖν,
828 2100 904 2127 δοῦλε

117 2145 163 2172 τοῦ
179 2146 256 2178 Θεοῦ,
274 2144 361 2177 εἶπεν,
378 2147 424 2173 ἐπὶ
440 2146 521 2173 πλέον
534 2146 697 2180 προσμεῖναι
715 2155 769 2177 σοι,
783 2146 827 2174 ἵνα
855 2149 902 2173 καὶ

966 1554 1126 1589 dogeuitum
1149 1553 1186 1580 ita
1206 1554 1302 1580 morbo
1314 1553 1490 1584 exhaustum,
1515 1557 1545 1579 ut
1567 1553 1636 1580 nihil
1652 1554 1708 1588 spei
1724 1554 1753 1581 in

965 1600 1084 1627 humana
1096 1608 1147 1634 ope
1158 1603 1325 1633 superesset.
1343 1598 1487 1625 Suhlatum
1504 1598 1589 1632 igitur
1601 1599 1674 1627 hunc
1686 1608 1753 1639 quo-

964 1653 1017 1680 que
1035 1649 1126 1679 portat
1142 1645 1175 1672 ad
1194 1645 1368 1680 Symeonem,
1391 1647 1550 1670 monstrans
1571 1645 1709 1679 quomodo
1723 1653 1753 1673 se

964 1691 1097 1721 haberet;
1116 1694 1142 1717 et
1159 1695 1255 1717 testem
1270 1689 1474 1724 quodammodo
1492 1689 1619 1717 dolorum
1637 1698 1751 1718 suorum

964 1738 1052 1771 ipsum
1076 1736 1182 1768 statuit,
1215 1742 1307 1763 utrum
1334 1735 1420 1769 patris
1450 1734 1560 1762 animus
1587 1739 1614 1762 et
1640 1736 1751 1770 quidem

964 1781 1082 1808 liliorum
1095 1786 1188 1808 tenere
1202 1781 1331 1812 amantis,
1346 1779 1478 1808 intuitum
1488 1780 1577 1814 prolis
1594 1781 1633 1808 sic
1646 1781 1752 1809 allectat

962 1829 1051 1864 possit
1066 1827 1275 1860 sustinere.Qui
1287 1827 1420 1854 continuo
1434 1830 1550 1854 extensa
1576 1836 1657 1855 manu
1685 1828 1751 1855 dex-

962 1879 1021 1902 tera
1036 1881 1151 1909 puerum
1167 1874 1278 1908 signans
1292 1882 1298 1899 2
1313 1873 1397 1906 Vade,
1415 1873 1516 1909 inquit,
1531 1878 1560 1902 et
1583 1874 1658 1901 hunc
1679 1881 1751 1908 quo-

961 1927 1014 1954 que
1031 1919 1058 1946 in
1077 1919 1187 1945 nomine
1202 1918 1304 1945 Christi
1331 1918 1432 1946 habeto
1454 1919 1560 1946 vivum.
1581 1919 1682 1946 Verum
1705 1918 1751 1945 ille

960 1972 1074 1992 excessu
1091 1963 1210 1999 quodam
1222 1963 1324 1990 amoris
1342 1964 1371 1991 in
1390 1963 1495 1998 prolem
1512 1971 1684 1998 nequaquam
1707 1971 1751 1990 re-

961 2010 1059 2038 cedere
1071 2009 1176 2037 voluit:
1191 2009 1239 2036 sed
1256 2012 1332 2036 ratus
1363 2013 1440 2036 tanto
1457 2009 1615 2039 uberiorem
1631 2008 1687 2035 ﬁlio
1700 2008 1750 2035 im-

960 2055 1091 2091 pertitum
1116 2055 1150 2082 iri
1170 2054 1323 2082 curationis
1350 2054 1477 2088 gratiam,
1507 2058 1610 2088 quanto
1631 2053 1750 2088 longiori

960 2105 1084 2136 tempore
1097 2101 1160 2128 istic
1174 2100 1344 2128 substitisset
1360 2110 1364 2126 :
1385 2100 1422 2127 Da
1443 2100 1563 2131 veniam,
1590 2099 1689 2134 inquit,
1707 2099 1749 2127 l‘a-

959 2146 1033 2175 mule
1047 2145 1107 2178 Dei,
1137 2145 1211 2181 quod
1227 2145 1332 2172 diutius
1343 2143 1389 2172 hic
1416 2149 1627 2177 commoremur,
1695 2151 1750 2179 quo

117 2192 314 2227 δαψιλεστέρας
327 2192 377 2227 τῆς
398 2192 474 2227 παρὰ
497 2191 544 2218 σοῦ
566 2191 693 2226 τύχωμεν
713 2191 849 2227 εὐλογίας,
872 2193 905 2228 ἣν

963 2192 1141 2227 copiosiorem
1157 2199 1172 2218 a
1190 2195 1216 2218 te
1231 2190 1466 2223 benedictionem,
1484 2197 1566 2224 quam
1579 2189 1690 2216 dextera
1704 2193 1751 2218 tua

118 2238 183 2273 ἡμῖν
195 2238 211 2272 ὴ
225 2237 299 2269 δεξιά
316 2246 363 2264 σου
378 2237 530 2272 χαρίζεται.

152 2283 406 2320 σλβ¹.Δυσχεράνας
431 2285 522 2312 τοίνυν
553 2286 621 2320 πρὸς
640 2285 726 2313 ταῦτα
742 2287 756 2313 ὁ
780 2286 904 2321 Συμεὼν,

123 2330 277 2364 Ἦπάτησαι
304 2330 348 2356 διὰ
367 2331 416 2365 τῆς
436 2331 577 2362 ἀπιστίας,
594 2331 657 2366 ἔφη,
674 2331 720 2357 καὶ
745 2331 777 2357 σύ
790 2339 797 2346 °
814 2333 830 2366 ἡ
852 2332 906 2366 γὰρ

116 2375 163 2401 τοῦ
175 2375 240 2401 Θεοῦ
253 2375 367 2410 δύναμις
383 2376 432 2402 οὐκ
443 2375 561 2402 ἐνταῦθα
579 2376 670 2410 μόνον,
687 2377 754 2403 ἀλλὰ
771 2377 818 2404 καὶ
836 2374 906 2404 παν-

118 2420 199 2455 ταχοῦ
229 2421 277 2456 τῆς
307 2421 389 2448 αὑτοῦ
418 2422 578 2454 δεσποτείας
598 2421 718 2450 ἁνύουσα
743 2423 904 2458 παραδόξως

116 2467 191 2494 ἐστὶν
207 2467 224 2494 ἃ
237 2467 372 2502 βούλεται·
388 2468 456 2495 ἀλλὰ
469 2470 517 2503 τὴν
532 2470 564 2496 ἐκ
577 2469 626 2504 τῆς
639 2470 740 2502 κόνεὼς
753 2479 804 2505 μου
819 2479 906 2505 σφρα-

117 2513 177 2548 γῖδα
197 2513 298 2546 λαὸὼν,
316 2515 437 2548 ἐπάνηκε
462 2515 544 2550 μηδὲν
564 2515 717 2546 ἐνδοιάζων,
735 2516 792 2542 ἀλλ’
808 2517 905 2547 αὐτοὺς

116 2558 208 2594 ὥσπερ
220 2561 459 2595 ἑντετυπωμένους
470 2561 549 2596 αὐτῇ,
558 2561 628 2588 οὕτω
638 2562 684 2588 καὶ
694 2562 830 2596 παρόντας
838 2562 904 2596 όρᾷν

116 2603 233 2638 νομίζων
248 2605 332 2639 ἡμᾶς.
349 2605 446 2632 Λαΰὼν
458 2606 547 2632 τοίνυν
559 2606 573 2632 ὁ
587 2607 678 2641 πατὴρ
692 2606 742 2641 τὴν
766 2606 902 2641 σφραγῖδα

117 2649 162 2675 καὶ
176 2649 266 2676 οἶκαδε
295 2650 363 2685 μετὰ
388 2649 434 2676 τοῦ
459 2651 553 2682 παιδὸς
568 2651 752 2687 ἀναστρέψας,
783 2653 834 2688 ὁρᾷ
858 2652 904 2679 τὸν

120 2696 193 2729 ἅγιον
208 2695 283 2730 αὐτῷ
297 2696 392 2727 νυκτὸς
407 2696 556 2723 ἐπιστάντα
574 2697 602 2732 (ἡ
625 2697 716 2733 μορφὴ
741 2697 769 2724 δὲ
792 2697 830 2732 τῷ
854 2698 903 2724 Συ-

120 2738 191 2775 μεὼν
204 2740 306 2776 ἑτέρως
320 2742 335 2776 ἢ
349 2742 418 2769 κατὰ
428 2742 458 2768 τὺ
476 2742 591 2778 σύνηθες
604 2740 675 2778 εἶχε)
696 2744 746 2778 τῆς
755 2752 785 2770 τε
799 2744 902 2776 κόνεως

118 2787 146 2813 ιν
162 2787 253 2822 χεροῖν
268 2788 428 2824 κατέχοντα,
448 2789 505 2821 καὶ,
518 2790 549 2817 Τί
572 2789 673 2824 μᾶλλον
687 2789 775 2825 βούλει
799 2790 902 2823 λαὸεἳν,

117 2831 168 2867 τήν
194 2831 319 2866 εὑλογίαν
342 2832 387 2859 τοῦ
420 2833 531 2869 Συμεὼν
557 2834 671 2870 ταᾶτην,
686 2834 699 2871 ἢ
717 2834 765 2870 τὴν
790 2835 901 2869 δεξιάν;

957 2236 1080 2270 impertit
1104 2235 1195 2266 nobis,
1226 2233 1430 2261 nanciscamur.

991 2288 1055 2315 252.
1069 2286 1210 2314 Severiori
1225 2285 1260 2313 ad
1276 2285 1334 2312 haec
1360 2290 1389 2312 et
1407 2292 1482 2319 aegro
1511 2285 1589 2311 vultu
1613 2284 1748 2319 Symeon:

957 2332 997 2360 Tu
1011 2340 1133 2368 quoque,
1146 2331 1195 2363 ait,
1209 2338 1259 2365 per
1278 2329 1460 2357 dillideutiam
1485 2329 1636 2357 aberrasti:
1657 2329 1750 2357 divina

955 2379 1057 2413 quippe
1071 2377 1203 2413 potentia,
1219 2383 1273 2403 non
1289 2376 1342 2402 hoc
1354 2375 1443 2402 solum
1458 2375 1532 2407 loco,
1548 2375 1597 2402 sed
1616 2375 1663 2402 ubi
1680 2375 1749 2403 libet

955 2424 1064 2451 allicere
1080 2422 1245 2450 mirabiliter
1265 2425 1356 2456 potest
1372 2429 1543 2456 quaecunque
1557 2421 1631 2449 vult:
1651 2429 1748 2448 verum

955 2478 988 2498 ex
1003 2470 1116 2505 pulvere
1132 2477 1193 2497 meo
1206 2469 1315 2502 signum
1343 2468 1485 2502 accipiens
1504 2467 1603 2499 redito,
1624 2467 1748 2502 nihilque

955 2515 1084 2543 hasitans
1098 2521 1259 2550 persuasum
1273 2513 1373 2540 habeto
1386 2513 1422 2540 ita
1434 2517 1459 2540 te
1473 2513 1596 2540 visurum
1611 2520 1661 2540 nos
1675 2520 1748 2547 prae-

954 2563 1058 2591 sentes,
1076 2558 1308 2594 quemadmodum
1331 2558 1405 2592 ipsos
1423 2558 1587 2592 impressum
1612 2557 1679 2584 illud
1707 2557 1750 2585 si-

954 2614 1037 2641 gnum
1063 2610 1199 2640 gerentes.
1221 2604 1342 2639 Aecepto
1372 2604 1455 2639 igitur
1481 2605 1536 2639 jam
1557 2603 1630 2631 dicto
1655 2603 1744 2638 signo,

954 2651 1064 2678 domum
1085 2658 1148 2678 cum
1175 2650 1230 2677 [ilia
1258 2648 1359 2676 redivit
1387 2654 1476 2683 pater,
1501 2649 1626 2684 viditque
1648 2653 1746 2677 secuta

953 2702 1033 2724 nocte
1047 2702 1171 2724 sanctqu
1199 2700 1335 2723 astantem
1366 2695 1429 2727 sibi,
1443 2695 1530 2722 forma
1559 2695 1706 2722 admodum
1728 2703 1746 2723 ἢ

955 2743 1035 2770 solita
1050 2743 1237 2776 discrepantc,
1264 2745 1402 2768 tenentem
1431 2740 1559 2767 manibus
1585 2741 1740 2776 pulverem,

955 2790 1237 2822 percunctantcmque
1264 2785 1357 2818 :Quid
1382 2786 1467 2812 mavis
1489 2785 1623 2820 accipere,
1637 2785 1745 2813 hancne

954 2834 1100 2870 Symeouis
1123 2833 1357 2866 benedictionem,
1372 2840 1406 2859 au
1431 2831 1592 2860 dexteram?
1620 2831 1747 2866 Cumque
