1952 3066
93 135 161 169 3201

612 136 701 167 VITA
721 135 745 165 Α
765 134 986 166 NICEPHORO
1005 135 1248 168 CONSCRIPTA.

1658 137 1730 169 3202

94 193 217 221 ἐνιαυτοῦ
232 193 337 220 ἐκείνου
356 193 444 220 καίτοι
457 191 595 228 βαθύτατα
609 193 797 225 πλουτοῦντες,
812 192 890 219 πενέο

945 192 1071 220 ditissimi
1085 198 1188 226 essent,
1216 193 1385 229 pauperrimi
1416 195 1468 223 visi
1492 198 1572 228 sunt,
1601 193 1730 222 erunibus

97 248 189 269 στατοι
200 238 343 275 ὤφθησαν,
357 238 446 274 πάσης
465 238 554 265 αὐτῶν
569 239 663 271 οὐσίας
687 239 809 274 ἐσχάτως
826 238 883 265 δια-

95 284 254 320 φθαρείσης.

941 239 1050 266 tandem
1069 238 1247 268 facultatibus
1261 239 1410 276 dissipatis.

804 342 918 372 CAPUT
939 344 1035 372 XXIX.

295 401 422 428 Absentia
449 404 473 427 et
492 400 608 435 cogitata
623 401 745 436 perspicit
761 409 770 427 :
789 408 836 436 per
858 401 1001 438 discipulos
1021 403 1161 430 medetur:
1177 403 1203 430 in
1218 406 1373 438 tempestate
1390 404 1532 431 succurrit.

132 457 196 485 σλε’.
214 457 338 492 Πέλαγος
356 457 406 493 μὲν
420 454 469 484 οὖν
488 457 623 490 ἐξαντλῶν
634 455 694 484 οἶδα
711 458 838 490 κοτύλαις
849 458 884 485 τὰ

96 502 142 530 τοῦ
157 502 314 537 θαυμαστοῦ
332 501 445 537 Συμεὼν
459 502 548 529 πάντα
563 502 690 534 διεξιέναι
705 503 866 537 φιλονεικῶν
879 513 886 519 ·

97 547 154 574 ἀλλ’
169 547 199 574 οὑ
216 547 322 583 φορητὴ
335 547 415 575 πάλιν
431 548 448 583 ἡ
463 548 518 575 τῶν
533 548 780 584 παραλειπομένων
792 549 888 585 ζημία.

102 594 246 630 Ἐπέμφθη
271 595 325 630 γάρ
348 603 413 621 ποτε
435 594 504 629 πρὸς
519 594 568 630 τὴν
587 595 710 630 βασιλίδα
724 595 802 623 πόλιν
819 595 890 624 κατά

96 649 170 672 τινας
184 640 320 676 θεοφιλεῖς
333 649 363 667 τε
378 641 437 676 ἅμα
453 641 502 668 καὶ
519 640 689 676 ψυχωφελεῖς
706 641 802 676 χρείας
823 649 890 677 πρε-

98 685 227 721 σϐύτερος
242 686 344 721 Θωμᾶς
359 686 408 713 σὺν
424 686 549 722 ἀδελφοῖς
569 686 673 722 ἑτέροις
687 686 747 713 δυσὶ
763 687 828 723 παρ’
841 687 890 714 αὑ-

96 730 154 757 τοῦ.
170 728 222 758 Οἴα
235 730 264 757 δὲ
285 731 361 765 φιλεῖ
373 731 404 757 τὸ
417 731 483 766 περὶ
499 731 545 758 τὸν
569 730 682 767 βασιλέα
699 733 753 759 πᾶν
775 732 887 768 προσίε-

97 776 160 804 σθαι
186 777 248 809 τοὺς
276 777 426 810 τοιούτους,
445 778 493 805 καὶ
520 777 683 814 θεραπεύειν
711 777 756 805 διὰ
773 779 823 814 τὴν
840 778 888 806 τοῦ

97 825 256 860 πέμψαντος
283 825 395 861 ἀρετὴν,
424 825 495 861 ὁρῶν
510 826 524 852 ὁ
537 826 688 862 τηνικαῦτα
708 825 828 861 ἔπαρχος
839 826 889 853 αὒ-

96 871 159 903 τοὺς
173 871 322 906 (Θεόδωρος
338 869 417 903 οὗτος
442 872 456 898 ὁ
486 871 536 907 τὴν
565 872 724 906 ἐπωνυμίαν
750 871 890 906 Πικρίδιος
905 864 927 894 Β

95 914 141 952 ἦν)
157 916 315 952 παρρησίας
331 917 359 943 ἐν
374 915 414 951 τῷ
435 916 560 952 παλατίῳ
587 916 740 951 τυγχάνων,
756 915 889 942 πυνθάνε-

97 971 152 996 ται,
175 961 247 994 τινες
267 962 291 989 οἱ
307 962 419 997 μοναχοὶ
443 963 490 989 καὶ
512 963 584 989 ὅθεν.
604 962 659 989 Καὶ
686 962 790 997 μαθὼν,
806 970 890 998 μετα-

97 1008 221 1035 καλεῖται
244 1008 290 1035 τὸν
314 1008 416 1044 Θωμᾶν
441 1009 610 1044 καταμόνας.
632 1008 720 1036 Πολλὰ
742 1008 808 1043 γοῦν
823 1009 891 1044 περὶ

96 1054 145 1081 τοῦ
165 1054 240 1082 θείου
256 1054 369 1090 Συμεὼν
381 1054 579 1090 διαλεχθέντες,
597 1055 712 1090 συχνοὺς
728 1054 775 1081 τοῦ
801 1054 890 1089 Θωμᾶ

99 1101 147 1127 καὶ
163 1101 288 1137 μακροὺς
301 1101 507 1133 κατατείνοντος
520 1101 627 1136 λόγους,
646 1101 761 1128 πλεῖστά
778 1110 808 1128 τε
824 1101 891 1137 περὶ

98 1147 245 1174 αὐτοῦ-καὶ
260 1147 315 1174 τῶν
325 1147 409 1174 αὐτοῦ
427 1147 588 1182 θαυμασίων
604 1147 655 1174 ὅσα
669 1147 800 1174 ἑκάστοτε
817 1147 891 1183 δρῴη

98 1193 244 1227 διεξιόντος
257 1201 263 1208 ·
281 1194 295 1220 ό
312 1193 432 1229 ἔπαρχος
459 1187 604 1225 ἐκκαυθεὶς
631 1193 681 1229 τὴν
700 1193 815 1228 καρδίαν
835 1194 891 1225 τοῖς

99 1240 164 1275 περὶ
177 1240 259 1267 αὐτοῦ
272 1239 448 1275 διηγήμασιν,
465 1239 524 1271 ὅλος
539 1247 569 1266 τε
581 1239 632 1273 τῆς
648 1239 687 1271 εἰς
696 1239 777 1266 αὐτὸν
791 1239 890 1275 ἐκκρε-

100 1286 215 1321 μασθεὶς
244 1286 373 1320 πίστεως,
399 1285 511 1321 Χαλεπή
543 1294 587 1321 με,
621 1285 691 1320 πρὸς
719 1286 765 1312 τδν
789 1285 891 1320 Θωμᾶν

99 1332 163 1367 ἔφη,
184 1333 261 1364 νόσος
286 1332 334 1359 καὶ
354 1332 458 1368 κρυφία
479 1331 578 1364 πιέζει,
595 1330 664 1366 πρὸς
685 1331 719 1366 ἢν
741 1330 784 1357 διὰ
802 1331 891 1366 πάσης

99 1377 184 1404 ἐλθὼν
213 1378 338 1413 μηχανῆς
368 1386 398 1404 τε
426 1378 473 1404 καὶ
495 1377 603 1412 τέχνης,
621 1377 675 1403 οὐδ’
693 1376 781 1403 ὁτιοῦν
793 1374 848 1407 οἷός
862 1384 892 1402 τε

100 1422 236 1457 κατέστην
251 1423 342 1457 εὑρεῖν
358 1421 405 1449 τοῦ
423 1420 510 1448 κακοῦ
524 1422 670 1457 φάρμακον
680 1428 688 1436 ·
706 1417 765 1447 εἶτα
782 1421 827 1447 καὶ
842 1420 891 1446 αὐ-

99 1469 147 1496 τοῦ
163 1469 274 1505 μεσίτου
299 1469 392 1503 τυχεῖν
408 1460 492 1494 ἐδεῖτο
508 1467 627 1502 θερμῶς,
645 1466 716 1493 ὥστε
730 1467 763 1493 δι’
779 1467 892 1493 ἐπιστο-

99 1514 151 1549 λῆς
177 1514 212 1541 τὰ
241 1513 303 1541 καθ’
324 1514 421 1540 ἑαυτὸν
447 1513 545 1548 ἐκείνῳ
569 1513 752 1548 γνωρίσαντα,
773 1512 891 1548 κομίσα-

100 1560 162 1588 σθαι
184 1560 232 1587 καὶ
258 1560 306 1595 τὴν
337 1559 496 1595 θεραπείαν.
518 1558 572 1586 Τοῦ
600 1558 637 1591 δὲ,
674 1558 766 1593 ἥτιςὴ
794 1559 892 1592 νόσος,

100 1607 233 1642 ἐρομένου
247 1615 254 1622 ·
281 1606 383 1641 ὲλεεινῇ
399 1606 412 1632 ὁ
426 1605 546 1640 ἔπαρχος
577 1603 720 1631 ὑπολαϐὼν
741 1605 774 1639 τῇ
803 1606 889 1640 φωνῇ,

101 1651 204 1683 Πάντα,
221 1651 315 1686 φησὶν,
330 1647 371 1682 οἷς
391 1651 541 1684 τρέψομαι,
554 1650 593 1681 είς
608 1646 678 1684 αἷμα
704 1651 894 1684 μεταποιεῖται

101 1697 148 1724 καὶ
173 1697 296 1731 μακροὺς
327 1695 482 1730 σκώληκας,
497 1695 515 1730 ἦ
531 1704 563 1721 τε
591 1695 646 1722 τῶν
662 1695 737 1727 ἐντὸς
753 1695 845 1730 ὀδύνη,
863 1695 893 1721 οὐ

102 1741 184 1778 ῥᾳδία
199 1742 305 1777 φέρειν,
321 1741 544 1776 διαὸοσκομένων
565 1750 599 1776 με
612 1741 667 1767 τῶν
684 1741 844 1776 σκωλήκων,
865 1741 894 1767 '0

100 1788 142 1820 δὲ,
162 1787 330 1822 Γνωριστέον
353 1787 412 1822 μὲν,
424 1787 462 1818 ὡς
477 1787 557 1821 ἔφης,
570 1786 657 1814 ταῦτα
682 1787 729 1814 καὶ
751 1786 791 1822 τῷ
806 1787 892 1822 μεγά-

102 1834 153 1870 λῳ,
168 1833 238 1869 πλὴν
263 1833 320 1860 ἀλλ’
336 1833 394 1859 ἐστι
423 1833 488 1868 παρ’
514 1834 580 1868 ἡμῖν
605 1832 661 1859 τῶν
687 1832 768 1868 ιερῶν
787 1832 892 1859 ἐκείνου

102 1878 205 1915 τριχῶν
232 1878 280 1905 καὶ
309 1878 358 1913 τῆς
385 1877 496 1910 κόνεως,
512 1874 553 1909 οἷς
580 1877 651 1913 ὕδωρ
667 1877 823 1904 ὲπιϐαλόντι
845 1876 894 1903 καὶ

103 1925 157 1961 πρὸ
171 1925 264 1952 σιτίων
279 1925 380 1955 πιόντι,
397 1923 523 1958 οὐδαμῶς
536 1921 612 1959 οἶμαι
628 1923 821 1959 μεταμελήσει.

103 1971 217 2003 pulvere
245 1968 402 2007 quidpiam;
424 1978 494 2006 quos
522 1970 544 1998 si
580 1971 643 2006 quis
680 1970 826 1998 miscuerit
853 1975 917 1996 cum

103 2018 246 2052 poeniteat.

140 2062 210 2093 σλςῆ
224 2063 277 2090 Τοῦ
295 2063 323 2090 δὲ
337 2061 409 2090 κατὰ
420 2062 469 2094 τὰς
487 2062 627 2098 ὑποθήκας
648 2060 832 2097 πεποιηκότος
845 2080 853 2094 ,
877 2061 894 2096 ἥ

103 2118 134 2137 τε
149 2108 197 2136 τοῦ
218 2109 334 2144 αἵματος
350 2108 428 2144 ῥύσις
451 2109 586 2141 πέπαυτο,
603 2108 650 2135 καὶ
665 2108 693 2135 αἱ
708 2108 762 2134 τῶν
788 2107 896 2142 σκωλή-

104 2164 161 2182 κων
187 2154 280 2185 ὠδῖνες
297 2154 420 2187 ἐσὸεστο,
440 2154 488 2180 καὶ
501 2155 517 2189 ή
531 2154 607 2186 νόσος
624 2153 706 2185 εὐθὺς
729 2153 895 2188 ἀπελήλατο.

974 460 1038 488 255.
1059 461 1158 489 Totum
1172 470 1249 490 mare
1268 462 1359 490 situlis
1375 462 1523 489 exhaurire
1539 461 1659 494 noverit,
1684 460 1732 498 qui

938 506 1032 534 omnia
1047 506 1191 543 Symeonis
1206 507 1346 535 mirabilia
1360 507 1388 534 in
1408 507 1497 534 lucem
1519 506 1643 542 proferre
1664 513 1732 534 con-

938 553 1060 581 tenderit
1072 561 1078 580 :
1091 557 1119 580 at
1133 553 1260 581 similiter
1271 553 1487 588 incomparabile
1500 552 1631 580 damnum
1639 551 1732 583 fuerit,

939 599 1090 635 quidquam
1108 607 1124 627 a
1145 599 1300 628 scientibus
1317 599 1501 634 praetermitti.
1524 597 1623 625 Missus
1650 598 1734 632 igitur

941 645 1090 680 aliquando
1106 644 1134 672 in
1150 645 1254 680 regiam
1268 644 1366 672 urbem
1381 652 1397 671 a
1413 648 1509 671 sancto
1529 643 1664 678 Symeone
1681 643 1734 670 fuit

941 691 1086 727 presbyter
1102 691 1222 718 Thomas
1237 698 1301 718 cum
1322 690 1457 718 fratribus
1478 689 1598 722 duobus,
1622 696 1733 724 compa-

941 743 1054 765 raturus
1066 737 1192 773 quaedam
1207 738 1241 766 ad
1267 737 1316 765 Dei
1338 737 1550 771 animarumque
1571 744 1651 763 usum
1671 743 1734 771 spe-

940 783 1054 812 ctantia.
1080 783 1216 819 Cumque,
1236 788 1268 811 ut
1283 783 1343 811 ﬁeri
1358 783 1439 816 solet,
1452 791 1467 810 a
1482 786 1537 810 tota
1555 782 1617 810 aula
1634 782 1734 809 admit-

941 833 1068 857 terentur
1084 829 1310 864 colerenturque,
1329 833 1443 864 propter
1460 828 1534 855 illius
1553 836 1568 855 ει
1585 835 1640 863 quo
1657 827 1734 855 missi

941 879 1022 904 erant
1033 875 1135 903 famam
1147 895 1154 908 ,
1181 876 1252 903 vidit
1271 883 1319 902 eos
1336 875 1383 910 qui
1406 878 1472 902 tunc
1492 873 1639 909 prafectus
1658 873 1736 901 urbis

941 925 1002 948 erat
1027 920 1192 948 Theodorus
1219 920 1342 952 nomine,
1382 924 1566 954 cognomento
1587 918 1734 951 Picridius,

941 967 1107 995 auctoritate
1120 967 1238 1002 pollens,
1251 971 1335 1001 atque
1352 966 1546 1001 interrogavit,
1561 965 1673 1000 quinam
1688 965 1735 993 isti

940 1013 1032 1041 forent
1047 1013 1173 1041 monachi
1193 1017 1222 1040 et
1236 1012 1320 1040 unde.
1342 1012 1465 1040 Edoctus
1488 1011 1606 1046 singula,
1625 1019 1737 1039 sevoca—

940 1060 981 1087 vit
1001 1059 1117 1087 seorsim
1138 1059 1283 1087 Thomam.
1309 1058 1379 1087 Cum
1396 1063 1487 1087 autem
1511 1059 1639 1094 pluribus
1664 1058 1739 1087 inter

941 1111 971 1132 se
984 1103 1018 1131 de
1035 1109 1130 1132 sancto
1150 1105 1287 1140 Symeone
1308 1105 1439 1140 egissent,
1462 1110 1491 1132 et
1517 1104 1684 1138 prolixiores
1700 1103 1734 1130 de

942 1149 989 1177 illo
1009 1150 1129 1177 Thomas
1159 1155 1316 1185 pertexeret
1343 1158 1498 1182 sermones,
1531 1157 1615 1184 super
1642 1150 1735 1177 omnia

942 1194 1032 1230 ipsum
1048 1199 1075 1222 et
1095 1195 1228 1222 miracula
1246 1203 1307 1230 quae
1320 1195 1445 1230 quotidie
1460 1195 1580 1222 faciebat
1599 1203 1738 1222 commen-

943 1241 1029 1268 dans:
1047 1241 1194 1276 prmfectus
1207 1241 1392 1268 inflammatus
1409 1240 1492 1268 corde
1509 1241 1611 1268 talibus
1638 1248 1736 1267 narra-

944 1287 1075 1318 tionibus,
1091 1291 1202 1322 totaque
1218 1287 1245 1314 in
1258 1287 1347 1322 ipsum
1366 1286 1465 1314 fiducia
1478 1291 1605 1314 erectus:
1633 1286 1736 1314 Dillici-

942 1333 987 1364 lis,
1003 1333 1094 1368 inquit
1108 1333 1242 1360 Thomam
1256 1334 1410 1368 alloquens,
1425 1341 1469 1360 me
1482 1337 1510 1360 et
1534 1332 1660 1360 occultus
1672 1340 1736 1367 pre-

943 1377 994 1404 mit
1010 1377 1141 1411 morbus;
1159 1379 1238 1413 cujus
1253 1385 1336 1406 causa
1351 1385 1447 1405 omnes
1457 1377 1573 1405 adhibui
1594 1378 1737 1404 machinas

943 1427 971 1449 et
982 1427 1067 1454 artes,
1083 1422 1130 1450 sed
1143 1423 1267 1450 laboravi
1282 1423 1309 1450 in
1323 1431 1435 1455 vanum.
1450 1423 1525 1451 nulla
1541 1423 1605 1450 mali
1624 1423 1737 1449 inventa

944 1468 1060 1495 medela.
1078 1468 1183 1496 Deinde
1198 1469 1392 1496 ardentissime
1405 1468 1495 1503 petiit,
1509 1473 1539 1496 ut
1565 1469 1662 1496 liceret
1681 1467 1736 1495 sibi

945 1521 994 1549 per
1007 1514 1152 1549 epistolam
1163 1522 1256 1542 rerum
1279 1522 1391 1542 suarum
1416 1519 1520 1542 statum
1545 1519 1642 1542 sancto
1664 1514 1738 1542 indi-

945 1567 1018 1590 care,
1035 1567 1089 1593 quo
1106 1559 1279 1587 curationem
1302 1560 1452 1596 impetrare
1478 1560 1513 1587 ab
1527 1560 1587 1595 ipso
1617 1568 1739 1587 merere-

944 1608 1000 1631 tur.
1013 1604 1202 1640 lnterrogante
1214 1610 1307 1633 autem
1323 1606 1429 1632 Thoma
1445 1614 1451 1632 :
1469 1605 1571 1640 Ecquis
1599 1606 1644 1632 ille
1662 1614 1738 1633 mor-

942 1649 995 1676 bus
1014 1654 1107 1684 esset,
1130 1650 1284 1677 miserabili
1297 1651 1469 1686 respondens
1500 1659 1568 1678 voce
1588 1660 1594 1677 :
1628 1650 1737 1683 Omnia,

944 1693 1045 1728 inquit,
1071 1694 1240 1722 nutrimenta
1262 1703 1323 1722 mea
1344 1695 1372 1721 in
1389 1695 1552 1730 sanguinem
1582 1699 1610 1722 et
1642 1695 1739 1730 longos

943 1737 1097 1766 lumbricos
1122 1744 1338 1767 convertuntur:
1370 1741 1473 1776 quippe
1504 1741 1612 1768 viscera
1633 1741 1740 1768 arrodit

946 1785 1034 1817 dolor,
1051 1786 1124 1813 haud
1138 1785 1220 1814 facile
1242 1787 1353 1814 tolerari
1379 1791 1485 1823 potest,
1508 1787 1563 1815 illis
1591 1795 1634 1815 me
1656 1787 1739 1822 depa-

947 1831 1099 1858 scentibus.
1115 1831 1165 1859 Cui
1182 1831 1322 1859 Thomas:
1340 1832 1526 1868 Signiﬁcanda
1538 1833 1598 1860 haec
1625 1832 1738 1867 quidem

948 1881 1023 1909 sunt,
1051 1881 1081 1904 ut
1110 1878 1215 1913 inquis,
1245 1886 1344 1915 magno
1374 1879 1520 1915 Symeoni;
1547 1884 1739 1907 verumtamen

949 1923 1028 1950 adest
1058 1923 1139 1952 nobis
1159 1933 1270 1960 quoque
1304 1933 1320 1953 e
1341 1926 1428 1953 sacris
1451 1926 1525 1953 illius
1552 1925 1678 1953 crinibus
1707 1932 1740 1952 ac

953 1976 1034 2004 aqua,
1065 1969 1241 2005 biberitque,
1264 1974 1332 2006 puto
1355 1971 1413 1998 fore
1445 1975 1475 1998 ut
1505 1978 1569 1998 eum
1594 1969 1659 1998 facti
1683 1977 1739 1997 non

981 2059 1044 2087 256.
1069 2060 1194 2088 Credidit
1210 2061 1355 2096 praefectus
1372 2061 1454 2089 dictis
1469 2061 1598 2089 Thomze:
1626 2067 1654 2090 et
1676 2070 1738 2090 ces-

945 2105 1016 2132 savit
1033 2105 1107 2133 illico
1135 2106 1225 2133 fluxus
1243 2106 1394 2141 sanguinis,
1416 2105 1525 2134 dolores
1547 2107 1683 2134 vermium
1693 2108 1734 2134 le-

945 2151 997 2178 niti
1014 2156 1089 2185 sunt,
1115 2151 1261 2186 omnisque
1271 2152 1406 2187 aegritudo
1421 2152 1546 2187 depulsa.
1559 2152 1660 2180 Verum
1674 2161 1738 2180 cum

109 2201 140 2227 '0
163 2198 228 2234 γοῦν
252 2200 370 2234 ἔπαρχος
408 2200 537 2233 φυσικαῖς
572 2199 643 2234 ὀρῶν
672 2198 769 2226 ἑαυτὸν
793 2198 892 2231 ἐξόδοις

946 2196 1057 2224 videret
1074 2204 1185 2224 secessu
1200 2197 1318 2224 naturali
1336 2205 1365 2224 se
1396 2197 1530 2232 deinceps
1545 2198 1584 2225 uti
1598 2217 1606 2230 ,
1629 2198 1739 2234 gravior

103 2245 153 2272 τοῦ
167 2245 260 2272 λοιποῦ
278 2245 428 2280 χρώμενον,
441 2246 469 2271 ὲν
481 2244 556 2280 φόϐῳ
573 2245 676 2272 πλείονι
695 2244 743 2271 τοῦ
761 2243 895 2279 προτέρου

104 2291 283 2326 γεγόνει,καὶ
309 2290 354 2317 τὸν
373 2290 473 2326 Θωμᾶν
490 2291 527 2322 ὡς
551 2289 608 2326 εἷχε
637 2289 894 2326 μεταστειλάμενος,

104 2337 219 2364 δεδιέναι
244 2338 291 2363 καὶ
313 2337 425 2372 τρέμειν
442 2336 529 2370 ἔλεγε,
547 2337 585 2371 μὴ
612 2336 724 2363 ἂλλοθεν
748 2337 773 2363 οἱ
791 2335 897 2370 σκώλη-

105 2393 154 2415 κες
169 2383 251 2410 αὐτὸν
266 2383 454 2418 ὰναῤῥήξωσι,
465 2382 519 2409 τῶν
535 2383 604 2409 κατὰ
620 2382 701 2417 φύσιν
715 2382 813 2415 ἐξόδων
828 2383 897 2409 ἀπο-

106 2428 286 2460 κλεισθέντες.
301 2428 357 2454 Καὶ
375 2425 429 2463 (οἷα
450 2427 572 2461 πέφυκεν
588 2427 633 2455 ἀεὶ
651 2428 779 2463 μέγιστος
813 2428 896 2454 πᾶσιν

105 2473 260 2510 ἀνθρώποις
290 2473 447 2509 ἐγγίνεσθαι
475 2473 576 2508 φόὸος,
593 2473 657 2500 ὅταν
680 2474 745 2509 περὶ
765 2473 796 2500 τδ
818 2473 868 2510 ζῇν
883 2474 896 2500 ό

106 2521 229 2553 κίνδυνος
256 2519 286 2558 ᾖ,
306 2520 447 2555 φείδεσθαί
480 2528 510 2546 τε
540 2520 653 2554 μηδενὸς
677 2520 840 2555 τηνικαῦτα,
859 2520 898 2556 μὴ

106 2567 201 2599 πόνου,
220 2565 258 2602 μὴ
274 2565 411 2601 καμάτου,
441 2564 478 2600 μὴ
493 2564 681 2600 ἀναλώματος,
698 2565 722 2592 εί
737 2565 784 2592 καὶ
803 2565 833 2591 τὺ
850 2565 896 2591 δύ-

106 2611 206 2639 νασθαι
223 2611 340 2646 μάλιστα
351 2610 456 2642 τούτοις
478 2609 577 2645 προσῇ)
593 2612 617 2638 ει
635 2609 672 2645 μὴ
693 2610 740 2636 καὶ
765 2609 805 2645 τῷ
829 2610 898 2645 ἁγίῳ

105 2658 270 2694 γνωρισθείη
292 2657 326 2684 τὰ
356 2657 416 2684 κατ’
445 2657 538 2690 αὑτὸν,
556 2656 606 2683 οὐκ
635 2657 738 2683 ἀνεκτὰ
767 2657 896 2683 ἐποιεῖτο.

107 2704 251 2740 Γέγραπτο
274 2704 323 2739 μὲν
340 2701 388 2729 οὖν
408 2704 426 2737 ή
444 2702 584 2738 ἐπιστολὴ,
605 2702 757 2738 ἡτοίμαστο
779 2703 808 2729 δὲ
824 2703 869 2730 καὶ
884 2704 899 2730 ὁ

107 2751 177 2787 πρὸς
193 2749 275 2777 αὐτὸν
289 2749 447 2784 πέμπεσθαι
478 2749 582 2784 μέλλων
594 2755 601 2762 ·
619 2749 677 2776 ἀλλ’
692 2750 709 2784 ή
734 2749 839 2776 ἐκείνου
860 2749 898 2776 δι-

107 2799 203 2834 όρισις
214 2796 368 2831 προφθάνει
387 2796 436 2822 καὶ
464 2795 514 2831 τὴν
527 2795 618 2822 αὐτῶν
644 2794 775 2828 ἱκετείαν,
792 2795 839 2822 καί
854 2803 897 2827 τις

106 2847 136 2872 έν
157 2842 276 2878 τοσούτῳ
300 2843 379 2878 φοιτᾷ
402 2842 467 2878 παρ’
481 2841 575 2876 αὑτοῦ,
591 2841 639 2868 ὅσα
655 2849 684 2867 τε
699 2841 767 2876 πρὸς
783 2840 828 2868 τὸν
845 2840 903 2868 Θω-

948 2243 1041 2277 priore
1058 2243 1150 2278 ipsum
1172 2243 1288 2271 incessit
1310 2247 1419 2271 metus:
1435 2238 1629 2280 accersitoque
1653 2253 1738 2280 quam

945 2289 1089 2316 celerrime
1112 2289 1229 2323 Thoma,
1253 2289 1321 2316 dicit
1344 2289 1394 2322 illi,
1408 2290 1503 2318 Vereri
1530 2298 1558 2318 se
1573 2295 1655 2326 atque
1680 2295 1738 2319 tre-

947 2341 1033 2366 mere,
1059 2342 1094 2361 ne
1110 2342 1228 2368 vermes,
1240 2335 1362 2362 naturali
1375 2343 1485 2363 secessu
1500 2335 1656 2370 obstructo,
1672 2337 1738 2365 alibi

945 2384 1071 2406 ventrem
1084 2380 1267 2414 perrodcrent
1279 2388 1285 2406 :
1300 2384 1328 2407 et
1341 2380 1584 2415 (quemadmodum
1595 2383 1739 2409 consuevit

947 2433 1056 2461 semper
1070 2425 1186 2453 validior
1209 2433 1305 2454 omnes
1326 2434 1462 2462 occupare
1495 2432 1596 2460 metus,
1628 2428 1740 2462 quando

947 2471 1003 2498 vita
1019 2471 1203 2506 periclitatur,
1223 2479 1277 2499 non
1307 2477 1453 2508 parcentes
1482 2474 1531 2500 ulli
1549 2474 1600 2507 rei,
1625 2482 1681 2501 non
1698 2474 1739 2501 la-

947 2515 1019 2548 bori,
1037 2524 1092 2544 non
1117 2516 1319 2552 defatigationi,
1345 2524 1401 2544 non
1431 2518 1599 2552 sumptibus,
1626 2517 1736 2544 etiamsi

948 2562 1022 2598 quod
1039 2562 1157 2590 maxime
1174 2562 1307 2598 prodesse
1317 2567 1419 2598 potest,
1445 2563 1479 2590 ad
1497 2571 1609 2590 manum
1633 2563 1679 2597 sit)
1696 2563 1741 2589 in-

948 2608 1104 2636 tolerabilia
1117 2608 1294 2635 existimabat
1313 2609 1417 2642 omnia,
1433 2609 1486 2636 nisi
1500 2617 1561 2644 quae
1583 2616 1612 2636 se
1634 2613 1742 2644 specta-

950 2655 1016 2682 bant
1032 2658 1127 2682 sancto
1138 2653 1370 2690 signiﬁcarentur.
1388 2656 1503 2682 Exarata
1528 2654 1612 2690 igitur
1624 2654 1740 2689 epistola

949 2705 1001 2734 est,
1022 2705 1251 2736 comparatusque
1266 2701 1313 2736 qui
1327 2701 1402 2728 illam
1424 2701 1458 2728 ad
1489 2700 1654 2737 Symeonem
1676 2708 1740 2735 pcr-

949 2748 1045 2775 ferret.
1061 2747 1164 2775 Verum
1178 2747 1377 2782 perspicacitas
1393 2747 1468 2775 illius
1484 2747 1585 2775 horum
1601 2747 1683 2774 etiam
1698 2746 1738 2773 le-

949 2794 1089 2830 gationem
1107 2793 1262 2828 supplicem
1276 2793 1421 2829 praevertit
1437 2793 1558 2829 :aliquis
1567 2793 1642 2820 enim
1655 2800 1669 2819 a
1684 2791 1736 2825 Sy-

958 2847 1057 2868 meone
1076 2839 1238 2873 adveniens,
1256 2840 1443 2875 particulatim
1458 2841 1551 2868 omnia
1576 2848 1636 2876 qua:
1664 2845 1744 2876 gesta
