1952 3066
239 143 311 175 3203

845 142 874 173 S.
895 141 1085 173 SYMEONIS
1103 142 1285 175 JUNIORIS

1790 145 1858 177 3204

235 205 326 232 erant,
342 199 519 236 signiﬁcavit,
535 205 661 234 quaenam
677 197 786 226 scilicet
800 206 815 226 ο
827 198 958 234 praefecto
982 199 1024 226 di-

1079 201 1132 236 μᾶν
1144 200 1183 236 τῷ
1198 200 1312 236 ἐπάρχῳ
1338 200 1456 236 λεχθείη,
1482 200 1528 228 καὶ
1541 201 1579 232 ὡς
1600 200 1690 236 δοθείη
1709 201 1857 238 παράὺτοῦ

234 250 278 274 cla
291 245 402 273 Thomas
422 246 555 279 fuissent;
572 244 712 280 quomodo
743 245 777 272 ab
802 245 854 272 hoc
881 253 953 280 aqua
985 245 1024 272 illi

235 292 310 324 data,
329 293 414 319 sacris
443 291 589 325 Symeonis
600 291 726 318 crinibus
750 296 777 318 et
791 292 903 326 pulvere
921 291 1024 319 sancti-

235 338 333 370 ﬁcata;
372 338 512 372 quomodo
542 337 660 364 bibisset
690 337 909 372 dispulissetquc
933 337 1025 365 statim

237 380 361 408 dolorem
377 389 507 408 omnem:
523 381 624 408 deinde
640 381 769 408 hortatus
780 389 891 416 quoque
903 387 945 408 est
955 390 1025 416 prae-

238 426 352 458 fcctum,
370 434 404 453 ne
418 427 476 453 haec
484 427 531 454 Dei
545 427 678 453 miracula
690 426 854 461 ncgligerct,
871 427 1025 462 adjecitque

234 472 369 507 quidquid
385 476 517 507 pneterea
533 480 548 499 e
565 479 594 500 rc
606 473 706 499 animae
722 472 798 499 illius
818 471 877 499 fore
893 472 1024 507 putabat;

235 518 290 545 imo
303 518 385 545 etiam
400 518 575 545 conﬁrmavit
590 518 629 545 illi
648 518 807 547 sanitatem.
835 525 896 552 quae
909 522 936 545 et
958 525 1025 545 con-

237 563 342 591 tinuata
353 569 395 591 est
410 572 497 598 usque
514 565 547 591 ad
566 568 683 591 mortem
701 563 763 590 viri.
783 563 828 592 Sic
841 565 925 599 igitur
939 564 1027 592 mani-

235 609 336 636 festum
351 613 404 640 est,
418 609 492 644 quod
506 617 567 644 qua:
582 610 694 637 volebat
708 609 839 645 Symeon,
869 611 950 645 longe
977 610 1026 638 ab—

237 663 300 682 sens
324 654 350 681 in
373 655 473 689 spiritu
495 655 613 687 videret,
634 659 662 682 ct
677 655 791 690 quidem
807 659 861 682 tam
873 655 1026 690 perspicue

237 709 268 728 ac
285 701 307 728 si
321 709 414 728 coram
431 707 614 736 gererentur:
638 701 871 736 quemadmodum
884 702 1027 737 sequentia

236 748 320 774 etiam
336 747 487 774 declarant.

270 792 334 819 257,
358 792 469 819 Morbus
497 793 647 828 aliquando
675 793 808 829 pestilens
840 794 1025 830 grassabatur,

236 839 338 865 multos
354 839 483 866 homines
495 839 665 874 depascens:
683 848 738 876 quo
754 841 870 876 contigit
880 841 964 868 ﬁliani
976 848 1026 868 cu-

233 884 344 919 jusdam
361 885 476 920 Evagrii
498 885 553 920 (65)
586 887 670 913 etiam
704 886 819 921 corripi.
843 887 910 914 Erat
935 891 1026 914 autem

236 930 370 965 Eragrius
385 931 436 958 iste
452 930 653 959 Scholasticus.
668 932 803 965 Quoniam
818 941 884 960 vero
904 933 1025 967 Epipha-

236 976 299 1003 nius
314 976 437 1010 quidam,
456 977 503 1011 qui
522 985 570 1012 per
581 978 608 1004 id
625 983 734 1013 tempus
749 979 895 1013 gentilium
922 978 1026 1005 errori-

236 1022 288 1048 bus
304 1022 445 1049 adhaerere
466 1023 622 1055 dicebatur,
646 1024 718 1050 nihil
738 1024 907 1050 incommodi
936 1023 1026 1058 quoad

235 1067 307 1095 ﬁlios
321 1074 395 1096 recte
409 1069 558 1102 habentes,
572 1074 735 1104 pateretur:
753 1070 901 1097 subierunt
916 1069 1025 1106 Evagrii

234 1115 356 1142 animum
368 1116 550 1150 cogitationes
564 1116 731 1151 blasphemm
745 1116 852 1152 (quales
864 1124 925 1143 esse
936 1117 1026 1144 solent

235 1161 346 1195 maligni
365 1161 498 1188 daemonis
513 1161 703 1196 deceptiones)
717 1170 750 1189 ex
763 1162 921 1189 vehementi
932 1162 1024 1195 nimis,

235 1212 289 1239 quo
304 1205 385 1232 ﬁliam
398 1205 554 1237 adornabat,
580 1206 680 1233 atl‘cctu
714 1206 857 1239 subnatte;
888 1206 1026 1241 quomodo

235 1259 333 1286 nempe
347 1251 444 1287 religio
458 1259 508 1278 sua
521 1252 676 1287 Epiphanio
696 1252 801 1280 faceret
816 1253 850 1279 ad
875 1253 959 1280 vitam
986 1257 1026 1279 at-

234 1305 288 1332 que
303 1297 523 1325 incolumitatem
540 1297 670 1325 filiorum.
689 1299 729 1325 Ex
755 1299 910 1326 istiusmodi
934 1303 1025 1325 autem

234 1343 452 1378 cogitationibus
467 1348 560 1371 motus
586 1351 617 1371 ac
647 1348 795 1378 tempestas
819 1345 968 1371 vehemens
998 1344 1024 1370 in

235 1389 326 1415 anima
345 1389 396 1415 viri
412 1390 552 1417 concitata
569 1383 621 1422 est,
633 1397 687 1416 non
705 1390 765 1416 leve
793 1389 847 1416 sibi
870 1389 1025 1424 periculum

235 1435 364 1462 creantis.
380 1435 552 1470 Cognoverat
576 1436 634 1462 haec
671 1435 699 1461 in
728 1435 827 1470 spiritu
854 1435 981 1471 Symeon.
998 1442 1026 1462 et

234 1479 362 1515 Evagrio,
378 1489 426 1514 pro
438 1480 481 1507 sui
502 1480 529 1507 in
558 1482 648 1515 ipsum
683 1480 816 1515 singulari
842 1481 1025 1515 propensione

234 1525 330 1557 animi,
344 1526 429 1560 jussit
458 1525 584 1552 indicari.
607 1525 756 1559 Obstupuit
784 1525 828 1552 illc
847 1525 957 1553 insolita
984 1525 1024 1552 rei

234 1571 368 1603 novitate,
387 1571 527 1606 quomodo
543 1572 600 1604 illa,
613 1580 673 1606 quae
689 1571 716 1598 in
742 1571 833 1598 cordis
857 1572 899 1599 sui
916 1579 1023 1599 recessu

235 1620 334 1646 intimo
353 1619 488 1652 latebant,
508 1619 693 1647 innotuissent
706 1619 834 1654 Symconi
847 1627 853 1652 ;
867 1625 1024 1654 correptus~

234 1673 287 1700 que
302 1665 401 1692 timore
431 1670 458 1692 et
483 1665 668 1700 paenitudine,
695 1666 816 1693 accurrit
830 1666 863 1693 ad
888 1671 1023 1697 sanctum,

233 1711 362 1747 lacrymis
374 1717 455 1746 atque
479 1712 563 1738 animi
577 1711 678 1739 affectu
703 1712 790 1747 magis
819 1720 903 1747 quam
929 1712 1024 1746 lingua

233 1762 262 1784 et
274 1757 356 1784 labiis
377 1765 435 1784 rem
457 1758 611 1784 conﬁtens:
639 1757 841 1793 impetrataque
865 1766 921 1785 non
945 1758 1025 1785 venia

235 1802 328 1833 modo,
355 1802 403 1830 sed
428 1803 512 1830 etiam
538 1803 662 1830 remedio
683 1807 780 1831 contra
803 1809 958 1838 peccatum,
983 1811 1024 1831 rc-

233 1855 332 1875 versus
347 1853 398 1875 est.

271 1893 334 1920 '258.
358 1893 464 1920 Accidit
483 1897 543 1928 post
571 1894 640 1927 huic,
655 1895 813 1930 quemdam,
839 1895 883 1923 cui
913 1895 1024 1923 dextera

234 1940 422 1974 putrescebat,
452 1941 529 1967 adire
553 1941 727 1976 Symeonem,
756 1945 938 1976 curatumque
963 1949 1025 1969 mox

234 1985 270 2012 ab
286 1985 356 2020 ipso,
374 1986 445 2013 viam
463 1986 585 2021 relegere
601 1986 713 2014 domum
736 1995 834 2014 versus
849 1996 855 2014 :
873 1987 941 2014 forte
956 1987 1026 2015 Cilix

233 2031 349 2066 quidam
365 2032 443 2066 juxta
459 2032 530 2059 viam
547 2040 659 2067 operam
678 2032 746 2060 dans
766 2031 874 2067 ﬁglinze,
889 2033 1023 2067 qumsivit,

232 2077 309 2104 unde
331 2081 359 2104 et
393 2078 473 2112 cujus
491 2086 571 2106 causa
597 2079 704 2106 veniret
732 2078 916 2113 :doctusque,
943 2086 1024 2113 quam

235 2123 342 2158 insigne
367 2123 519 2151 curationis
545 2124 712 2151 beneﬁcium
739 2124 784 2151 ille
808 2127 906 2151 nactus
924 2129 1023 2152 esset:

230 2169 316 2202 Quid.
339 2169 440 2204 inquit,
461 2169 596 2201 fallimini,
611 2170 645 2197 ad
671 2169 810 2197 hominem
825 2169 1024 2205 confugientes,

232 2214 281 2248 qui
302 2214 445 2240 veneﬁciis
466 2214 559 2249 potius
576 2222 657 2249 quam
686 2215 788 2242 virtute
814 2215 907 2242 divina
931 2215 1025 2242 istliaec

229 2258 388 2293 operatur?
402 2259 452 2286 Vix
467 2259 585 2292 dixerat,
602 2267 664 2286 cum
683 2259 824 2287 dexteram
840 2268 916 2287 suam
934 2260 1025 2288 vitiari

235 2305 329 2336 sentit.
345 2304 429 2331 simili
445 2305 644 2339 putrefactione
658 2313 826 2340 percussam,
847 2311 928 2341 atque
952 2306 1026 2333 illius

230 2354 297 2377 ante
315 2349 423 2381 fuerat;
442 2351 555 2378 alterius
570 2351 643 2378 nialo
654 2351 682 2379 in
702 2352 818 2379 alterum
834 2351 918 2379 veluti
936 2357 1025 2379 trans-

232 2396 298 2424 lato.
317 2396 410 2431 Neque
437 2397 476 2424 sic
491 2401 581 2425 tamen
598 2398 630 2425 ad
645 2403 763 2425 mentem
785 2398 868 2425 rediit
880 2398 1021 2425 meliorem

230 2442 317 2475 Cilix;
331 2442 379 2469 sed
394 2443 509 2470 medicis
531 2444 622 2478 potius
638 2449 720 2479 atque
743 2445 849 2471 artibus
869 2445 1020 2472 curandum

229 2496 261 2515 se
283 2489 432 2516 commisit.
454 2490 552 2517 Verum
582 2491 628 2518 ubi
649 2491 784 2518 curationi
809 2491 952 2518 facultates
978 2491 1020 2517 in—

231 2539 357 2568 sumptas
373 2534 452 2566 vidit,
468 2543 518 2562 nec
536 2536 618 2562 ullam
640 2535 770 2570 aﬁulgere
788 2543 873 2570 spem,
893 2536 1021 2570 cognovit

231 2580 290 2614 ipse
315 2588 427 2615 quoque
452 2581 696 2615 (quemadmodum
726 2581 775 2613 illi,
805 2581 852 2615 qui
878 2580 1022 2609 doloribus

231 2632 408 2661 premuntur,
429 2627 552 2654 studiose
571 2627 661 2655 solent
687 2628 712 2654 in
733 2628 840 2654 illorum
857 2635 955 2655 causas
979 2628 1022 2655 in-

231 2672 354 2707 quirere)
367 2680 463 2706 poenas
479 2680 507 2700 se
520 2673 585 2700 dare
599 2681 649 2708 pro
662 2673 803 2708 iniuriosis
814 2672 946 2700 adversus
958 2681 1022 2700 san-

230 2722 306 2745 ctum
329 2718 492 2753 Syuieoncm
510 2719 619 2752 verbis;
638 2724 665 2746 et
679 2723 708 2746 ut
729 2719 816 2754 potuit
829 2719 973 2746 celerrime
987 2719 1022 2746 ad

231 2763 322 2796 ipsum
345 2764 472 2795 accessit,
488 2772 569 2798 quam
584 2765 686 2792 misero
701 2772 798 2791 manus
813 2772 863 2791 sua
880 2764 939 2791 loco
950 2769 1022 2791 esset

274 2820 330 2852 (65)
345 2819 476 2855 Eragrius
487 2821 683 2855 Scholasticus,
703 2823 839 2850 historian:
860 2822 1019 2850 ecclesiasti—

231 2859 289 2877 cam
308 2860 323 2880 ο
350 2853 421 2881 libris
439 2856 599 2889 complexus,
613 2859 658 2884 lioc
678 2853 765 2890 ipsum
782 2858 939 2885 miraculum
953 2859 984 2885 de
994 2867 1021 2886 ae

1078 246 1150 282 ὕδωρ
1164 247 1272 282 ἐκείνῳ,
1283 247 1370 282 θριξὶν
1383 247 1472 279 ὁσίαις
1485 246 1567 274 αὑτοῦ
1578 248 1625 274 καὶ
1640 247 1713 274 κόνει
1724 248 1857 283 ἁγιασθέν,

1076 294 1124 319 καὶ
1139 293 1177 325 ὡς
1198 293 1268 320 πιὼν
1283 295 1382 321 αὐτίκα
1396 294 1444 321 τοῦ
1460 294 1563 326 πάθους
1588 294 1778 329 ἀπαλλαγείη,
1795 295 1858 321 κατὰ

1078 340 1160 375 μέρος
1188 341 1277 368 πάντα
1303 342 1510 376 διασημαίνων’
1530 341 1594 377 ἑξῆς
1610 341 1638 368 δὲ
1667 342 1715 368 καὶ
1742 342 1809 377 πρὸς
1827 343 1858 368 τὰ

1076 386 1123 412 τοῦ
1138 386 1205 413 Θεοῦ
1223 386 1363 422 θαυμάσια
1379 387 1419 422 τῷ
1442 388 1555 423 ἐπάρχῳ
1580 387 1616 423 μὴ
1635 387 1774 422 ὀλιγώρως
1793 387 1859 422 ἔχειν

1078 432 1253 466 παρεγγυῶν,
1271 434 1317 459 καὶ
1330 434 1357 459 εί
1367 441 1393 459 τι
1410 434 1478 468 πρὸς
1500 433 1594 468 ὄνησιν
1610 433 1698 468 ψυχῆς
1713 433 1777 460 ἄλλο
1799 434 1860 460 ὑπο-

1077 478 1179 510 τιθείς·
1197 479 1227 505 οὐ
1244 478 1297 514 μὴν
1313 478 1381 506 ἀλλὰ
1397 479 1446 506 καὶ
1463 479 1513 514 τῂν
1529 479 1625 513 ὑγείαν
1642 479 1715 514 αὐτῷ
1731 481 1860 514 ἐπισφρα-

1077 524 1231 560 γιξόμενος,
1245 526 1262 561 ἥ
1275 534 1317 557 τις
1333 526 1379 552 καὶ
1391 525 1542 561 παρέμεινε
1559 525 1599 561 τῷ
1613 525 1691 560 ἀνδρὶ
1702 525 1747 552 διὰ
1763 525 1860 556 τέλους.

1078 571 1172 604 Οὕτως
1189 572 1242 599 ἀπὸ
1258 571 1398 608 μακρόθεν
1408 572 1467 608 ᾔδει
1482 571 1520 607 τῷ
1537 571 1673 607 πνεύματι
1691 571 1782 606 σαφῶς
1795 571 1860 606 art-sp

1078 617 1214 649 ἐϐούλετο,
1233 617 1282 644 καὶ⁹
1295 617 1334 650 ὡς
1349 617 1378 645 ἐν
1391 617 1541 653 ὀφθαλμοῖς
1554 618 1643 644 πάντα
1655 616 1739 652 ὲὼρα·
1757 613 1799 644 οἶα
1811 616 1861 652 γὰρ

1078 662 1159 690 πάλιν
1170 663 1270 690 ἐκεῖνα.

1114 793 1179 826 σλζ’.
1198 794 1286 820 Νόσου
1299 794 1364 821 ποτὲ
1378 794 1504 830 λοιμικῆς
1517 794 1676 829 γενομένης,
1691 794 1738 821 καὶ
1755 794 1806 820 τῶν
1818 794 1863 820 ἀν-

1078 838 1194 875 θρώπων
1206 838 1320 871 πολλοὺς
1336 840 1546 876 ἐπινεμομένης,
1561 839 1660 875 συνέϐη
1675 840 1777 874 ταύτης
1788 839 1864 874 ἔργον

1078 885 1124 912 καὶ
1136 885 1272 921 θυγατέρα
1287 886 1359 917 τινὸς
1373 886 1509 921 Εὖαγρίου
1524 885 1668 920 γενέσθαι·
1688 885 1864 920 Σχολαπικδς

1077 931 1100 958 δ’
1109 929 1142 967 ἦν
1155 931 1208 966 ἄρα
1220 931 1233 957 ὁ
1249 931 1383 967 Εὐάγριος
1396 928 1482 963 οὗτος.
1503 932 1577 958 Ἐπεὶ
1593 931 1621 958 δέ
1635 939 1677 963 τις
1699 931 1863 965 Ἐπιφάνιος,

1078 977 1190 1012 Ἕλληνι
1205 977 1356 1012 τηνικαῦτα
1370 977 1516 1012 λεγόμενος
1530 977 1708 1011 προσανέχειν
1721 975 1823 1011 ἀπάτῃ,
1835 975 1864 1002 οὒ

1076 1023 1105 1050 δὲ
1123 1023 1188 1058 μίαν
1203 1023 1306 1057 ὑπέστη
1324 1023 1388 1058 περὶ
1403 1024 1437 1050 τὰ
1453 1024 1535 1049 τέκνα
1549 1022 1659 1057 ζημίαν,
1677 1021 1777 1048 είσὶασί
1795 1029 1865 1053 τινες

1077 1068 1122 1095 τὸν
1139 1069 1273 1103 Εὑάγριον
1296 1068 1420 1103 λογισμοὶ
1434 1067 1617 1103 βλασφημίας,
1633 1065 1677 1094 οἷα
1693 1067 1728 1093 τὰ
1749 1066 1797 1093 τοῦ
1818 1075 1864 1092 πο·

1077 1114 1160 1150 νηροῦ
1177 1114 1341 1148 δελεάματα,
1363 1115 1395 1140 ἐκ
1411 1115 1458 1140 τοῦ
1473 1114 1587 1149 σφοδροῦ
1603 1113 1719 1149 μάλιστα
1735 1113 1802 1147 περὶ
1817 1113 1862 1146 τὴν

1078 1160 1160 1187 παῖδα
1183 1160 1286 1192 πάθους
1303 1161 1341 1196 τῷ
1362 1160 1498 1196 ἀνθρώπῳ
1521 1161 1691 1195 ἐπιφυέντος,
1713 1160 1752 1190 ὡς
1768 1159 1821 1194 ἄρα
1833 1158 1864 1184 τὰ

1076 1206 1125 1240 τῆς
1142 1206 1291 1242 θρησκείας
1309 1206 1405 1241 ἐκείνῳ
1432 1206 1499 1241 πρὸς
1524 1206 1573 1242 τὴν
1598 1206 1652 1232 τῶν
1666 1205 1769 1232 τέκνων
1795 1204 1863 1240 ζωὴν

1076 1252 1221 1286 ὲπαμύνοι.
1239 1253 1293 1279 Καὶ
1315 1252 1402 1287 μέγαν
1424 1252 1456 1279 ὲκ
1470 1252 1524 1278 τῶν
1541 1252 1670 1278 τοιούτων
1688 1251 1829 1286 λογισμῶν
1849 1252 1864 1286 ἡ

1076 1299 1149 1334 ψυχὴ
1175 1298 1296 1325 κλύδωνα
1318 1299 1365 1325 καὶ
1391 1298 1471 1325 σάλον
1484 1296 1550 1334 εἶχε,
1573 1298 1620 1324 καὶ
1635 1298 1718 1324 πολὺν
1731 1298 1808 1333 αὐτῷ
1823 1298 1864 1324 τὸν

1076 1345 1198 1372 κίνδυνον
1229 1345 1333 1371 ὤδινεν.
1360 1344 1449 1379 Ὅπερ
1483 1345 1528 1370 τὸν
1554 1343 1629 1378 ἅγιον
1656 1344 1696 1379 τῷ
1729 1344 1864 1378 πνεύματι

1076 1391 1185 1426 γνόντα.
1199 1390 1318 1426 δηλῶσαι
1332 1389 1371 1424 τῷ
1386 1388 1523 1425 Εὑαγρίῳ,
1536 1390 1581 1416 καὶ
1596 1389 1649 1424 γὰρ
1661 1386 1695 1424 ἧν
1707 1389 1784 1424 αὐτῷ
1797 1389 1865 1424 ῥοπῇ

1076 1437 1220 1467 διαθέσεως
1251 1435 1406 1464 ἐπικλίνων.
1448 1435 1477 1462 '0
1502 1435 1530 1462 δὲ
1559 1435 1598 1470 τῷ
1629 1435 1676 1461 τοῦ
1703 1435 1866 1471 πράγματος

1076 1483 1220 1519 παραδόξῳ
1238 1482 1433 1516 καταπλαγεὶς,
1452 1482 1492 1508 ’ὁτι
1507 1482 1578 1517 ἂπερ
1595 1479 1629 1516 ἧν
1651 1482 1680 1508 ἐν
1695 1481 1776 1516 μυχῷ
1800 1489 1867 1516 καρ-

1078 1529 1137 1560 δίας
1160 1528 1232 1563 αὐτῷ
1259 1529 1326 1564 δῆλα
1351 1529 1390 1563 τῷ
1411 1528 1523 1563 Συμεὼν
1540 1528 1726 1563 καθειστήκει,
1745 1527 1821 1562 φόϐῳ
1839 1535 1866 1554 τε

1078 1574 1167 1609 πολλῷ
1182 1575 1228 1600 καὶ
1246 1574 1375 1610 μετανοίᾳ
1386 1574 1510 1609 ληφθεὶς,
1524 1574 1610 1600 ἄνεισι
1628 1573 1695 1608 πρὸς
1710 1573 1802 1606 αὐτὸν,
1821 1573 1866 1599 δά-

1075 1627 1156 1655 κρυσι
1170 1619 1272 1654 μᾶλλον
1289 1619 1336 1645 καὶ
1353 1618 1433 1646 πάθει
1448 1619 1538 1654 ψυχῆς
1554 1619 1570 1654 ἢ
1593 1619 1697 1655 γλώττῃ
1713 1619 1802 1645 ταῦτα
1822 1620 1867 1645 καὶ

1075 1665 1191 1700 χείλεσιν
1215 1664 1470 1700 ἐξομολογούμενος.
1497 1664 1666 1699 Συγγνώμης
1695 1665 1764 1698 παρ’
1785 1664 1866 1691 αὑτοῦ

1076 1712 1175 1742 τοίνυν,
1202 1711 1232 1738 οὐ
1259 1711 1312 1747 μὴν
1338 1710 1407 1738 ἀλλὰ
1434 1711 1481 1737 καὶ
1510 1710 1664 1746 φαρμάκων
1687 1709 1800 1737 οἰκείων
1821 1709 1867 1736 τοῦ

1076 1758 1276 1793 ἁμαρτήματος
1290 1757 1390 1792 τυχὼν,
1404 1757 1546 1791 ἐπανήκει.

1113 1892 1180 1927 alr].
1196 1892 1311 1919 Ἔπειτα
1330 1892 1420 1926 μέντοι
1438 1891 1536 1926 συνέϐη
1553 1892 1615 1918 τινὰ
1633 1892 1804 1920 διασαπέντα
1821 1893 1870 1928 τὴν

1076 1938 1174 1971 δεξιὰν,
1191 1939 1259 1975 πρός
1273 1947 1302 1965 τε
1317 1938 1362 1965 τὸν
1381 1938 1457 1972 ἅγιον
1473 1938 1628 1971 ἀνελθόντα,
1647 1939 1694 1965 καὶ
1717 1939 1870 1975 θεραπείας

1076 1984 1141 2020 παρ’
1156 1984 1237 2011 αὐτοῦ
1253 1984 1378 2019 τυχόντα,
1396 1984 1535 2010 ἐπανιέναι
1547 1991 1553 1997 ·
1567 1983 1666 2011 Κίλικα
1678 1983 1708 2010 δέ
1719 1993 1783 2011 τινα
1794 1986 1872 2019 παρὰ

1075 2030 1126 2065 τὴν
1141 2029 1199 2056 ὁδὸν
1210 2029 1334 2065 πλινθείᾳ
1350 2029 1564 2064 προστετηκότα,
1579 2029 1708 2063 ἐρόμενον
1721 2029 1784 2056 ὅθεν
1796 2030 1881 2065 ἥκοι..

1076 2076 1123 2102 καὶ
1136 2075 1254 2110 μαθόντα
1266 2076 1327 2101 ὅτου
1344 2074 1435 2110 χάριν,
1447 2074 1504 2105 οἵας
1517 2082 1548 2100 τε
1565 2074 1714 2108 θεραπείας
1724 2074 1804 2109 τύχοι
1817 2082 1826 2089 ο
1840 2074 1871 2100 Τί

1077 2120 1366 2156 πεπλάνησθε,φάναι,
1380 2121 1448 2156 πρὸς
1471 2120 1615 2155 ἄνθρωπον
1633 2120 1774 2153 ἀπιόντες,
1798 2129 1872 2155 φαρ-

1079 2167 1206 2203 μακείαις
1220 2168 1252 2194 τὰ
1267 2165 1378 2193 τοιαῦτα
1392 2166 1500 2201 μᾶλλον,
1514 2167 1529 2202 ἢ
1545 2166 1631 2198 θείαις
1645 2167 1799 2202 ἐνεργείαις
1814 2169 1875 2193 ἐπι-

1076 2212 1204 2239 τελοῦντα
1217 2221 1223 2245 ;
1241 2212 1294 2238 Καὶ
1310 2212 1409 2238 αὐτίκα
1424 2211 1463 2248 τῷ
1477 2211 1569 2238 Κίλικι
1583 2211 1745 2246 διεφθάρθαι
1763 2211 1818 2247 τὴν
1829 2212 1875 2239 δε-

1078 2258 1148 2291 ξιὰν,
1164 2259 1212 2292 τῆς
1230 2258 1315 2292 αὐτῆς
1337 2258 1435 2293 ἐκείνῳ
1450 2258 1569 2293 σαπρίας
1586 2257 1744 2292 περιφανῶς
1764 2259 1874 2285 ἀναπε-

1077 2304 1246 2339 πλησμένην,
1263 2305 1308 2330 ἐπ’
1320 2305 1400 2331 αὐτὸν
1415 2304 1509 2339 ὥσπερ
1522 2303 1568 2330 τοῦ
1585 2304 1685 2335 πάθους
1699 2304 1878 2339 μεταπεσόν-

1076 2359 1132 2382 τος.
1154 2351 1182 2377 '0
1209 2351 1257 2386 μὲν
1284 2349 1329 2378 οὖν
1353 2350 1431 2383 Κίλιξ
1458 2351 1518 2377 οὐδὲ
1540 2350 1627 2388 ταύτῃ
1652 2350 1783 2385 συνῆκεν,
1813 2351 1876 2377 ἀλλ’

1079 2396 1181 2431 ἰατροῖς
1196 2396 1295 2430 μᾶλλον
1311 2396 1357 2423 κα)⁴
1368 2396 1475 2430 τέχναις
1490 2395 1585 2422 ἑαυτὸν
1599 2396 1755 2424 ὲκδεδώκει.
1781 2396 1830 2427 Ὦς
1846 2396 1877 2423 δὲ

1075 2443 1107 2476 τῇ
1125 2442 1198 2477 χειρὶ
1224 2443 1510 2478 προσαναλισκομένην
1538 2443 1611 2476 ἑώρα
1628 2441 1675 2468 καὶ
1694 2441 1745 2476 τὴν
1763 2441 1876 2473 οὐσίαν,

1074 2487 1151 2520 ἐλπίς
1168 2496 1196 2514 τε
1211 2487 1322 2521 οὐδεμία
1338 2487 1419 2514 ποθὲν
1433 2487 1620 2520 ὑπολέλειπτο,
1637 2487 1707 2520 ἔγνω
1723 2487 1771 2513 καὶ
1788 2488 1878 2518 αὐτὸς

1075 2533 1130 2569 (οἷοι
1144 2534 1178 2560 τὰ
1195 2534 1249 2561 τῶν
1263 2535 1431 2570 πιεζομένων
1444 2534 1547 2569 ψυχῶν,
1565 2534 1610 2560 ὅτε
1621 2535 1711 2560 πᾶσαν
1727 2534 1791 2560 καθ’
1809 2535 1878 2560 ἑαυ-

1073 2580 1122 2612 τὰς
1149 2581 1300 2615 φιλοπόνως
1325 2581 1492 2615 ἀνερευνῶσι
1518 2579 1564 2606 τοῦ
1592 2579 1741 2611 λυποῦντος
1766 2580 1878 2615 αἰτίαν)

1073 2626 1175 2653 ἔκτισιν
1193 2625 1263 2654 εἶναι
1286 2627 1335 2662 τῆς
1355 2629 1395 2658 εἰς
1411 2627 1456 2653 τὸν
1471 2627 1543 2652 θεῖον
1564 2625 1676 2661 Συμεὼν
1701 2626 1878 2661 λαληθείσης

1073 2673 1138 2708 παρ’
1155 2672 1237 2699 αὑτοῦ
1253 2673 1358 2704 ἀδικίας
1370 2681 1377 2688 ’
1399 2673 1447 2699 καὶ
1460 2672 1497 2702 ὡς
1510 2670 1582 2708 εἶχεν
1595 2672 1677 2703 εὐθὺς
1693 2672 1784 2699 ἄνεισι
1802 2678 1877 2706 προς

1071 2718 1163 2749 αὑτὸν,
1175 2718 1249 2749 ὅπως
1265 2717 1364 2748 ἀθλίως
1380 2717 1436 2752 ἔχοι
1450 2717 1567 2750 δεικνὺς,
1585 2716 1677 2743 οἴκτου
1693 2725 1722 2743 τε
1738 2718 1791 2752 τῆς
1807 2726 1867 2750 συμ

1072 2764 1158 2798 φορᾶς
1174 2764 1265 2798 τυχεῖν
1286 2762 1361 2795 ἀξίου
1376 2762 1511 2796 δεόμενος.
1529 2762 1582 2789 Καὶ
1598 2762 1638 2794 ὃς,
1651 2759 1746 2789 Ἦπου
1766 2761 1878 2795 ta’m‘l

1074 2827 1170 2849 narrat
1186 2823 1229 2849 lib.
1244 2822 1348 2853 ultimo,
1365 2821 1509 2857 penultimp
1524 2821 1648 2856 cap.Nos
1674 2822 1708 2849 de
1722 2822 1772 2848 illo
1800 2823 1878 2856 ejus.

1075 2866 1124 2894 qua
1136 2858 1241 2893 scriptis
1258 2857 1292 2884 ad
1304 2859 1373 2884 lianc
1388 2858 1468 2884 vitam
1482 2856 1495 2892 §
1511 2857 1526 2884 6
1543 2856 1663 2892 pluribus
1681 2858 1797 2897 egimus.
