1952 3066
93 125 156 158 3205

615 123 703 155 VITA
723 122 747 152 Α
766 121 986 154 NICEPHORO
1005 122 1251 156 CONSCRIPTA.

1652 126 1724 159 3206

92 187 173 219 ἔγωγε
186 180 244 211 οῖδα
262 182 311 219 τὴν
324 181 414 215 δεξιὰν
429 181 573 217 εἴσπραξιν
588 180 670 209 οὖσαν
686 183 735 218 τῆς
748 183 812 218 περὶ
830 182 882 218 τὴν

938 180 1093 214 astendens,
1111 189 1144 209 ac
1167 181 1387 212 misericordiam
1412 184 1572 220 implorans.
1591 185 1642 214 Cui
1659 196 1724 215 22n-

93 230 210 264 γλῶτταν
227 228 392 259 ἀκολασίας*
413 227 470 254 ἀλλ’
486 227 665 263 ὲξαγόρευσον
689 228 760 255 κατά
780 228 877 255 σαυτοῦ

92 275 136 311 τὴν
159 273 296 310 ἁμαρτίαν
324 282 370 300 σου
401 273 504 309 Κυρίῳ,
527 274 575 300 καὶ
598 273 678 305 αὐτὸς
704 274 806 308 ἀφήσει
831 272 879 307 τὴν

93 322 217 349 ἀσέϐειαν
230 322 279 356 τῆς
298 321 413 357 καρδίας
432 330 488 348 σου.
510 321 540 348 Ὀ
557 322 606 356 μὲν
621 318 667 347 οὖν
683 321 770 356 πικρᾷ
795 328 878 355 μετα-

93 368 184 403 μελείᾳ
205 368 293 403 ψυχῆς
313 367 594 403 ἐξομολογησάμενος,
611 367 764 402 πικρότερά
786 374 816 392 τε
831 366 879 392 δά-

93 423 159 451 κρυα
187 415 336 449 καταχέας,
365 415 430 449 εὐχῇ
456 414 502 440 καὶ
515 415 666 449 Δεσποτικῇ
685 412 810 447 σφραγῖδι
830 412 880 447 τὴν

96 460 163 487 ίάσιν
190 459 257 495 ὁμοῦ
280 460 327 486 καὶ
347 460 396 495 τὴν
423 460 530 493 ἄφεσιν,
550 460 567 495 ἦ
593 468 635 492 τις
658 459 749 495 πολλῷ
768 459 880 494 καὶτῆς

96 504 188 536 ίάσεώς
203 505 261 531 ἐστι
278 505 388 540 μείζων,
403 505 503 538 λαϐὼν,
519 505 659 532 ἐπάνεισιν
670 513 676 521 ⁸
693 505 765 532 οὕτω
786 504 877 540 σῶμα·

95 559 136 582 τος
163 551 240 583 νόσος
259 551 352 585 ὑγείαν
374 551 446 586 ψυχῇ
468 551 619 587 χαρίζεται,
636 552 682 578 καὶ
695 551 739 578 διὰ
759 550 813 577 τῶν
832 550 880 576 λυ-

96 597 214 624 πούντων
240 596 293 624 οἶδε
327 598 457 630 πολλάκις
488 599 625 634 σωτηρίαν
655 599 722 630 Θεὸς
752 607 881 634 πραγμα-

94 642 227 670 τεύεσθαι.

128 730 192 757 σλθ’.
210 731 321 758 Πλέοντι
345 731 374 758 δέ
389 741 452 759 ποτε
467 733 506 767 τῷ
518 732 664 768 Δωροθέῳ·
677 732 710 768 ἦν
723 732 751 759 δὲ
765 732 815 767 τῆς
831 732 883 758 ὑπὸ

94 775 130 811 τῷ
142 776 254 812 Συμεὼν
269 777 447 813 ἀδελφότητος
462 779 476 804 ὀ
489 779 625 814 Δωρόθεος
642 777 728 811 οὗτος,
749 778 881 814 ἱερωσύνῃ

95 823 298 858 κεκοσμημένος
310 831 317 838 ·
334 823 442 850 πλέοντι
471 824 494 850 δ’
508 823 564 856 οὖν,
577 825 606 850 οὺ
625 825 674 851 σὺν
690 823 758 859 ὥρᾳ,
777 824 835 851 ἀλλ’
854 825 883 851 ὲν

95 869 208 904 χειμῶνι
231 870 307 905 μέσῳ
336 868 440 904 (ἐποίει
464 870 518 906 γὰρ
531 871 606 906 παρὰ
622 870 716 906 καιρὸν
731 871 826 898 ἑαυτὸν
844 870 883 906 τῷ

95 915 206 948 πελάγει
225 915 363 942 πιστεύειν
375 916 391 951 ἡ
408 915 474 950 πρὸς
486 917 530 942 τὸν
543 916 621 951 ἆγιον
634 916 735 948 πίστις,
750 916 780 943 τὸ
795 917 884 951 ἀσφα-

96 961 138 993 λὲς
155 961 249 996 ὥσπερ
264 961 369 988 ἐκεῖθεν
386 961 577 998 ἐγγυωμένη),
591 962 627 994 ὡς
643 963 694 998 ἤδη
716 962 786 989 κατὰ
802 963 884 997 μέσον

95 1007 139 1033 τὸν
153 1006 236 1033 πλοῦν
258 1007 389 1041 ἐγεγόνει,
403 1007 506 1034 κλύδων
522 1008 598 1043 αὐτῷ
615 1007 766 1044 συμπίπτει
786 1008 883 1040 δεινὸς,

95 1051 147 1079 τῶν
176 1053 338 1088 πνευμάτων
368 1054 537 1089 πανταχόθεν
558 1054 767 1087 ἀντιπνεὼτων,
788 1054 835 1081 τοῦ
854 1063 884 1081 τε

95 1098 214 1133 κύματος
241 1099 305 1130 τοὺς
320 1098 429 1134 τοίχους
457 1100 507 1133 τῆς
529 1100 596 1132 νεὼς
609 1100 884 1136 ὐπεραναὸαίνοντος,

95 1145 142 1171 καὶ
157 1145 197 1175 είς
214 1145 299 1180 μέσην
316 1145 400 1180 αὐτὴν
415 1145 608 1180 ἐμπίπτοντος.
626 1145 677 1172 Τὸν
695 1146 745 1180 μὲν
757 1143 803 1173 οὖν
818 1146 885 1173 ναύ-

95 1190 195 1225 κληρον
222 1191 268 1217 καὶ
290 1190 354 1222 τοὺς
376 1191 562 1226 συμπλέοντας
582 1191 737 1225 ἀπόγνωσις
753 1189 821 1226 εἶχε,
838 1191 885 1219 καὶ

95 1237 236 1270 διαφυγεῖν
253 1237 356 1263 ἐκεῖνον
371 1237 457 1268 οὐδεὶς
468 1237 512 1263 τὸν
529 1237 650 1264 κίνδυνον
670 1237 754 1273 ᾢετο-
771 1240 785 1265 ὁ
801 1238 830 1265 δὲ
847 1238 885 1274 μὴ

95 1282 294 1316 ἀπογινώσκειν
309 1283 398 1317 ἠξίου,
414 1283 482 1310 ἀλλὰ
497 1283 543 1310 τοῦ
561 1283 633 1310 Θείου
652 1283 764 1319 Συμεὼν
781 1284 885 1311 δεῖσθαι

97 1329 208 1363 μᾶλλον,
219 1328 265 1355 τοῦ
277 1329 324 1355 καὶ
337 1329 417 1364 μόνου
434 1329 531 1361 σώζειν
546 1330 600 1356 ἀπὺ
610 1329 737 1356 τοσούτου
752 1329 886 1362 κλύδωνος

95 1376 254 1410 δυναμένου.
270 1374 335 1403 Εἶτα
347 1376 394 1403 καὶ
408 1376 455 1412 τῆς
468 1376 572 1403 ἐκείνου
585 1376 685 1408 κόνεως
698 1377 796 1410 λαὸὼν,
811 1377 842 1404 τό
857 1386 885 1404 τε

96 1421 187 1448 πλοῖον
202 1422 386 1457 διαρραντίί,“ε‹⁵
406 1423 453 1449 καὶ
474 1424 588 1458 καταχεῖ
603 1424 650 1458 τῆς
667 1423 803 1459 θαλάσσης
815 1431 822 1439 ⁸
837 1423 886 1450 αὺ-

95 1467 213 1500 τομάτου
230 1467 259 1494 δὲ
275 1467 328 1494 τῶν
343 1469 371 1494 ὲν
389 1468 428 1502 τῷ
442 1468 526 1503 πλοίῳ
544 1469 652 1495 πάντων
671 1469 786 1500 εὐωδίας
804 1470 885 1501 εὐθὺς

96 1511 274 1546 αἰσθομένων,
290 1513 337 1538 καὶ
352 1512 386 1539 τὰ
405 1513 454 1547 τῆς
467 1513 542 1544 θείας
558 1512 669 1548 χάριτος
686 1513 787 1544 εἵπετο,
805 1513 822 1549 ἢ
839 1513 886 1540 καὶ

97 1558 202 1592 πέφυκε
226 1559 366 1593 προοίμιον
385 1559 513 1590 πολλάκις
534 1560 583 1595 τὴν
603 1560 717 1587 εὐωδίαν
739 1559 886 1592 ποιεῖσθαι,

96 1604 127 1630 το
142 1604 240 1635 εὺιῗδες
252 1604 346 1640 ὥσπερ
367 1606 414 1631 καὶ
433 1606 504 1632 Οεῖον
524 1607 624 1641 ἑαυτῆς
639 1606 835 1641 ὑποφαίνουσα.
855 1606 888 1632 Ἦ

99 1649 149 1683 μὲν
160 1647 206 1674 οὖν
219 1648 340 1675 θάλασσα
352 1650 513 1685 ἐτραχύνετο
528 1651 726 1685 παραπλησίως
740 1651 804 1686 ἄχρι
817 1651 888 1683 τινος

97 1695 146 1720 καὶ
169 1694 267 1725 ζέουσι
283 1695 378 1726 δεινῶς
395 1693 438 1730 ἦν,
456 1695 490 1722 τὰ
504 1695 614 1730 κύματα
639 1695 666 1722 δὲ
689 1697 719 1722 οὐ
745 1696 815 1722 κατὰ
839 1697 889 1732 τὴν

97 1739 205 1766 ἑαυτῶν
221 1740 280 1775 βίαν
298 1741 465 1775 προσέὃαλλε
479 1743 512 1775 τῇ
530 1741 584 1776 νηῒ,
603 1741 661 1768 ἀλλ’
675 1739 729 1768 οἷον
746 1743 829 1769 ἑαυτὰ
840 1744 890 1769 ἐπ-

97 1788 182 1821 εῖχεν,
197 1786 384 1821 εὑλαόούμενα
395 1787 520 1822 καθάπερ
535 1787 681 1822 ἤδεδιότα.
695 1789 773 1815 Μετὰ
791 1789 889 1824 μικρὸν

96 1831 127 1858 δὲ
152 1831 199 1858 τοῦ
221 1831 355 1863 κλύδωνος
375 1831 532 1864 ὑπανέντος,
564 1834 626 1859 πνεῖ
653 1833 703 1868 μὲν
730 1833 829 1869 ἁθρόον
857 1835 890 1861 ἐκ

97 1878 227 1913 πρύμνης
250 1878 359 1912 ἄνεμος.
379 1879 403 1904 οἰ
426 1878 454 1904 δὲ
476 1878 509 1904 δι’
522 1879 657 1913 ἀκύμονος
678 1881 728 1915 τῆς
750 1880 888 1917 θαλάσσης

97 1923 148 1950 καὶ
163 1923 248 1956 λείας,
265 1924 347 1950 πᾶσιν
365 1923 458 1955 ἱστίοις
471 1924 616 1958 ὲφέροντο’
633 1924 681 1951 καὶ
697 1926 760 1957 τοὺς
776 1926 825 1960 μὲν
838 1927 889 1961 ὲμ-

96 1969 230 2001 πλέοντας
255 1969 360 2004 θάμϐος
385 1966 441 1996 εἷλε
464 1969 502 2004 τῷ
516 1970 657 2006 παραδόξῳ
676 1971 725 2006 τῆς
741 1973 888 2007 σωτηρίας,

96 2015 146 2042 καὶ
161 2016 247 2048 οὐδεὶς
263 2014 296 2052 ἦν
309 2016 338 2048 ὃς
348 2016 378 2043 οὺ
393 2016 479 2051 δῶρον
492 2016 623 2051 ἄντικρυς
636 2016 732 2044 ἑαυτὸν
745 2017 792 2044 τοῦ
810 2018 888 2051 ἁγίου

94 2061 196 2097 ἥγηται

137 2157 191 2189 σμ’.
207 2154 236 2181 '0
243 2154 270 2180 δὲ
279 2154 445 2193 ναύκληρος(
452 2156 532 2182 παῖδα
544 2155 599 2191 γὰρ
611 2154 703 2182 οἴκαδε
714 2155 889 2182 ἀπολελοίπει

97 2200 336 2235 νοσοῦντα),είδὼς
356 2201 395 2236 τῷ
407 2202 471 2236 περὶ
484 2202 565 2228 αὑτὸν
576 2201 693 2233 καὶτοὺς
701 2202 888 2236 συμπλέοντας
904 2193 926 2220 ι)

99 2246 234 2280 θαύματι,
245 2247 348 2282 ῥᾴστην
363 2247 435 2282 αὐτῷ
445 2248 491 2274 καὶ
500 2247 548 2284 τὴν
558 2248 604 2275 τοῦ
611 2249 719 2280 παιδος,
729 2249 752 2275 εί
761 2248 892 2283 βούλοιτο,

99 2292 254 2327 θεραπείαν
266 2289 345 2318 εἶναι·
364 2293 473 2319 κάκεῖνο
491 2293 535 2320 διὰ
555 2293 602 2320 τοῦ
620 2294 737 2330 μοναχοῦ
758 2294 851 2327 ἐδεῖτο,
862 2295 893 2321 τδ

98 2339 148 2365 τὸν
159 2339 217 2365 υἱὸν
232 2339 307 2374 αὐτῷ
320 2338 388 2374 πρὸς
402 2339 451 2374 τὴν
463 2340 552 2366 οἰκίαν
567 2340 617 2375 ήδη
631 2341 793 2376 ἁναγομένῳ
804 2341 893 2372 ζῶντα

97 2384 294 2419 ταμιευθῆναι’
304 2385 398 2411 ἐδεδίει
406 2385 460 2419 γὰρ
469 2385 516 2411 τοῦ
524 2385 613 2412 κοινοῦ
622 2386 670 2422 τῆς
678 2387 784 2421 φύσεως
793 2387 892 2422 μᾶλλον

99 2430 119 2464 ἢ
131 2429 177 2456 τὸν
190 2430 240 2464 τῆς
248 2430 337 2466 ψυχῆς
350 2429 475 2463 θάνατον,
488 2431 631 2458 ἀτελέστου
644 2431 690 2458 τοῦ
708 2432 803 2464 παιδος
813 2432 889 2465 ὄντος

99 2478 144 2502 ἐτι
172 2476 206 2503 τὰ
229 2475 276 2503 τοῦ
307 2476 378 2504 θείου
396 2477 595 2512 βαπτίσματος.
612 2477 665 2505 Τοῦ
683 2478 722 2511 δὲ,
739 2479 817 2514 Παρὰ
848 2480 891 2506 σοὶ

99 2520 184 2547 τοῦτο
201 2523 289 2547 κεῖται
307 2543 313 2551 ,
335 2522 470 2554 είπὸντος,
486 2523 510 2549 εί
525 2522 598 2555 ζέσει
609 2523 656 2549 καὶ
671 2523 761 2550 πίστει
776 2524 891 2560 καρδίας

102 2566 187 2600 μόνον
203 2567 352 2604 ὲπικαλέσῃ
370 2567 416 2594 τὸν
433 2567 505 2603 ἱερὸν
518 2568 642 2603 Συμεὼν,
663 2569 769 2605 ὑπόσχῃ
791 2570 819 2596 δὲ
846 2573 892 2596 καὶ

98 2613 165 2649 (θεῷ
181 2613 226 2640 τὸν
249 2614 330 2641 παῖδα
340 2622 347 2629 ’
365 2615 468 2646 ἐκεῖνος
483 2613 564 2645 εὐθὺς
579 2614 696 2650 ἑκάτερα
709 2614 821 2650 δράσας,
835 2615 891 2642 οὐδ’

96 2656 197 2692 ἑτέρου
233 2658 429 2694 διαμαρτάνει,
457 2658 515 2685 ἀλλ’
540 2659 603 2693 ὑγιῆ
628 2660 676 2686 τὸν
704 2659 760 2686 υἱὸν
791 2659 890 2694 εὑρὼν,

99 2706 239 2742 προσάγει
257 2705 317 2740 Θεῷ
342 2706 385 2732 διὰ
403 2705 449 2732 τοῦ
466 2705 664 2741 βαπτίσματος.
677 2705 734 2732 Καὶ
750 2701 892 2741 τοῦτομὲν

97 2752 112 2778 ξ
123 2763 136 2788 τι
151 2750 270 2777 τοιοῦτον
283 2759 290 2766 ·
307 2752 399 2778 ἐκεῖνα
411 2751 438 2777 δὲ
455 2751 513 2782 πῶς
525 2751 557 2777 ἀν
568 2759 609 2783 τις
630 2750 796 2786 παραλιπεῖν
815 2750 893 2786 νομί-

97 2807 158 2826 σειε
175 2796 220 2824 διὰ
236 2796 267 2824 τὸ
284 2796 393 2830 πλῆθος,
407 2797 437 2824 οὐ
451 2797 485 2824 τὰ
495 2797 610 2832 μεγίστα
626 2796 760 2832 ζημιώσει
776 2804 783 2829 ;

930 232 992 255 ctus
1007 235 1013 254 :
1032 227 1100 255 Novi
1126 228 1223 264 utique
1247 229 1320 257 hanc
1333 230 1475 258 dexteram
1492 239 1543 266 pro
1561 232 1668 260 ultione
1681 234 1724 261 in-

931 274 1112 307 temperantis
1138 273 1238 309 linguae
1268 279 1322 302 tuae
1353 284 1435 310 esse;
1462 285 1559 305 verum
1593 280 1726 306 conﬁtere

930 317 1076 345 adversum
1096 323 1122 346 te
1140 325 1284 354 peceatum
1303 325 1380 348 tuum
1405 322 1533 356 Domino,
1551 329 1579 352 et
1608 325 1666 360 ipse
1682 325 1726 352 di-

931 363 1023 390 mittet
1052 363 1227 405 iniquitatem
1258 366 1350 394 cordis
1377 367 1427 394 tui.
1459 367 1608 397 Confessus
1633 370 1726 405 itaque

930 417 1025 437 amara
1045 417 1108 437 cum
1126 404 1300 445 pmriitudine
1323 413 1421 440 animte
1448 414 1630 450 lacrymisque
1648 404 1726 443 ama-

933 455 1067 489 rioribus,
1102 464 1152 491 per
1187 458 1274 484 sancti
1299 459 1487 492 precationetn
1517 464 1600 495 atque
1635 463 1727 489 crucis

931 500 1082 528 Dominica:
1103 501 1223 537 signum,
1242 501 1378 537 integram
1404 511 1527 536 manum,
1554 510 1581 532 et
1601 506 1674 540 quod
1688 507 1726 534 illi

931 550 1052 580 praestat,
1077 547 1183 581 peccati
1202 547 1394 575 remissionem
1409 554 1575 578 consecutus
1589 556 1631 578 est
1643 557 1727 586 atque

932 591 1056 618 revertit.
1083 592 1123 619 Ita
1143 592 1269 627 corporis
1295 593 1430 628 aegritudo
1457 596 1601 623 sanitatem
1627 597 1727 624 anima:

933 645 1131 672 nonnunquam
1153 638 1281 672 confert;
1297 644 1324 666 et
1346 647 1395 674 per
1417 648 1497 668 casus
1513 641 1666 674 luctuosos,
1681 651 1725 670 sa-

933 684 987 710 luti
1008 691 1080 718 sarpe
1098 685 1218 711 consulit
1235 685 1318 712 Deus.

968 731 1032 758 259.
1053 731 1244 765 Navigandum
1260 732 1408 766 aliquando
1432 733 1483 761 fuit
1505 734 1643 763 Dorotbeo
1659 736 1729 771 (erat

934 775 958 803 is
979 783 995 803 e
1014 775 1148 803 fratribus
1175 777 1263 803 sancti
1291 777 1435 813 Symeonis
1463 788 1545 813 unus,
1569 781 1725 809 sacerdotio

935 821 1070 856 initiatus)
1091 823 1288 857 navigandum,
1314 823 1437 859 inquam,
1461 825 1513 853 fuit
1538 831 1662 862 tempore
1679 828 1730 855 im-

935 872 1054 903 portuno
1084 871 1113 895 et
1132 868 1222 895 tnedia
1247 869 1338 897 hieme
1355 879 1362 897 :
1379 871 1426 898 sed
1450 871 1554 900 fecerat
1580 872 1680 901 ﬁducia
1701 874 1730 901 in

934 918 1070 946 sanetum,
1100 914 1194 942 omnia
1217 923 1320 943 secura
1341 917 1485 951 pollicens.
1514 923 1544 946 ut
1568 923 1730 954 tempestate

936 964 990 986 tam
1014 960 1190 988 incommoda
1217 961 1288 988 mari
1319 970 1348 990 se
1371 964 1566 992 committeret.
1592 966 1643 996 Ubi
1665 975 1730 994 vero

936 1006 1060 1034 medium
1082 1007 1139 1043 jam
1164 1007 1341 1036 absolverant
1363 1017 1486 1042 cursum,
1505 1012 1595 1039 valida
1615 1013 1731 1048 insurgit

935 1057 1094 1088 tempestas,
1106 1054 1196 1082 ventis
1208 1055 1391 1090 undequaque
1405 1056 1476 1084 inter
1488 1065 1517 1085 se
1530 1059 1614 1086 veluti
1628 1059 1729 1086 bellant

935 1099 1106 1133 gerentibus,
1130 1107 1161 1127 ac
1182 1099 1314 1128 ﬂuctibus
1338 1101 1424 1128 latera
1439 1103 1518 1130 navis
1532 1104 1730 1132 excedentibus

936 1144 964 1171 in
983 1144 1159 1179 mediamque
1177 1143 1389 1174 infundentibus
1403 1154 1473 1175 sese.
1497 1148 1604 1176 Invadit
1617 1150 1730 1177 naucle-

936 1197 998 1217 rum
1015 1194 1197 1226 vectoresque
1223 1191 1390 1227 desperatio,
1415 1194 1517 1221 nullam
1534 1195 1669 1223 evadendi
1688 1196 1729 1223 di-

936 1235 1054 1263 scrimen
1068 1243 1213 1271 superesse
1229 1237 1301 1265 viam
1318 1239 1507 1268 existimantes
1526 1250 1532 1267 :
1551 1249 1621 1269 unus
1643 1242 1728 1269 Doro-

936 1281 1018 1308 theus
1031 1281 1155 1316 rogabat,
1175 1286 1204 1309 ut
1223 1290 1257 1310 nc
1267 1283 1458 1318 desperatione
1475 1285 1606 1313 caderent
1621 1287 1731 1319 animis,

936 1326 984 1353 sed
1009 1333 1136 1354 sanctum
1159 1327 1252 1362 potius
1270 1329 1454 1364 implorarent
1478 1331 1655 1365 Symeonem;
1673 1332 1733 1366 ejus

937 1372 1024 1400 solius
1051 1374 1174 1408 potentia
1200 1374 1280 1402 evadi
1299 1379 1490 1410 tempestatem
1519 1385 1610 1411 posse.
1629 1379 1733 1406 Deinde

936 1419 1059 1453 pulveris
1070 1419 1143 1446 illius
1154 1419 1257 1454 aliquid
1271 1428 1320 1455 per
1335 1421 1425 1448 navim
1442 1423 1545 1456 spargit
1559 1423 1732 1459 elTunditque

937 1465 965 1492 in
988 1473 1087 1498 mare;
1112 1469 1140 1493 et
1158 1467 1266 1494 cunctis
1284 1475 1346 1494 mox
1364 1467 1533 1499 wetoribus.
1554 1470 1629 1497 nulla
1650 1478 1733 1505 appa-

899 1524 920 1554 c
939 1509 1016 1538 rente
1034 1519 1068 1538 ex
1086 1519 1179 1542 causa.
1197 1512 1344 1547 quamdam
1362 1513 1456 1540 odoris
1475 1514 1651 1549 fragrantiam
1671 1523 1733 1542 sen-

939 1557 1081 1590 tientibus,
1097 1558 1185 1592 gratia
1211 1558 1304 1585 divina
1322 1559 1470 1586 subsecuta
1487 1564 1530 1587 est
1552 1569 1558 1586 :
1574 1561 1644 1588 solet
1658 1562 1734 1588 enim

939 1602 984 1630 illa
1009 1610 1064 1630 non
1087 1611 1150 1631 raro
1175 1604 1306 1638 prmviam
1325 1605 1470 1638 quamdam
1492 1605 1587 1633 odoris
1612 1607 1732 1633 suavita-

940 1651 995 1675 tem
1012 1648 1144 1680 excitare,
1171 1649 1297 1676 divinum
1319 1649 1461 1684 quidpiam
1479 1658 1507 1678 se
1525 1651 1667 1678 continere
1682 1652 1732 1678 de-

939 1698 1105 1721 monstrans.
1122 1694 1208 1729 Igitur
1223 1695 1355 1729 pergebat
1380 1703 1456 1723 mare
1483 1696 1574 1731 aliquo
1597 1701 1730 1732 tempore,

939 1744 971 1767 ut
1003 1744 1137 1775 coeperat,
1164 1740 1257 1768 furere
1280 1745 1308 1768 et
1334 1741 1514 1769 vehementer
1531 1747 1673 1770 aestuare:
1705 1749 1732 1770 at

939 1786 1040 1813 ﬂuctus
1061 1793 1127 1818 non,
1142 1791 1170 1813 ut
1197 1786 1305 1814 ferebat
1328 1788 1467 1815 violentus
1484 1789 1614 1824 impetus,
1631 1790 1732 1824 impin-

940 1831 1041 1866 gebant
1057 1832 1085 1858 in
1105 1832 1209 1865 navim,
1226 1833 1274 1860 sed
1288 1833 1455 1861 cohibebant
1471 1843 1510 1868 se,
1522 1836 1606 1862 veluti
1621 1844 1734 1864 venera-

939 1876 1024 1904 bundi
1039 1881 1087 1904 aut
1098 1882 1263 1905 metuentes.
1278 1879 1362 1906 Paulo
1370 1884 1431 1914 post
1441 1880 1556 1908 remisso
1565 1883 1734 1916 tempestatis

939 1921 1044 1953 furore,
1074 1921 1180 1957 spirare
1214 1925 1299 1959 cmpit
1331 1930 1444 1960 repente
1475 1931 1574 1954 ventus
1590 1935 1612 1955 Ie
1635 1930 1732 1963 puppi,

939 1967 1156 2002 ferebanturque
1179 1974 1276 2003 pacate
1291 1977 1322 1997 ac
1349 1970 1430 2005 plano
1447 1972 1518 1998 mari
1541 1972 1631 2007 plenis
1652 1973 1732 2006 velis,

940 2013 1115 2041 tremebundi
1132 2022 1164 2041 ac
1180 2015 1282 2049 pavidi,
1294 2016 1329 2043 ob
1343 2020 1396 2043 tam
1408 2017 1626 2052 inexspectatum
1637 2019 1734 2047 salutis

940 2064 1109 2094 recuperatae
1128 2061 1285 2097 prodigium
1310 2072 1316 2090 :
1349 2071 1400 2090 nec
1423 2064 1496 2092 ullus
1522 2065 1583 2098 fuit,
1601 2066 1648 2100 qui
1675 2074 1734 2094 non

940 2110 1081 2141 reputaret
1105 2114 1134 2134 se
1153 2107 1205 2134 sibi
1225 2108 1298 2136 dono
1317 2109 1404 2136 sancti
1432 2115 1636 2138 conservatum.

975 2150 1038 2178 240.
1055 2151 1141 2179 Porro
1152 2153 1312 2186 nauclerus,
1340 2155 1388 2190 qui
1416 2163 1533 2190 puerum
1563 2156 1636 2183 domi
1666 2156 1735 2184 reli-

940 2203 1038 2234 querat
1064 2199 1215 2233 inﬁrmum,
1236 2200 1332 2228 doetus
1363 2201 1497 2229 miraculo
1521 2202 1550 2231 in
1577 2210 1606 2230 se
1618 2202 1735 2238 suisque

941 2247 1102 2274 vectoribus
1116 2247 1198 2279 facto,
1214 2246 1377 2274 facillimum
1394 2247 1509 2282 putabat
1527 2248 1585 2282 ipse
1605 2255 1676 2280 esse,
1699 2250 1731 2275 li-

942 2291 1010 2320 lium
1028 2300 1139 2328 quoque
1151 2301 1231 2320 suum
1249 2300 1367 2326 curare;
1397 2293 1482 2328 idque
1509 2294 1623 2329 rogabat
1638 2302 1735 2322 mona-

942 2339 1037 2370 cltum,
1052 2346 1082 2367 ut
1102 2339 1199 2366 reduci
1219 2339 1273 2366 sibi
1297 2339 1377 2366 illum
1393 2344 1587 2368 conservatum
1618 2340 1646 2368 in
1661 2341 1735 2368 vivis

942 2384 1045 2411 vellet:
1060 2384 1175 2411 timebat
1194 2383 1307 2418 quippe,
1325 2384 1398 2418 quod
1413 2392 1483 2419 puer
1496 2385 1583 2412 sacris
1608 2385 1735 2412 nondum

943 2431 1054 2458 ablutus
1071 2435 1145 2458 esset
1157 2430 1249 2464 undis,
1262 2430 1360 2457 anima:
1374 2430 1448 2458 illius
1458 2435 1571 2458 mortem
1585 2431 1734 2466 plusquam

944 2483 1120 2504 communem
1144 2476 1275 2504 omnibus
1303 2476 1469 2503 naturalem.
1498 2476 1622 2511 Cumque
1645 2477 1736 2504 Doro—

945 2523 1027 2551 tlteus
1040 2522 1148 2549 diceret
1166 2521 1193 2548 in
1212 2530 1295 2550 manu
1306 2523 1366 2558 ejus
1380 2522 1407 2549 id
1419 2530 1493 2555 esse,
1511 2523 1535 2550 si
1559 2522 1642 2550 modo
1669 2531 1735 2551 cum

946 2567 1053 2594 fervore
1068 2575 1100 2593 ac
1114 2567 1212 2593 liducia
1235 2571 1361 2594 sanctum
1378 2566 1734 2602 iuvocaveritSymeunem,

946 2616 975 2639 et
989 2611 1074 2639 ﬁlium
1099 2612 1155 2640 Deo
1170 2613 1294 2646 \‘overit;
1318 2614 1446 2648 praestitit
1473 2613 1519 2640 ille
1544 2621 1607 2639 mox
1628 2618 1735 2642 utrum-

941 2666 1012 2692 que:
1028 2666 1079 2685 nec
1090 2658 1232 2686 fraudatus
1246 2664 1288 2686 est
1303 2659 1450 2694 promisso,
1465 2660 1576 2686 invento
1601 2659 1734 2686 incolumi

942 2705 1016 2732 domi
1033 2705 1100 2737 ﬁlio,
1116 2713 1197 2740 quem
1214 2706 1270 2733 Deo
1289 2714 1339 2740 per
1373 2706 1540 2741 baptismum
1568 2706 1680 2732 obtulit.
1700 2706 1734 2733 Et

943 2751 1079 2778 hactenus
1096 2751 1207 2786 quidem
1224 2751 1309 2785 illud;
1328 2752 1378 2780 ista
1391 2760 1470 2793 vero,
1498 2760 1558 2787 quae
1577 2752 1732 2786 subjiciun-

943 2802 997 2828 tur.
1014 2797 1037 2824 si
1052 2797 1114 2832 quis
1132 2797 1367 2832 pnctermittenda
1382 2803 1495 2833 propter
1524 2796 1732 2824 multitudinem

943 2843 1093 2878 putaverit,
1106 2843 1244 2878 quomodo
1253 2851 1307 2871 non
1317 2844 1600 2879 maximamjaeturam
1613 2844 1736 2872 dederit?
