1952 3066
217 126 291 156 3207

827 126 858 156 s.
877 103 1065 157 SYMEonIs
1084 124 1264 158 JUNIORIS

1766 115 1839 147 3208

925 192 1038 221 CAPUT
1058 192 1142 220 XXX.

496 246 624 275 Sacerdos
644 250 736 274 sancto
764 247 909 282 injuriosus
932 248 1066 283 partitur:
1085 249 1188 282 inﬁrmi
1213 256 1260 284 per
1283 249 1408 275 uisionem
1432 251 1570 275 curantur.

255 320 316 348 ΞΗ.
332 319 464 348 Sacerdos
482 319 595 354 quidam
611 319 638 347 in
657 327 737 355 pago,
756 319 804 355 qui
828 319 1008 354 nuucupaba-
1023 323 1045 352 Α

219 371 265 394 tur
278 366 371 398 Cassa,
387 366 502 393 molesta
513 366 619 400 proprii
635 365 737 392 amoris
762 364 907 392 aﬂ‘eclione
927 365 1005 392 labo-

219 419 294 443 rans,
310 411 420 446 quando
435 411 571 438 mirabilia
587 419 670 446 opera
690 419 739 445 per
751 411 875 438 sanctum
894 410 1006 446 Symeo—

219 465 281 484 nem
292 461 397 491 patrata
412 457 454 483 vel
471 456 654 491 intelligebat,
667 457 710 483 vel
724 457 807 484 etiam
820 456 848 483 in
860 460 1007 483 transeun-

220 504 294 530 tibus
307 503 370 530 illac
394 503 516 535 videbat,
545 503 721 538 iniquitatem
737 506 765 530 et
791 502 920 538 injuriam
949 506 1007 529 tota

218 550 264 577 die
276 549 452 585 loquebatur,
466 549 600 584 diligebat
613 549 746 576 malitiam
767 549 912 583 plusquam
925 549 1006 576 boni-

219 598 302 621 tatem
319 598 347 620 et
363 593 527 628 iniustitiam
553 593 615 627 plus
628 600 708 627 quam
727 593 882 628 justitiam;
907 593 1007 628 dilige-

218 639 265 667 bat
278 639 371 666 omnia
388 639 473 666 verba
486 638 724 673 praecipitationis,
738 643 767 666 et
786 639 908 673 linguam
928 638 1007 665 dolo-

219 694 297 718 sam;
314 685 445 719 denique,
463 685 598 712 malevola
613 685 660 712 illa
688 689 716 712 et
743 685 875 712 insidiosa
901 684 1008 712 insania

218 731 304 758 veluti
331 731 462 758 ducatum
491 734 650 766 praestante,
681 730 851 758 anathemati
881 734 1007 757 sanctum

219 777 348 811 subjecit.
360 776 421 803 Mox
432 784 499 803 vero
523 776 663 811 ingentem
691 776 826 811 conspicit
852 775 1008 803 daemonum

219 823 329 849 turbam
344 824 443 857 (neque
457 822 533 849 enim
548 821 642 849 divina
667 822 773 857 justitia
794 821 884 856 potuit
905 821 1009 849 lentius

220 876 312 903 agere,
328 868 374 895 ubi
385 868 579 902 longanimitas
588 867 735 902 profutura
747 875 802 894 non
814 867 921 901 fuisset)
934 874 1010 895 com-

220 913 438 949 prehendentem
452 921 481 940 se
498 918 526 941 et
541 921 640 940 manus
651 917 712 947 post
739 917 846 947 tergum
872 918 948 940 actas
963 920 1008 940 re-

220 960 398 991 vincientem,
415 959 485 987 adeo
501 965 532 987 ut
552 966 662 987 sacrum
692 958 872 993 Evangelium
906 958 1008 993 populo

1097 319 1170 355 σμα¹.
1195 320 1296 354 Ἰερεὺς
1310 319 1364 355 γάρ
1378 328 1420 351 τις
1435 319 1463 345 ὲν
1479 317 1559 354 κώμῃ
1575 319 1672 353 Κασῖᾷ
1691 318 1844 357 καλουμένῃ

1058 365 1170 401 χαλεπῷ
1198 365 1279 392 πάθει
1302 364 1448 399 φιλαυτίας
1471 363 1609 395 ἑαλωκὼς,
1627 364 1708 398 ἡνίκα
1721 364 1755 391 τά
1774 368 1845 402 παρὰ.

1059 412 1106 438 τοῦ
1124 411 1196 438 θείου
1210 411 1323 447 Συμεὼν
1338 410 1498 437 τελεσθέντα
1515 409 1674 444 παραδόξως
1691 410 1709 444 ἦ
1728 412 1810 446 μάθοι
1827 414 1843 448 ἦ

1058 457 1101 484 διὰ
1110 457 1162 483 τῶν
1173 457 1326 492 παριόντων
1335 456 1393 489 ῐδοι,
1403 457 1516 491 ἀνομίαν
1523 457 1586 491 ὅλην
1594 456 1642 492 τὴν
1650 457 1756 492 ἡμέραν
1764 457 1846 492 ἐλογί-

1034 538 1038 541 κ
1060 503 1122 534 ζετο
1137 504 1153 538 ἡ
1170 502 1280 537 γλῶσσα
1296 502 1378 529 αὑτοῦ
1389 522 1396 534 ,
1411 503 1506 537 ἠγάπα
1527 504 1626 530 κακίαν
1652 504 1722 539 ὑπὲρ
1745 503 1848 538 ἀγαθω-

1061 548 1154 584 σύνην,
1170 548 1277 575 ἀδικίαν
1292 548 1361 584 ὑπὲρ
1377 548 1407 574 τὸ
1425 548 1541 583 λαλῆσαι
1555 549 1738 585 δικαιοσύνην,
1756 551 1849 585 ἠγάπα

1061 594 1151 621 πάντα
1177 595 1288 629 ῥήματα
1313 594 1546 629 καταποκιτισμοῦ,
1562 595 1688 629 γλῶσσαν
1700 595 1847 625 δολίανικαὶ

1062 639 1150 671 τέλος,
1162 637 1205 665 οἶα
1220 639 1254 665 τὰ
1273 639 1322 673 τῆς
1338 638 1493 674 κακούργου
1510 639 1612 674 ταύτης
1637 634 1684 666 καὶ
1705 639 1847 666 ἐπιϐούλου

1063 685 1103 715 εἰς
1117 684 1231 718 ἔσχατον
1249 684 1379 715 ἀπονοίας
1393 685 1629 719 χειραγωγούσης,
1640 685 1793 720 ἀναθέματι
1805 685 1848 710 τὸν

1061 728 1134 754 ὅσιον
1160 727 1316 754 ὑποϐάλλει.
1352 728 1407 754 Καὶ
1439 729 1612 764 παραχρῆμα
1637 729 1773 764 δαιμόνων
1801 729 1850 764 6ρᾷ

1061 773 1162 808 πλῆθος
1178 774 1401 809 (μακροθυμῆσαι
1416 774 1527 806 δικαίως
1541 775 1658 802 ἐνταῦθα
1676 775 1726 802 οὐκ
1736 777 1849 810 ἀνασχο-

1065 820 1149 855 μένης
1165 819 1215 854 τῆς
1249 819 1337 854 δίκης,
1356 820 1423 845 ὅπου
1448 820 1484 855 μὴ
1517 820 1650 847 συνοίσειν
1680 820 1774 856 ἔμελλε
1799 822 1852 852 τοῖς

1062 865 1171 897 πολλοῖς
1189 865 1219 891 τὸ
1237 865 1424 900 μακρόθυμον)
1444 865 1659 901 συλλαὸομένους
1679 866 1761 892 αὐτὸν
1773 865 1852 898 ,ὀπί-

1063 921 1102 940 σω
1126 921 1157 939 τε
1184 912 1222 939 τὼ
1249 914 1324 948 χεῖρε
1345 913 1562 948 περιαγαγόντας
1586 914 1634 940 καὶ
1656 913 1803 949 δήσαντας,
1817 912 1854 943 ὡς

1064 959 1132 994 μήτε
1156 959 1187 985 τὸ
1203 958 1276 994 ἱερὸν
1290 958 1454 992 Εὑαγγέλιον
1473 960 1512 990 είς
1528 956 1585 985 ὦτα
1596 959 1726 986 δύνασθαι
1744 958 1785 994 τῷ
1800 958 1855 993 λαῷ

221 1006 370 1040 ρτωιεεειθ
387 1009 436 1032 aut
461 1004 584 1032 divinam
612 1005 753 1039 liturgiam
784 1004 925 1032 celebrare
953 1011 1010 1031 non

1071 1004 1228 1039 ἱναγνῶναι,
1245 1005 1313 1040 μήτε
1336 1005 1385 1040 τὴν
1419 1005 1494 1032 θείαν
1517 1005 1672 1032 ἐπιτελέσαι
1707 1013 1855 1039 μυσταγω-

224 1051 347 1077 valeret:
367 1050 422 1076 imo
435 1050 457 1077 si
470 1049 582 1084 quando
598 1049 734 1084 ejusmodi
749 1049 873 1076 teutabat
895 1049 1011 1084 aliquid,

221 1097 360 1126 sentiebat
383 1096 435 1123 sibi
458 1101 578 1123 mentem
602 1104 754 1131 vocemque
774 1096 923 1129 immutari,
938 1100 967 1123 et
984 1096 1012 1123 in

223 1142 416 1169 confusionem
429 1149 507 1169 suam
533 1142 669 1170 converti.
696 1141 775 1175 Quod
793 1149 856 1169 cum
883 1142 1014 1177 nequiret

221 1186 293 1214 ferre
307 1187 460 1222 presbyter,
477 1187 604 1214 fortunas
629 1187 658 1213 in
679 1187 751 1220 illos,
769 1187 817 1222 qui
842 1187 947 1222 aliquid
976 1187 1015 1214 lc-

223 1232 342 1259 vaminis
357 1231 572 1266 pollicebantur,
594 1235 804 1266 consumpserat
818 1239 824 1263 ;
840 1231 940 1263 donec,
953 1238 1014 1258 om-

222 1285 285 1304 nem
302 1277 395 1304 animo
416 1283 545 1305 versante
562 1277 771 1312 cogitationem,
797 1281 960 1312 arguentem
984 1284 1014 1304 se

223 1323 326 1358 reperit
336 1324 534 1350 conscientiam
553 1324 747 1359 illorum,quae
771 1331 844 1358 saepe
859 1323 960 1358 saepius
986 1322 1015 1349 in

223 1373 350 1396 sanctum
372 1369 537 1404 Symeonem
555 1377 701 1404 perperam
715 1374 743 1396 et
771 1369 910 1396 malitiose
939 1369 1014 1395 ell‘u-

224 1414 322 1446 tierat;
347 1414 477 1448 quodque
493 1422 548 1441 non
564 1415 724 1442 erubuisset
745 1422 795 1449 per
820 1414 1015 1449 gravissimum

224 1459 317 1487 scelus
331 1459 420 1494 ipsum
441 1460 629 1495 perstringere
644 1459 832 1487 anathemate.

260 1504 322 1531 2’42.
339 1504 396 1531 Hoc
415 1505 498 1539 igitur
510 1505 600 1539 ipsum
617 1513 678 1532 esse
703 1505 871 1539 intelligetis,
886 1513 942 1540 quo
974 1504 1016 1531 in-

225 1549 373 1576 visibiliter
387 1558 402 1576 a
418 1549 511 1576 divino
528 1549 662 1577 sacrificio
692 1550 850 1582 arcebatur,
883 1550 1017 1577 velociter

227 1595 262 1622 ad
276 1599 400 1622 sanctum
415 1595 500 1628 venit,
523 1595 657 1630 petiitque
675 1595 783 1622 ardenti
808 1603 890 1630 prece
906 1595 1020 1622 veniam

228 1641 333 1669 delicti.
348 1641 460 1669 Dicente
470 1646 562 1668 autem
578 1646 688 1669 sancto:
711 1641 769 1668 Nisi
787 1642 1014 1676 priuspeccatum

229 1692 309 1715 tuum
320 1687 493 1715 confessione
508 1687 675 1722 expiaveris,
690 1689 759 1722 'qua:
780 1687 829 1714 tibi
844 1687 924 1714 venia
933 1687 944 1713 ’ἒ
968 1686 1017 1714 ali-
1029 1676 1051 1706 θ

229 1738 333 1768 quanto
345 1738 467 1768 tempore
488 1733 615 1760 absurdis
630 1732 930 1767 atqueimpudentibus
954 1739 1018 1758 ver—

230 1778 273 1805 bis
288 1786 316 1804 se
332 1778 505 1812 temperavit.
519 1778 622 1805 Deinde
644 1786 706 1805 eum
737 1778 826 1811 dolor,
840 1785 922 1813 quem
947 1785 1017 1812 pree-

230 1825 273 1848 tcr
289 1821 414 1848 morbum
426 1822 582 1856 patiebatur
609 1830 642 1849 eo
667 1823 741 1857 quod
769 1824 856 1850 sacris
883 1823 1019 1850 altaribus

230 1865 435 1900 prohiberetur,
451 1867 635 1900 verecundiae,
652 1871 682 1894 ut
705 1875 754 1903 par
774 1872 843 1900 erat,
856 1868 1017 1903 praevaluis-

234 1914 276 1937 set
291 1910 446 1945 (consuevit
462 1920 581 1946 namque
608 1912 635 1939 id
652 1913 726 1947 quod
751 1913 888 1940 infirmius
903 1918 945 1941 est
971 1921 1020 1948 per

232 1955 333 1983 fortius
345 1956 456 1990 expelli,
469 1961 496 1983 et
511 1956 666 1985 debellatus
678 1958 792 1986 affectus
804 1959 903 1986 cedere
920 1963 1020 1994 poten-

233 2001 308 2035 tiori)
337 2002 423 2035 palam
451 2010 500 2029 sua
531 2004 654 2030 narravit
682 2004 789 2037 omnia;
811 2012 892 2039 quam
916 2005 1020 2032 nefaria

233 2047 332 2073 crebro
350 2047 377 2074 in
391 2053 516 2075 sanctum
531 2049 700 2083 garririsset,
718 2050 848 2085 quodque
871 2058 925 2077 non
936 2050 1021 2077 absti-

234 2093 340 2120 nuisset
350 2094 537 2128 anathemate,
552 2095 600 2122 sed
618 2095 657 2122 illi
673 2096 762 2131 ipsum
777 2104 872 2123 amens
890 2096 1021 2131 subiecis—

235 2142 287 2165 set.
305 2138 374 2165 Tum
393 2144 516 2172 sanctus,
539 2145 613 2168 totus
638 2141 785 2176 benignus,
816 2146 890 2169 totus
912 2141 1021 2168 miseri-

233 2190 307 2215 cors,
324 2187 399 2211 totus
412 2185 595 2220 compaliens,
610 2185 744 2220 unigeniti
760 2185 822 2212 Filii
840 2186 889 2212 Dei
908 2185 1022 2212 commié

234 2228 401 2256 serationem
417 2234 444 2267 et
457 2230 648 2258 inexhauslam
679 2231 830 2258 bonitatem
860 2230 1020 2266 implorans,

234 2271 368 2306 impresso
398 2274 534 2301 sacerdoti
564 2280 747 2302 sacrosancta:
767 2275 857 2302 crucis
881 2276 974 2310 signo:
992 2275 1021 2302 ln

235 2317 359 2351 nomine,
386 2319 486 2353 inquit,
512 2320 621 2348 Domini
653 2321 715 2349 Iesu
740 2320 843 2349 Christi
873 2321 981 2349 solutus
993 2329 1022 2349 es

233 2363 405 2392 retinaculis.
426 2364 527 2393 Confer
544 2370 569 2393 le
583 2367 667 2401 igitur
685 2366 719 2394 ad
735 2366 878 2394 ecclesiam
894 2369 980 2398 tuam,
995 2369 1023 2393 et

234 2415 441 2437 sacrosanctum
456 2411 560 2439 Christi
583 2413 760 2448 Evangelium
775 2413 845 2440 bene
858 2420 941 2440 sanus
958 2420 1023 2447 per-

233 2453 319 2489 leges,
333 2460 360 2481 et
374 2463 504 2483 arcanum
521 2457 547 2484 in
563 2458 642 2485 altari
659 2451 824 2486 sacrificium
839 2466 913 2486 more
941 2459 1021 2486 solito

235 2500 345 2528 offeres.
360 2501 434 2528 Dixit
448 2502 505 2530 haec
522 2503 577 2535 ille,
596 2508 621 2531 et
635 2505 778 2540 presbyter
792 2504 896 2532 meritae
911 2505 950 2532 illi
962 2505 1022 2533 vin-

234 2546 315 2573 dictae
327 2553 470 2582 exemptus
492 2554 544 2580 est,
555 2554 583 2576 et
610 2558 696 2577 sacra:
721 2550 838 2586 liturgiae
865 2550 898 2577 ad
915 2551 1019 2578 exitum

235 2599 323 2626 usque
339 2593 411 2625 vitae,
426 2594 466 2621 uti
481 2600 544 2622 ante
557 2595 657 2623 solitus
672 2595 772 2629 fuerat,
790 2604 899 2631 semper
927 2604 1022 2632 opera-

237 2642 281 2665 tus
292 2643 343 2664 05L

269 2682 333 2710 245.
354 2684 418 2710 Post
433 2684 489 2712 haec
508 2685 655 2713 adducitur
668 2687 700 2714 ad
720 2687 809 2722 ipsum
824 2696 923 2721 caecus,
939 2689 1027 2716 altero

236 2729 306 2763 pelle
327 2734 400 2757 stare
424 2732 557 2766 nequiens
580 2742 635 2768 prae
656 2735 785 2770 paralysi,
809 2742 841 2762 ac
864 2735 952 2763 tribus
971 2736 1028 2763 dae-

236 2777 336 2803 momis
359 2778 520 2811 exagitatus.
545 2779 689 2808 Miseratus
705 2780 822 2816 Symeon
839 2782 1028 2810 multimodam

237 2826 269 2847 ac
281 2823 413 2850 diversam
431 2823 548 2852 hominis
561 2827 753 2860 calamitatem,
765 2828 797 2854 ad
814 2827 1031 2856 miscricordiam

1064 1050 1137 1084 γίαν,
1153 1049 1209 1075 ἀλλ’
1220 1049 1264 1076 ὅτε
1285 1057 1312 1076 τι
1333 1049 1379 1075 καὶ
1391 1049 1497 1076 τοιοῦτο
1505 1050 1602 1084 δράσαι
1617 1050 1792 1085 πειράσαιτο,
1807 1050 1855 1084 τήν

1064 1102 1094 1120 τε
1113 1093 1200 1129 φρένα
1213 1093 1259 1120 καὶ
1276 1093 1324 1129 τὴν
1343 1093 1434 1128 φωνὴν
1449 1094 1629 1126 ἀλλοιοῦσθαι,
1641 1095 1688 1121 καὶ
1703 1094 1774 1129 πρὸς
1797 1095 1856 1120 aia-

1065 1139 1150 1174 χύνης
1167 1138 1267 1173 μᾶλλον
1286 1138 1375 1174 ἑαυτῷ
1388 1139 1579 1166 καθίστασθαι.
1598 1140 1686 1174 Ὅπερ
1699 1140 1730 1165 οὐ
1740 1139 1858 1174 φέροντα

1065 1185 1110 1211 τὸν
1128 1184 1215 1220 ἱερέα,
1230 1185 1286 1216 τοῖς
1299 1193 1360 1211 τινα
1377 1185 1423 1211 τοῦ
1439 1185 1524 1211 κακοῦ
1543 1185 1618 1212 λύσιν
1628 1185 1857 1220 ὑπισχνουμένοις

1065 1230 1253 1268 ὲκδαπανῆσαι
1280 1230 1328 1256 καὶ
1342 1229 1389 1265 τὴν
1404 1230 1506 1261 οὐσίαν,
1525 1231 1576 1262 ἕως
1586 1229 1714 1269 λογισμὸν
1725 1230 1754 1255 ὲν
1769 1229 1857 1263 ἑαυτῷ

1066 1275 1154 1302 πάντα
1177 1275 1290 1310 κινήσας
1301 1294 1308 1305 ,
1327 1275 1480 1301 τύπτουσιν
1507 1275 1619 1310 εὕρισκε
1632 1276 1681 1311 τὴν
1692 1275 1855 1310 συνείδησιν,

1066 1318 1107 1352 οἷς
1127 1321 1197 1348 κατὰ
1208 1321 1255 1347 τοῦ
1267 1321 1339 1347 Θείου
1352 1321 1465 1356 Συμεὼν
1477 1320 1646 1356 πλημμελῶς
1661 1320 1792 1351 πολλάκις
1802 1319 1858 1355 ᾔδει

1066 1366 1260 1400 φθεγξάμενος,
1289 1366 1335 1392 καὶ
1352 1366 1425 1398 ὅπως
1443 1367 1504 1393 οὐδὲ
1519 1365 1691 1402 ἁναθέματος
1713 1365 1760 1392 ἐπ’
1777 1365 1858 1392 αὐτὸν

1067 1412 1188 1446 φείσαιτο
1204 1412 1234 1438 τὺ
1249 1412 1411 1440 δεινότατον.

1103 1503 1174 1538 σμβ’.
1198 1502 1284 1529 Τοῦτο
1305 1501 1451 1537 τοιγαροῦν
1475 1502 1562 1528 ἐκεῖνο
1589 1501 1660 1529 εἶναι
1677 1503 1770 1535 συνεὶς
1793 1504 1861 1539 ὅπερ

1068 1550 1148 1576 αὐτὸν
1173 1549 1223 1584 τῆς
1251 1548 1327 1579 θείας
1361 1548 1485 1580 eaeam;
1508 1548 1682 1584 λειτουργίας
1706 1550 1836 1585 ἀπείργοι
1853 1569 1860 1581 ,

1068 1595 1169 1629 σπουδῇ
1187 1595 1252 1630 παρ’
1274 1593 1355 1620 αὑτὸν
1376 1592 1508 1626 ἀνελθὼν,
1529 1595 1702 1630 συγχώρησιν
1716 1595 1778 1630 ᾔτει
1800 1595 1862 1631 Osp-

1070 1641 1136 1676 μῶς.
1151 1641 1204 1667 Τοῦ
1219 1641 1256 1673 δὲ,
1275 1641 1304 1667 Εἰ
1321 1641 1359 1676 μὴ
1367 1641 1415 1676 τὴν
1425 1641 1561 1677 ἁμαρτίαν
1570 1650 1616 1667 σου
1627 1641 1760 1677 πρότερον
1769 1642 1863 1676 ἐξαγο-

1069 1686 1186 1722 ρεύσεις,
1203 1688 1343 1720 εἰπόντος,
1367 1687 1431 1714 ποία
1454 1687 1547 1714 λοιπον
1577 1687 1753 1723 συγχώρησις
1785 1688 1862 1714 ἔσται

1071 1741 1127 1766 σοι;
1143 1733 1233 1767 ἐπεῖχε
1243 1733 1323 1767 μέχρι
1332 1733 1402 1764 τινὸς
1412 1733 1463 1759 ὑπὸ
1470 1733 1518 1766 τῆς
1528 1732 1657 1767 αἰσχύνης
1665 1734 1783 1764 ἐκεῖνος.
1795 1731 1862 1759 Εἶτα

1069 1781 1117 1814 τῆς
1126 1779 1170 1805 ἐπὶ
1184 1779 1222 1814 τῷ
1236 1779 1317 1805 πάθει
1332 1778 1419 1813 λύπης
1440 1778 1454 1804 ὃ
1471 1779 1583 1813 πάσχων
1595 1777 1629 1814 ἦν
1642 1778 1687 1804 ἐπὶ
1699 1780 1732 1814 τῇ
1745 1779 1807 1805 θεία
1816 1788 1866 1814 μυ-

1071 1824 1220 1860 σταγωγίᾳ,
1245 1824 1294 1859 τὴν
1309 1823 1440 1859 αἰσχύνην
1463 1825 1509 1858 (ὼς
1533 1823 1868 1860 είκὺς)διακρουσαμένης

1073 1870 1144 1906 (ἐπεὶ
1155 1871 1202 1896 καὶ
1216 1869 1320 1904 πέφυκε
1330 1861 1369 1904 τῷ
1378 1869 1481 1904 μείζονι
1489 1870 1519 1896 τὸ
1528 1867 1609 1906 ἦττον
1618 1869 1814 1905 ὲκκρούεσθαι,
1823 1871 1869 1897 καὶ

1070 1915 1100 1941 τὸ
1122 1914 1273 1950 νικώμενον
1283 1915 1326 1941 ἀεὶ
1345 1915 1430 1946 πάθος
1449 1915 1601 1950 ὑποχωρεῖν
1613 1914 1651 1950 τῷ
1659 1915 1820 1951 κρατοῦντι)
1831 1915 1869 1942 δι-

1072 1960 1167 1996 εξῆλθε
1182 1960 1271 1987 πάντα
1288 1960 1449 1995 σαφῶς,ὂσα
1457 1960 1585 1992 πολλάκις
1595 1960 1670 1996 αὐτῷ
1686 1961 1749 1987 κατ’
1761 1962 1869 1988 ἐκείνου

1072 2005 1193 2042 λεχθείη,
1215 2005 1263 2032 καὶ
1294 2006 1367 2037 ὅπως
1383 2006 1443 2032 οὐδὲ
1459 2006 1628 2042 ἀναθέματος
1656 2006 1701 2032 ἐπ’
1718 2006 1804 2032 αὑτὸν
1817 2007 1867 2032 άπ-

1072 2052 1178 2087 έσχετο,
1195 2051 1262 2078 ἀλλὰ
1276 2052 1323 2078 καὶ
1340 2051 1415 2087 αὐτῷ
1428 2051 1521 2078 τοῦτον
1537 2052 1660 2086 ἀνοήτως
1671 2051 1870 2086 ὑποὸεελήκει.

1079 2098 1110 2123 '0
1129 2097 1157 2123 δὲ
1171 2097 1230 2128 ὅλος
1246 2098 1399 2133 χρηστότης
1410 2117 1418 2130 ,
1431 2097 1491 2128 ὅλος
1513 2096 1612 2129 οἶκτος,
1632 2096 1693 2127 ὅλος
1711 2097 1873 2131 συμπάθεια

1077 2145 1131 2171 τῶν
1145 2145 1193 2172 τοῦ
1211 2145 1373 2180 μονογενοῦς
1389 2144 1539 2180 οἰκτιρμῶν
1551 2144 1643 2176 εὐθὺς,
1660 2144 1708 2171 καὶ
1726 2144 1780 2178 τῆς
1800 2144 1870 2170 άῦαα

1079 2191 1200 2226 πανήτου
1216 2191 1401 2227 χρηστότητος
1428 2190 1498 2225 ὑπὲρ
1520 2190 1602 2216 αὑτοῦ
1623 2190 1753 2225 δεόμενος
1764 2188 1814 2225 ἦν,
1825 2190 1874 2216 καὶ

1073 2238 1112 2273 τῷ
1133 2237 1180 2264 τοῦ
1205 2237 1322 2272 σταυροῦ
1342 2237 1448 2272 σημείῳ
1473 2236 1519 2263 τὸν
1544 2237 1619 2270 ίερέα
1633 2235 1806 2271 σφραγίσας,
1831 2235 1876 2262 Ἐν

1074 2284 1111 2318 τῷ
1128 2283 1240 2319 ὀνόματι
1253 2283 1300 2310 τοῦ
1323 2283 1424 2318 Κυρίου
1449 2281 1535 2318 Ἰησοῦ
1552 2281 1671 2318 Χριστοῦ
1691 2281 1810 2308 λέλυσαι
1823 2281 1877 2308 τῶν

1074 2329 1193 2365 δεσμῶν,
1222 2329 1294 2363 ἔφη·
1317 2328 1463 2364 Πορευθεὶς
1478 2328 1555 2363 παρὰ
1576 2328 1625 2362 τὴν
1653 2327 1809 2362 ἐκκλησίαν
1831 2335 1878 2353 σου

1078 2375 1176 2407 τοίνυν1
1198 2375 1228 2401 τό
1253 2383 1283 2401 τε
1312 2375 1382 2401 θετον
1411 2375 1496 2409 ὑγιῶς
1526 2374 1691 2408 Εὑαγγέλιον
1710 2373 1878 2409 ἀναγνώσῃ,

1076 2423 1123 2449 καὶ
1152 2422 1201 2456 τὴν
1222 2421 1356 2457 μυστικὴν
1377 2421 1415 2452 ὡς
1430 2421 1476 2447 καὶ
1493 2420 1589 2455 πρώην
1613 2422 1647 2455 τῇ
1665 2421 1727 2456 ἱερᾷ
1745 2420 1878 2455 τραπέζῃ

1075 2466 1171 2493 θυσίαν
1186 2466 1352 2502 προσοίσεις.
1371 2464 1438 2492 Εῐπε
1454 2465 1550 2497 ταῦτα,
1565 2465 1614 2492 καὶ
1628 2465 1658 2491 τὸ
1669 2464 1776 2491 δίκαιον
1787 2466 1881 2491 ἐκεῖνο

1074 2512 1160 2543 πάθος
1173 2512 1272 2538 αὐτίκα
1288 2514 1301 2538 ὀ
1316 2510 1404 2546 ἱερεὺς
1412 2510 1539 2542 ἀπέθετο,
1555 2510 1602 2537 καὶ
1616 2511 1632 2545 ἡ
1652 2509 1713 2535 θεία
1733 2509 1821 2545 μέχρι
1835 2517 1880 2534 τε·

1072 2558 1172 2592 λευτῆς
1193 2558 1229 2588 ὡς
1253 2557 1300 2584 καὶ
1325 2557 1457 2592 πρότερον
1478 2557 1552 2591 αὐτῷ
1578 2555 1760 2592 μυσταγωγία
1781 2557 1881 2582 ἐπετε-

1077 2602 1158 2629 λεῖτο.

1115 2689 1187 2724 σμγ’.
1204 2686 1270 2717 Εἶτα
1286 2689 1453 2725 προσάγεται
1468 2697 1509 2721 τις
1531 2687 1606 2724 αὐτῷ
1628 2688 1741 2723 τυφλδς,
1759 2687 1885 2717 οὒδῚπὶ

1082 2736 1128 2762 τοῦ
1151 2736 1236 2771 ἰσχίου
1262 2736 1358 2770 στῆναι
1373 2736 1531 2770 δυνάμενος,
1547 2735 1616 2762 ἀλλὰ
1629 2735 1678 2762 καὶ
1691 2734 1773 2762 τοῦτο
1785 2734 1884 2764 δεινῶς

1086 2783 1263 2816 παρειμένος,
1278 2783 1387 2818 δαίμοσί
1398 2790 1427 2808 τε
1443 2782 1529 2818 τρισὶν
1543 2781 1719 2816 ἑταζὸμενος.
1741 2781 1770 2808 '0
1793 2781 1823 2809 δὲ
1836 2780 1885 2812 τῆς

1087 2828 1243 2861 πολυειδοῦς
1269 2830 1348 2856 αὐτὸν
1372 2829 1419 2855 καὶ
1440 2828 1566 2863 ποικίλης
1590 2828 1741 2863 συμφορᾶς
1764 2827 1886 2861 Furias;
