1952 3066
167 173 235 206 32η

703 172 882 203 EPISTOLA
899 172 948 202 AD
965 172 1159 203 JUSTINUM
1179 171 1257 203 IMP.

1720 164 1799 198 39.18

167 231 348 266 θρωπήσαντα
361 229 425 257 Θεὸν
439 230 534 264 Λόγον,
551 230 597 257 καὶ
609 230 648 262 είς
662 230 712 265 τὴν
726 229 862 264 παναγῖαν
878 229 950 256 ἔνδο-

1006 237 1115 256 omuem
1145 230 1282 258 actionem
1309 228 1512 263 blasphemam,
1539 229 1734 262 prmsumptam
1763 225 1800 252 in~

167 279 211 312 εον
224 279 392 314 Θεομὴτορι,
408 278 455 304 καὶ
470 277 515 304 τὸν
529 277 682 304 πάνσεπτον
697 276 743 304 καὶ
759 276 849 312 τίμιον
870 284 952 303 σταυ-

169 327 223 361 ρὸν,
241 325 286 352 καὶ
299 327 337 357 εἰς
351 327 414 357 τοὺς
430 325 524 359 ἁγίους
539 324 633 350 αὑτοῦ.

201 462 246 489 Διὸ
269 462 521 498 ὑπομιμνήσκοντες
547 461 720 496 ἀναφέρομεν
742 459 789 486 ἐπὶ
805 459 854 490 τὰς
877 458 952 490 θείας

166 508 242 543 ὑμῶν
259 508 355 539 ἀκοὰς,
372 508 412 534 ὅτι
428 509 452 534 εἰ
465 509 489 534 ol.
508 507 686 538 πανευσεὸεἰς
709 506 764 532 τῶν
790 505 952 532 καλλινίκων

170 553 247 588 ὑμῶν
256 553 332 588 νόμοι
344 553 586 588 παρακελεύονται,
594 553 695 583 εἰκόνος
704 550 834 586 βασιλέως
845 551 953 585 ὲνυΰρι-

165 599 292 633 ζομένης,
300 599 406 634 θανάτῳ
414 599 523 634 ἐξαισίῳ
532 599 577 625 καὶ
586 596 754 632 πανολεθρίῳ
761 595 953 629 παραδίδοσθαι

164 645 226 676 τοὺς
235 645 313 671 τοῦτο
322 646 471 680 ἐπιχειρεῖν
479 644 647 679 τολμῶντας,
656 643 742 677 πόσης
751 643 804 678 ἄρα
816 642 886 674 ἄξιοί
902 643 953 668 εἱσι

165 689 311 724 καταδίκης
320 690 358 721 εἰς
367 689 514 722 ἀπώλειαν,
524 690 548 716 οι
559 690 598 720 εἰς
605 689 655 724 τὴν
663 688 755 715 εἰκόνα
763 687 810 714 τοῦ
824 687 888 714 Υἰοῦ
907 687 953 713 τοῦ

164 735 243 768 Θεοῦ,
257 736 302 761 καὶ
311 736 361 770 τῆς
371 736 506 769 παναγῐας
520 735 626 767 ἐνδόξου
638 734 769 761 Θεοτόκου
782 733 850 769 μετὰ
864 734 955 769 πάσης

163 779 277 806 ὰλέκτου
294 780 439 813 ἀναιδείας,
450 780 498 807 καὶ
516 780 651 812 ἀσεϐείας,
664 780 711 806 καί
722 779 765 806 διὰ
779 780 810 805 τὸ
818 779 954 814 ὑπερϐάλ-

163 825 208 851 λον
226 826 310 852 κακὸν
325 826 376 852 οὐκ
391 825 444 861 ἔχω
460 826 486 852 τί
505 825 720 859 εἰπεῖν,τοιαῦτα
742 825 951 861 τετολμηκότες,

165 871 299 906 μηδεμιᾶς
331 872 370 902 εἰς
393 871 516 903 αὐτοῦςα
542 871 696 906 γενομένης
723 870 950 906 φιλανοριυπίαςς

161 917 222 943 ὅθεν
244 917 422 952 δυσωποῦμεν
446 918 477 944 τὸ
499 917 655 944 καλλίνικον
681 918 758 953 ὑμῶν
783 918 893 953 κράτος,
914 917 951 953 μὴ

162 963 275 997 ποιῆσαι
299 963 371 994 ἕλεος
390 964 430 994 εἰς
453 963 517 994 τοὺς
541 963 620 990 τοῦτο
640 963 851 999 τετολμηκότας,
882 964 951 999 μήτε

161 1009 307 1042 φείσασθαι
326 1009 426 1042 αὐτῶν,
450 1009 520 1044 μήτε
545 1009 595 1044 τὴν
615 1009 722 1036 οίανοῦν
739 1009 914 1045 παράκλησιν
934 1010 949 1045 ἣ

161 1053 308 1087 ἀπολογίαν
338 1053 465 1086 δέξασθαι
494 1054 558 1089 περὶ
583 1055 682 1086 αὐτῶν,
711 1055 753 1081 ἵνα
782 1055 819 1091 μὴ
844 1055 892 1082 καὶ
912 1056 952 1086 εὶς

160 1098 224 1125 ἄλλο
247 1107 272 1125 τι
295 1099 438 1133 τραπῶσι,
465 1099 556 1131 καθὼς
594 1100 644 1136 ἤδη
675 1100 791 1136 Θεωρίαν
819 1102 952 1137 ἑωρακὼς

161 1143 235 1179 ἥμην
248 1143 372 1178 δηλώσας
392 1144 431 1180 τῷ
448 1144 596 1180 Αὐγούστῳ
612 1146 676 1181 μηνὶ
691 1146 730 1180 τῷ
747 1147 890 1182 ἁγιωτάτῳ
904 1148 952 1174 καὶ

162 1189 316 1225 Θεοτιμήτῳ
342 1192 501 1227 πατριάρχῃ
514 1212 520 1224 ,
549 1193 673 1226 σημάνας
691 1194 720 1220 ὲν
740 1193 778 1228 τῷ
802 1194 869 1226 τέως
886 1195 951 1229 παρ’

162 1236 251 1269 ἑαυτῷ
267 1236 348 1271 ἔχειν.
365 1237 403 1264 Ub
421 1237 475 1273 γὰρ
495 1238 614 1273 ἔκρυψεν
635 1239 682 1273 ἀφ’
698 1239 775 1274 ἡμῶν
800 1241 814 1266 ό
838 1241 903 1272 Θεὸς
917 1241 952 1267 τὰ

161 1282 301 1309 διαὸούλια
321 1283 422 1311 αὐτῶν.
444 1283 524 1310 Ὅθεν
549 1285 806 1321 πεπληροφόρημαι,
823 1287 952 1313 ἀεισέὸα-

162 1337 219 1356 στοι
245 1329 455 1365 αὐτοκράτορες,
480 1331 584 1366 ὃτιοὺχ
613 1331 759 1366 ὑπενέγκοι
783 1332 951 1369 βαστάσαιὴ

161 1375 214 1401 ὑπὸ
230 1375 278 1410 τῆς
297 1375 507 1411 μεγαλειότητος
522 1377 605 1404 αὑτοῦ
627 1377 821 1413 ἐλλαμπομὲνη
836 1379 950 1415 θεοστή-

163 1427 254 1455 ρικτος
271 1420 347 1455 ὑμῶν
363 1421 461 1456 καρδία
476 1422 526 1456 τὴν
547 1423 681 1458 τοσαύτην
696 1423 745 1458 τῆς
760 1424 872 1459 ἀτιμίας
885 1425 949 1452 ἀτο-

161 1463 238 1496 πίαν,
263 1465 297 1500 ἢν
324 1465 452 1492 οὐδέποτε
468 1467 550 1502 μέχρι
563 1467 612 1494 τοῦ
631 1468 679 1495 νῦν
694 1469 866 1505 ἀκηκόαμεν,
882 1470 952 1506 τάχα

161 1509 189 1536 δὲ
201 1509 263 1537 οὔτε
276 1510 354 1543 ἄλλος
368 1512 540 1547 Χριστιανός.

203 1602 382 1638 Ἀλλ⁷ὲνορκῶ
394 1604 474 1638 ὑμᾶς,
491 1604 617 1638 δέσποτα,
632 1606 702 1633 κατὰ
719 1607 766 1633 τοῦ
775 1606 949 1642 Ἑμμανουὴλ

162 1648 230 1674 Θεοῦ
257 1649 381 1683 ὑψίστου,
400 1651 437 1685 μὴ
453 1651 596 1686 ἀναμεῖναι
612 1653 680 1688 μήτε
693 1653 762 1688 πρὸς
786 1654 884 1689 μικρὸν
901 1654 948 1681 τοῦ

162 1693 289 1727 γενέσθαι
314 1695 362 1730 τὴν
397 1696 553 1731 πρέπουσαν
578 1697 736 1733 ἐκδίκησιν·
763 1699 891 1726 κελεῦσαι
921 1700 950 1727 δὲ

161 1740 346 1775 ὲκζητηθῆναι
364 1741 410 1767 καὶ
425 1742 461 1768 τὰ
485 1743 514 1768 ὲν
534 1742 573 1778 τῷ
600 1743 698 1778 φρέατι
721 1745 852 1778 γεγονότα
874 1745 949 1781 παρὰ

161 1786 212 1818 τῆς
233 1785 454 1820 ὑπερϐαλλούσης
473 1787 563 1815 αὐτῶν
592 1789 782 1823 παγκακίστου
807 1791 948 1826 πονηρίας,

161 1831 233 1857 κατὰ
249 1831 298 1867 τὴν
313 1832 384 1867 ὑφὴν
397 1833 446 1868 τῆς
462 1834 533 1868 πρὸς
542 1835 591 1870 τὴν
605 1835 684 1870 ἡμῶν
698 1836 862 1871 μετριότητα
887 1838 948 1864 ἑπι-

162 1878 273 1913 στολῆς·
293 1879 330 1914 μὴ
347 1880 567 1916 προσδεχομένης
593 1883 644 1916 τῆς
665 1882 849 1918 ήμερωτάτης
873 1883 949 1918 ὑμῶν

160 1923 330 1958 δεσποτείας,
347 1926 370 1951 εί
385 1926 450 1957 ἴσως
464 1926 570 1959 δόξουσι
585 1935 658 1959 τινες
679 1928 856 1962 ὑποσπείρειν
868 1929 949 1955 ἀκαί-

162 1977 225 2004 ρους
253 1970 358 2004 λόγους,
381 1971 418 2002 ὡς
446 1972 642 2000 δεσποινιακῶν
667 1973 757 2000 αὐτῶν
786 1975 880 2007 όντων,
902 1974 949 2001 τοῦ

160 2014 228 2040 Θεοῦ
250 2015 297 2041 τοῦ
326 2015 472 2048 δεδωκότος
498 2017 562 2052 ὑμῖν
588 2018 618 2055 τὸ
632 2018 732 2053 κράτος
763 2017 850 2050 οὕτως
878 2020 950 2055 ὑπὲρ

160 2061 252 2087 πᾶσαν
269 2061 396 2088 ἀσέϐειαν
416 2053 621 2097 ἑνυΰρισοέντος
635 2072 641 2079 ·
659 2065 734 2096 ὅπως
749 2065 796 2091 καὶ
820 2065 845 2091 οἱ
862 2053 951 2093 λοιποὶ

160 2106 250 2134 αὐτῶν
266 2107 346 2141 φόϐον
359 2107 441 2143 ἔχωσι
462 2110 552 2141 πάσας
566 2110 616 2141 τὰς
639 2111 748 2145 ἡμέρας
774 2111 823 2145 τῆς
847 2111 952 2147 ἐπαρά-

159 2161 206 2179 του
231 2154 278 2179 καὶ
292 2153 486 2189 ἀφωρισμένης
506 2154 594 2181 αὐτῶν
608 2154 729 2190 βιώσεως
741 2164 748 2172 ·
760 2155 807 2188 οὓς
823 2156 871 2183 καὶ
882 2157 951 2183 ἀπο-

158 2197 265 2231 δέξεται
284 2198 314 2224 τὸ
340 2199 470 2233 συγγενὲς
495 2199 584 2226 αὐτῶν
601 2201 695 2232 σκότος
716 2202 757 2233 εὶς
776 2202 825 2235 τὴν
839 2203 951 2229 καταδί-

1005 276 1094 311 ipsum
1113 276 1159 305 Dei
1176 277 1296 304 Verbum
1307 296 1314 308 ,
1330 275 1403 310 quod
1422 278 1536 309 propter
1553 281 1603 301 nos
1620 273 1801 300 incarnatumw

1003 326 1055 355 est,
1068 326 1096 349 et
1107 322 1134 349 in
1144 322 1344 350 sanctissimam
1356 329 1387 348 ac
1397 320 1543 355 gloriosam
1553 320 1600 346 Dei
1614 318 1791 349 Genitriccm,

1003 372 1085 402 atque
1103 368 1130 394 in
1144 368 1329 395 venerabilem
1345 374 1376 393 ac
1389 366 1536 401 pretiosam
1552 372 1672 396 crucem,
1685 370 1791 391 necnon

1003 417 1030 439 ct
1045 413 1071 439 in
1087 417 1197 440 sanctos
1211 413 1281 448 ejus.

1039 459 1155 493 Propter
1170 459 1242 494 quod
1263 463 1510 486 commemorantes
1529 455 1699 491 suggerimus
1720 453 1792 481 divi-

1004 504 1046 530 nis
1066 504 1178 530 auribus
1194 503 1305 536 vestris,
1321 503 1460 538 quoniam,
1473 502 1495 530 si
1513 501 1642 536 piissimae
1659 499 1795 526 bonarum

1004 549 1183 576 victariarum
1196 554 1350 576 vestrarum
1363 549 1438 584 leges
1449 549 1557 584 jubent,
1572 546 1688 581 imagine
1704 545 1792 579 impe-

1004 596 1105 622 ratoris
1121 595 1230 630 injuriis
1245 595 1383 627 lacessita,
1397 594 1479 621 morti
1497 599 1633 628 suprema:
1650 598 1682 618 ac
1697 590 1793 626 perni-

1004 641 1163 669 ClOSiSSllTILB
1180 641 1344 670 tradendos,
1361 641 1408 676 qui
1427 641 1480 667 hoc
1497 638 1591 666 conari
1609 643 1793 673 prtesumpse-

1005 687 1070 718 rint,
1087 692 1199 721 quanta,
1213 691 1305 721 putas,
1321 686 1397 721 digni
1414 690 1478 713 sunt
1493 685 1670 713 damnatione
1687 685 1715 710 in
1731 690 1795 718 per-

1005 732 1152 764 ditionem,
1167 732 1213 766 qui
1229 732 1255 758 in
1273 731 1419 767 imaginem
1432 731 1494 758 Filii
1508 730 1556 758 Dei
1572 735 1599 758 et
1614 728 1795 757 sanctissima;

1004 786 1035 805 ac
1062 779 1188 813 gloriosae
1209 779 1258 805 Dei
1274 779 1423 806 Genitricis
1448 785 1510 805 cum
1537 777 1612 804 omni
1637 775 1793 803 incessabili

1006 824 1164 859 [iudicibili]
1195 824 1367 858 impudentia
1393 829 1421 851 et
1448 823 1606 858 impietate,
1632 828 1659 849 et
1683 825 1795 856 propter

1005 870 1117 896 nimiam
1142 870 1292 902 malitiam,
1311 877 1365 896 non
1392 869 1480 896 habeo
1504 868 1577 904 quod
1601 868 1708 899 dicant,
1730 868 1795 894 talia

1004 920 1254 951 praesumpscrunt,
1279 916 1353 943 nulla
1378 915 1405 942 in
1431 915 1471 942 eis
1494 915 1565 942 facta
1588 913 1796 941 misericordia?

1003 962 1080 989 Unde
1101 963 1278 990 obsecramus
1297 961 1555 989 victoriosissimum
1575 960 1722 995 imperium
1745 967 1798 985 vr—

1003 1012 1108 1041 strum,
1132 1017 1166 1036 ne
1190 1009 1271 1036 faciat
1296 1008 1513 1036 misericordiam
1546 1007 1572 1034 in
1601 1014 1657 1034 eos,
1672 1006 1718 1040 qui
1743 1005 1796 1032 hoc

1003 1061 1082 1089 agere
1100 1055 1159 1081 ausi
1177 1059 1256 1086 sunt,
1274 1062 1363 1089 neque
1381 1057 1476 1088 parcat
1492 1053 1546 1084 eis,
1565 1059 1653 1087 neque
1670 1051 1796 1086 qualern-

1003 1107 1111 1134 θηται-ιθ
1144 1100 1357 1135 postulationem
1389 1100 1430 1127 vel
1460 1099 1596 1126 rationem
1628 1105 1711 1132 super
1742 1097 1795 1123 illis

1003 1146 1120 1181 accipiat
1134 1154 1168 1173 ne
1184 1147 1210 1173 in
1226 1146 1301 1173 aliud
1316 1146 1382 1181 quid
1398 1149 1552 1176 vertantur,
1567 1143 1648 1171 sicuti
1664 1144 1719 1178 jam
1735 1143 1794 1170 vis:

1002 1192 1127 1219 videram
1145 1192 1271 1220 indicans
1282 1194 1408 1227 Augusto
1427 1198 1520 1218 mense
1541 1189 1714 1217 sanctissimo
1732 1193 1759 1216 et
1779 1197 1795 1215 a

1003 1239 1059 1266 Deo
1072 1239 1314 1266 honorabilissimo
1328 1237 1501 1274 patriarclue,
1511 1236 1670 1272 signiﬁcans
1683 1235 1794 1262 interim

1003 1285 1056 1313 hoc
1070 1285 1143 1320 apud
1157 1293 1186 1313 se
1201 1285 1366 1313 servandum
1389 1293 1395 1310 :
1417 1291 1505 1318 neque
1525 1283 1598 1310 enim
1618 1281 1763 1309 abscondit
1781 1292 1796 1308 ιι

1003 1332 1082 1360 nobis
1096 1332 1169 1359 Deus
1184 1331 1364 1367 cogitationes
1378 1338 1485 1358 eorum.
1504 1329 1581 1357 Unde
1602 1333 1697 1356 certus
1720 1336 1792 1358 sum,

1003 1386 1113 1413 semper
1132 1378 1250 1414 Augusti
1275 1377 1473 1413 imperatores,
1499 1375 1574 1411 quod
1599 1383 1654 1402 non
1681 1374 1795 1402 suﬂ'erat

1003 1426 1060 1453 Deo
1085 1426 1277 1453 confirmatum
1303 1434 1352 1453 eor
1376 1429 1513 1454 vestrum.
1535 1423 1608 1458 quod
1639 1423 1726 1458 ipsius
1752 1428 1796 1450 cst

1003 1473 1191 1508 magnitudine
1205 1473 1383 1504 illustratum,
1396 1475 1498 1498 tantam
1514 1469 1716 1497 inhonorantiaa
1731 1477 1796 1504 pro-

1002 1519 1157 1551 cacitatem,
1176 1526 1258 1554 quam
1279 1525 1420 1552 nunquam
1443 1517 1498 1544 huc
1521 1523 1608 1551 usque
1627 1514 1794 1546 audivimus,

1003 1564 1129 1592 fortassis
1143 1571 1236 1592 autem
1248 1572 1300 1592 nec
1314 1563 1386 1591 alius
1399 1563 1545 1598 quisquam
1559 1561 1794 1590 Christianorum.

1039 1611 1092 1639 Sed
1115 1611 1211 1646 adjuro
1233 1618 1297 1643 vos,
1314 1610 1439 1641 domine,
1453 1617 1504 1644 per
1525 1608 1686 1646 Emmanuel
1707 1608 1795 1635 Deum

1002 1657 1156 1689 excelsum,
1171 1664 1206 1683 ne
1228 1656 1367 1683 suﬂ‘eratis
1387 1655 1483 1682 saltem
1508 1655 1542 1681 ad
1566 1644 1704 1680 modicum
1727 1653 1796 1688 quid

1004 1702 1064 1729 ﬁeri
1092 1702 1236 1730 decentem
1261 1702 1429 1735 vindictam;
1461 1701 1508 1729 sed
1536 1700 1659 1735 jubeatis
1685 1700 1795 1734 exquiri

1003 1745 1085 1772 etiam
1103 1745 1148 1772 illa
1165 1753 1226 1780 quae
1242 1746 1269 1773 in
1285 1750 1370 1781 puteo
1382 1745 1455 1773 facta
1476 1749 1540 1772 sunt
1558 1753 1573 1772 a
1594 1745 1678 1772 nimia
1697 1752 1794 1772 eorum

1002 1796 1031 1819 et
1050 1792 1170 1826 pessima
1190 1792 1330 1827 nequitia,
1351 1792 1505 1820 secundum
1527 1796 1651 1819 tenorem
1672 1791 1796 1826 epistolae

1003 1846 1064 1872 qua:
1089 1838 1123 1865 ad
1145 1842 1268 1866 nostram
1293 1838 1516 1866 mediocritatem
1541 1838 1701 1865 transmissa
1723 1843 1765 1865 est
1787 1847 1794 1864 :

1003 1883 1117 1910 minime
1146 1884 1325 1918 permittente
1355 1883 1577 1912 mansuetissima
1607 1883 1796 1911 dominatione

1002 1934 1111 1961 vestra,
1135 1930 1158 1956 si
1183 1929 1256 1958 forte
1283 1930 1444 1966 putaverint
1469 1929 1580 1964 quidam
1605 1929 1796 1957 subseminarc

1003 1975 1176 2009 importunos
1187 1973 1354 2008 ‘sermones,
1381 1983 1444 2002 cum
1467 1975 1546 2010 quasi
1571 1974 1716 2002 dominicae
1741 1975 1797 2001 sint

1004 2020 1150 2055 potestatis
1163 2020 1233 2056 [Gr.,
1244 2028 1271 2055 q.
1282 2020 1315 2047 ad
1329 2020 1447 2047 domina:
1461 2020 1480 2047 i.
1490 2022 1619 2055 Augustae
1632 2025 1796 2055 potestatem

1004 2065 1187 2101 pertineant],
1204 2066 1261 2093 Deo
1275 2065 1322 2100 qui
1338 2066 1414 2093 dedit
1428 2066 1507 2093 vobis
1525 2066 1688 2101 imperium,
1704 2067 1796 2094 taliter

1003 2119 1088 2146 super
1107 2119 1217 2139 omnem
1239 2112 1408 2146 impietatem
1432 2112 1542 2148 injuriis
1563 2113 1663 2140 affecto
1686 2122 1692 2140 :
1717 2118 1746 2141 ut
1768 2119 1796 2141 et

1004 2157 1096 2184 cmleri
1113 2165 1209 2185 eorum
1227 2157 1353 2185 timorem
1371 2158 1490 2185 habeant
1504 2158 1611 2186 cunctis
1624 2158 1722 2186 diebus
1737 2167 1796 2186 ma-

1004 2204 1112 2231 ledicta:
1124 2211 1156 2231 ac
1168 2207 1315 2239 segregata:
1330 2204 1393 2231 vitm
1408 2204 1532 2238 ipsorum
1552 2213 1559 2231 :
1578 2212 1647 2239 quos
1663 2210 1691 2232 et
1705 2206 1795 2232 susci-

159 2252 211 2279 κην
228 2243 274 2270 τοῦ
293 2244 435 2279 μέλλοντος
455 2245 555 2278 αὐτοὺς
579 2247 732 2274 κατεσθίειν
747 2247 883 2275 ἀσόἐστου
903 2250 950 2276 καὶ

1004 2249 1081 2284 pient
1093 2254 1215 2284 cognatae
1230 2249 1350 2277 tenebrae
1363 2257 1420 2277 sua:
1436 2250 1462 2276 in
1476 2250 1680 2278 damnationem
1693 2251 1802 2278 vermis

158 2289 297 2324 ἀφεγγοῢς
313 2290 414 2325 πυρός’
440 2291 488 2317 καὶ
512 2292 725 2326 καταθεματίσει
743 2293 842 2326 αὐτοὺς
860 2295 900 2326 εἰς
917 2294 951 2322 τὰ

159 2334 324 2370 καταχθόνια
348 2335 397 2370 τῆς
410 2335 528 2362 ἀϐύσσου
547 2337 612 2364 αὐτὸ
626 2338 656 2364 τὸ
672 2339 803 2373 πανάγιον
818 2341 867 2366 καὶ
882 2349 948 2367 παν-

158 2380 308 2415 τοδύναμον
321 2381 432 2416 Πνεῦμα
447 2382 533 2416 Ἰησοῦ
545 2383 664 2418 Χριστοῦ
676 2383 722 2411 τοῦ
738 2385 842 2421 Κυρίου
856 2385 947 2420 ἡμῶν,

158 2427 189 2453 τὸ
215 2427 247 2452 ὲκ
273 2426 319 2454 τοῦ
350 2427 457 2462 [ἰατρὸς
477 2428 704 2464 ἐκπορευόμενον,
732 2430 779 2456 τοῦ
801 2431 949 2458 ἀπολέσθαι

159 2472 258 2504 αὐτοὺς
282 2473 322 2504 εἰς
341 2473 494 2508 ἀπέραντον
523 2474 672 2503 ἀπώλειαν.
697 2475 798 2503 Τοῦτον
823 2478 878 2512 γὰρ
905 2478 951 2504 τὸν

158 2517 240 2552 ζῆλον
264 2518 462 2551 ἐνδεικνύμενοι
499 2520 661 2552 σπουδαίως,
682 2521 860 2555 θεοιρύλακτοι
888 2531 951 2558 τρο-

158 2563 296 2598 παιοῦχοι,
315 2565 355 2596 είς
366 2563 449 2590 αὑτὸν
465 2564 510 2590 τὸν
527 2565 760 2600 συμϐασιλεύοντα
775 2569 808 2603 τῇ
823 2568 950 2604 εὐσεϐείᾳ

160 2609 238 2644 ὑμῶν
259 2611 391 2646 μονογενῆ
405 2611 482 2644 θεὲν,
495 2611 566 2647 ὑπὲρ
580 2611 629 2647 τὴν
640 2612 687 2638 τοῦ
711 2612 838 2648 Ἀϐραὰμ
855 2613 950 2641 θυσίαν

156 2655 374 2691 ἀποδεχθήσεσθε
402 2657 478 2692 παρὰ
491 2657 541 2693 τῆς
554 2657 636 2684 αὐτοῦ
651 2659 841 2685 παντεπὸπτου
858 2659 951 2696 θεότη-

157 2707 212 2731 τος·
223 2700 268 2726 καὶ
278 2700 352 2727 ἔσται
362 2702 407 2727 ἐπὶ
417 2702 499 2728 πλείω
508 2702 677 2738 εὐλογημένη
686 2704 733 2730 καὶ
743 2704 948 2741 μεγαλυνομένη

158 2746 197 2781 τῷ
219 2746 314 2781 κράτει
341 2747 391 2782 τῆς
424 2748 514 2783 ἰσχύος
540 2749 622 2777 αὐτοῦ
642 2751 659 2785 ἡ
674 2750 846 2786 φιλόχριστος
870 2751 946 2786 ὑμῶν

159 2790 281 2827 βασιλεία
309 2792 379 2829 ὑπὲρ
407 2793 496 2827 πάσας
526 2795 574 2828 τὰς
602 2796 758 2832 ἔμπροσθεν
788 2797 943 2833 βασιλείας·

192 2890 215 2922 ⁸,
223 2887 363 2920 ισ.αὑτάς.

1006 2295 1132 2331 [cineris]
1145 2295 1192 2330 qui
1207 2300 1383 2323 comesturus
1395 2299 1434 2323 est
1449 2295 1521 2329 illos,
1532 2301 1559 2324 et
1572 2297 1642 2332 ignis
1654 2297 1703 2332 qui
1716 2297 1796 2334 [non]

997 2341 1155 2376 splendebit
1174 2350 1181 2368 :
1202 2345 1231 2368 et
1251 2341 1496 2369 anathematizabit
1516 2343 1796 2380 [catathematizabit]

999 2394 1047 2414 eos
1071 2386 1099 2413 in
1122 2386 1302 2414 inferioribus
1325 2387 1416 2423 abyssi
1439 2388 1498 2423 ipse
1522 2393 1634 2416 sanctus
1655 2393 1683 2416 et
1703 2389 1794 2416 omni-

1001 2437 1098 2466 potens
1116 2431 1235 2467 Spiritus
1249 2432 1314 2460 Jesu
1331 2433 1433 2461 Christi
1453 2434 1562 2461 Domini
1580 2435 1679 2467 nostri,
1694 2435 1742 2469 qui
1761 2443 1795 2463 ex

1002 2478 1081 2506 Patre
1104 2478 1248 2513 procedit,
1265 2478 1299 2506 ad
1323 2479 1496 2514 perdendum
1519 2480 1581 2507 illos
1605 2480 1632 2507 in
1659 2480 1794 2508 inﬁnitam

1003 2524 1198 2558 perditionem.
1215 2525 1294 2553 Ilune
1307 2525 1381 2553 enim
1396 2526 1485 2555 zelum
1500 2526 1581 2553 vobis
1597 2532 1707 2553 strenue
1717 2547 1723 2558 ,
1739 2527 1796 2554 Deo

1003 2571 1185 2598 conservandi
1206 2575 1234 2598 et
1256 2571 1487 2606 triumphatores,
1503 2572 1531 2599 in
1553 2571 1642 2607 ipsum
1664 2571 1711 2607 qui
1731 2580 1795 2600 cum

1002 2616 1104 2651 pietate
1119 2623 1210 2645 vestra
1224 2622 1335 2653 regnat,
1350 2618 1523 2654 unigenitum
1540 2618 1796 2647 demonstrantibus

1003 2662 1105 2695 Deum,
1121 2671 1205 2699 super
1224 2662 1391 2691 sacriﬁcium
1410 2664 1528 2692 Abrahm
1549 2665 1738 2700 suscipicniini
1759 2665 1794 2693 ab

1002 2709 1061 2743 ejus
1077 2713 1242 2736 cunctorum
1257 2709 1423 2744 inspectricc
1437 2710 1540 2738 deitatc
1557 2720 1563 2737 :
1580 2715 1608 2738 et
1619 2711 1673 2738 erit
1686 2718 1794 2745 peratu-

1001 2754 1074 2789 plius
1087 2754 1264 2783 benedictum
1273 2775 1280 2788 ,
1294 2755 1417 2790 potentia
1429 2756 1541 2784 virtutis
1554 2757 1629 2793 ejus,
1642 2762 1671 2784 et
1686 2757 1794 2792 magni-

1002 2799 1112 2828 ﬁcatum
1130 2800 1241 2828 Christo
1259 2801 1390 2829 dilectum
1408 2801 1555 2837 imperium
1570 2807 1689 2830 vestrum
1706 2808 1793 2838 super
