1952 3066
139 164 205 198 3ζ21
867 174 1032 205 ΝΟῙῚΤΙΑ.
1695 173 1775 205 3222'

140 222 264 252 Nondum
275 233 321 254 sex
338 226 403 254 anni
415 227 500 263 elapsi
517 232 597 256 erant
623 235 656 255 ex
670 235 724 263 quo
749 228 782 255 ad
797 228 889 255 sedem
907 228 1183 265 llierosolymitanam
1202 233 1315 256 evectus
1343 227 1434 257 fuerat
1451 222 1608 261 Zacharias,
1626 222 1695 257 eum
1716 237 1765 257 rex

140 267 283 295 Persarum
294 269 422 304 Cosroes,
440 271 518 306 Syria
536 271 688 304 devastata,
707 272 804 298 urbem
817 271 1038 307 Hierosolymam
1051 271 1134 306 cepit,
1148 271 1323 299 Christianos
1334 271 1372 299 ibi
1388 271 1520 308 degentes
1533 272 1560 299 in
1573 272 1683 299 vincula
1699 280 1773 300 con-7

139 311 216 346 jocit,
235 312 394 348 Juda-isque
409 314 457 341 vili
474 315 563 349 pretio
580 315 704 348 tradidit,
720 323 735 342 a
752 315 864 350 quibus,
882 323 936 342 non
957 321 987 343 ut
1003 315 1104 350 captivi
1125 319 1173 342 aut
1188 315 1261 342 servi
1282 315 1390 350 excepti
1416 318 1540 348 luerunt,
1558 316 1606 343 sed
1626 316 1653 342 in
1670 315 1764 343 odium

139 354 240 382 Christi
265 356 385 384 diversis
401 357 609 393 innumerisque
627 359 798 386 cruciatibus
813 358 953 386 interfecti
968 367 975 385 ι
993 359 1180 394 patriarcham
1205 359 1317 386 demum
1338 364 1366 387 et
1383 359 1488 395 lignum
1503 364 1604 387 sanctae
1626 359 1718 387 crucis
1734 359 1764 386 in

140 398 278 426 Persidem
296 401 458 435 asportavit.
484 402 522 429 De
539 410 571 429 ea
595 402 672 430 clade
697 402 845 429 Chronicon
872 402 1011 436 Paschale,
1041 403 1098 431 sive
1120 403 1348 437 Alexandrinum,
1372 404 1411 431 ita
1436 404 1570 439 loquitur,
1589 404 1657 431 edit.
1674 405 1705 431 D.
1723 403 1765 432 Du

139 441 239 477 Gange,
256 444 342 471 Paris.
362 445 436 477 1688,
449 453 477 480 p.
498 446 550 474 585
570 445 662 482 (anno)
678 455 702 473 Iv
721 446 874 481 (lleraelii),
887 447 978 474 indict.
995 446 1043 479 XI,
1057 450 1113 482 post
1129 446 1297 473 consulatum
1308 447 1425 473 Ileraclii
1443 447 1556 482 Augusti
1576 448 1694 474 tertium.
1710 447 1766 474 Hoc

143 495 222 519 anno,
239 489 308 516 circa
330 498 443 517 mensem
459 491 579 524 Iunium,
604 491 705 518 malum
724 491 796 519 nobis
814 492 907 518 accidit
927 495 1051 527 perpetuo
1069 491 1140 518 luctu
1160 491 1379 526 prosequendum.
1398 490 1465 518 Cum
1484 491 1545 518 aliis
1571 492 1665 526 quippe
1696 500 1767 518 com-

141 530 258 564 pluribus
272 532 384 560 Orientis
398 535 556 566 civitatibus,
571 535 722 562 Jerusalem
738 544 753 562 η
770 535 857 562 Persis
877 539 956 570 capta
979 539 1027 566 est,
1046 534 1136 562 multis
1152 534 1318 565 clericorum,
1343 536 1537 561 monachorum
1552 555 1558 567 ,
1577 535 1766 562 sanctimonia-

142 574 216 606 lium,
233 580 257 601 et
273 577 403 611 uirginum
418 578 533 605 millibus
549 580 698 606 trucidatis.
709 579 849 607 Incensura
863 580 942 606 etiam
954 579 1121 605 Dominicum
1133 577 1292 613 sepulcrum,
1311 581 1334 604 ct
1346 577 1515 604 celeberrima
1529 578 1577 604 Dei
1592 578 1709 613 templa:
1728 581 1773 611 et,

142 623 170 644 ut
187 621 260 647 verba
273 621 370 654 dicunt,
384 624 500 658 pretiosa
518 625 609 651 omnia
626 625 770 651 destructa.
792 623 949 651 Veneranda
963 623 1046 649 crucis
1059 622 1143 658 ligna,
1159 629 1217 649 cum
1232 622 1315 648 sacris
1330 622 1397 648 vasis
1411 621 1570 654 innumeris,
1586 622 1730 657 capiuntur
1744 631 1763 649 α

141 662 239 695 Persis,
252 669 275 690 et
291 665 435 693 Zacharias
446 668 600 702 patriarcha
611 669 729 703 captivus
746 668 894 695 abducitur.
916 667 999 702 Atque
1013 668 1065 694 lucc
1081 667 1169 694 omnia
1180 687 1186 699 ,
1204 674 1255 693 non
1271 666 1356 693 multa
1372 666 1435 692 anni
1446 670 1532 700 parte,
1542 674 1588 692 nec
1602 670 1655 692 toto
1666 673 1764 698 mense,

139 708 185 733 scd
197 708 269 734 intra
286 718 383 741 paucos
410 711 464 738 dies
486 712 629 746 contigere.
645 712 746 739 Eadem
763 711 819 739 fere
834 711 930 738 scribit
950 710 1133 745 Theophanes
1157 709 1183 736 in
1210 709 1430 744 Chronographia
1442 730 1448 741 ,
1466 709 1500 736 ad
1518 717 1621 736 annum
1636 710 1765 744 quintttm

142 749 271 778 llcraclii.
285 752 406 785 Quartus
422 754 466 781 hic
479 759 537 781 erat
552 755 628 790 (Chr.
653 755 726 790 614),
744 755 851 787 εοᾱγιιι
864 758 957 787 monet
974 753 1190 788 Papebrochius,
1210 757 1229 780 t.
1246 753 1280 780 lll
1295 753 1368 785 Maii,
1385 753 1413 780 in
1431 758 1510 780 tract.
1528 753 1644 788 praelim.
1656 761 1684 780 n.
1703 753 1765 786 151,

141 801 168 828 ιι.
186 795 229 827 El,
243 796 296 822 eol.
315 796 339 828 l,
354 797 386 828 A,
403 797 449 824 ille
464 803 562 825 auctor
580 806 636 825 uno
652 806 725 825 anno
746 798 837 825 serius
852 798 879 824 in
896 798 975 826 annis
991 797 1109 824 Heraclii
1127 805 1170 824 res
1182 800 1289 828 narrat,
1306 804 1340 824 eo
1359 796 1432 831 quod
1447 797 1567 831 primum
1584 797 1666 832 hujus
1681 797 1767 832 impe-

142 839 241 866 ratoris
255 847 356 868 annum
386 841 413 868 in
428 841 497 869 duos
510 842 647 874 diviserit,
664 841 896 877 quemadmodum
915 841 1040 876 pluribus
1059 840 1258 868 demonstravit
1281 840 1353 867 idem
1375 839 1582 874 Papebrochius
1605 840 1633 867 in
1655 840 1772 875 Exegesi-

141 883 257 917 prtelim.
280 885 314 911 ad
333 889 399 913 tom.
412 886 457 916 lll,
475 886 554 913 Mart.
571 894 630 922 cap.
654 886 680 913 4.
697 887 774 914 Anno
789 887 880 921 quinto
897 884 1052 920 (legentium
1075 887 1181 919 quarto)
1194 884 1298 918 imperii
1318 883 1446 917 llcraclii,
1459 883 1549 910 Persa:
1559 883 1685 910 Iordanis
1697 883 1764 916 loca,

139 926 327 960 I’ala'stinam,
345 934 370 955 et
379 935 501 957 sanctam
513 931 646 959 civitatem
659 939 797 958 armorum
814 931 839 958 vi
849 930 1017 964 subegerunt,
1030 933 1053 955 ct
1081 927 1213 957 manibus,
1230 931 1259 954 ut
1281 927 1389 962 quidam
1404 932 1537 959 asserunt,
1547 927 1711 959 Juda'orum,
1731 926 1766 954 ad

141 974 287 1006 nonaginta
311 973 524 1001 Christianorum
547 974 633 1001 millia
661 975 838 1001 trucidarunt.
860 974 944 1009 Capto
964 981 1024 999 vero
1050 971 1293 1007 Hierusolgmorum
1320 971 1476 1006 patriarcha
1493 971 1636 1002 Zacharia,
1652 971 1765 1004 pretioso

139 1015 218 1041 etiam
236 1021 259 1042 et
275 1017 378 1050 vici/iro
394 1018 478 1044 crucis
495 1017 565 1053 ligno
578 1018 641 1045 locis
655 1018 709 1045 illis
724 1022 823 1053 erepto,
836 1019 1002 1053 captivorum
1025 1017 1161 1043 hominum
1177 1015 1373 1043 multitudinem
1399 1016 1567 1042 innumeram
1595 1015 1621 1042 in
1633 1015 1767 1042 Persidem

140 1058 315 1087 abduxerunt.
331 1061 437 1093 Exstat,
460 1062 550 1096 inquit
569 1062 779 1096 Papebroehius
805 1062 887 1088 modo
905 1062 1044 1094 laudatus,
1063 1061 1131 1088 ibid.
1148 1070 1176 1088 n.
1200 1062 1261 1091 155,
1283 1060 1424 1088 Francisci
1442 1059 1601 1087 Combclisii
1618 1059 1695 1094 (0rd.
1711 1059 1772 1086 FF-

138 1101 266 1136 Prmdie.)
278 1111 371 1138 opera,
387 1109 448 1139 post
461 1105 584 1132 libellum
602 1106 688 1133 sancti
703 1106 817 1133 Joannis
828 1106 1014 1141 Chrysostomi
1031 1105 1068 1132 De
1081 1106 1225 1132 educandis
1253 1104 1351 1137 liberis,
1371 1104 1480 1138 aliaque
1494 1103 1638 1135 nonnulla,
1652 1103 1771 1130 Parisiis.

137 1152 210 1172 anno
230 1147 308 1178 1656,
326 1147 535 1176 Graeco—Latine
558 1149 693 1184 impressa
721 1150 848 1184 epistola,
874 1158 956 1184 quam
974 1150 1059 1177 vidua:
1078 1157 1191 1184 sponsas,
1212 1149 1312 1175 civitati
1338 1149 1406 1183 regis
1423 1147 1512 1182 magni
1540 1146 1628 1173 liberis
1652 1146 1764 1178 orbatw,

137 1189 378 1226 llicrusolgmitano
403 1194 476 1228 gregi
496 1197 628 1227 pastorem
653 1202 705 1220 non
719 1194 826 1221 habenti
840 1203 849 1221 :
863 1195 908 1221 sed
921 1199 945 1221 et
973 1194 1079 1228 reliquis
1096 1193 1214 1220 omnibus
1231 1194 1257 1220 in
1271 1192 1374 1220 Christo
1401 1191 1516 1219 ecclesiis
1527 1212 1533 1223 ,
1556 1191 1719 1226 residuisque
1733 1190 1763 1217 in

137 1232 191 1259 illis
202 1233 266 1267 ﬁliis
282 1236 417 1270 orphanis,
434 1241 524 1271 pastor
538 1237 653 1269 humilis,
665 1237 746 1269 solus,
761 1239 888 1273 captivus,
899 1238 1043 1265 Zacharias
1055 1238 1178 1264 minimus
1193 1244 1208 1264 e
1222 1236 1335 1264 Perside
1350 1235 1570 1270 scripsit,suam,
1590 1235 1764 1269 aliorumque

137 1277 313 1311 captivorum
328 1281 513 1308 calamitatem
529 1289 762 1313 commemorans,
784 1287 812 1310 et
827 1283 986 1310 meminisse
1007 1282 1108 1316 jubens
1128 1280 1267 1316 quomodo
1283 1280 1341 1314 ipse
1361 1279 1486 1314 quidem,
1499 1278 1610 1313 quando
1629 1285 1691 1305 cum
1710 1278 1765 1305 illis

137 1325 207 1353 erat,
222 1322 249 1348 in
265 1322 376 1351 Galilzca
392 1324 492 1352 dixerit
508 1335 514 1352 ε
532 1325 627 1357 Planc,
645 1319 705 1360 lilii,
723 1327 855 1361 ingentem
864 1327 890 1353 in
900 1325 969 1353 vobis
978 1325 1051 1352 video
1063 1326 1207 1356 incuriam,
1221 1323 1333 1350 multant
1343 1324 1492 1358 segnitiem,
1505 1323 1677 1357 injustitiam,
1690 1323 1765 1357 igna-

137 1365 265 1398 rantiam,
281 1367 429 1402 fraternum
449 1369 549 1401 odium,
572 1370 777 1405 apostolicornm
796 1379 929 1397 canonum
946 1369 1185 1404 transgressionem
1210 1373 1290 1403 atque
1304 1371 1503 1402 contemptum;
1521 1374 1567 1392 nec
1581 1366 1633 1393 scio
1651 1374 1766 1401 quanam

137 1417 179 1436 res
194 1414 289 1437 nostra-
303 1419 421 1439 evasura:
436 1413 488 1439 sint
502 1422 511 1440 :
527 1413 602 1448 ipsos
619 1421 685 1441 vero
701 1414 869 1448 respondere
885 1414 980 1441 solitos
993 1423 1000 1440 :
1011 1413 1100 1440 Bonus
1113 1417 1150 1440 est
1168 1412 1248 1444 Deus,
1267 1419 1313 1438 nec
1333 1419 1380 1438 nos
1391 1411 1487 1437 creavit
1501 1414 1527 1436 ut
1540 1409 1670 1445 perderet.
1687 1410 1767 1437 Nunc

137 1460 203 1489 ergo
225 1454 353 1482 hortatur
371 1463 419 1483 eos
436 1456 470 1484 ad
484 1457 926 1494 pmnitcntiam,emendationem
945 1466 1066 1489 morum,
1095 1456 1313 1484 misericordiam
1339 1463 1403 1491 erga
1428 1455 1552 1490 captivos
1580 1454 1693 1487 fratres;
1719 1458 1768 1482 aut

136 1498 238 1532 quibus
256 1507 310 1527 non
321 1501 443 1535 suppetit
455 1502 528 1534 quod
540 1502 703 1536 largiantur,
720 1502 753 1529 ad
768 1510 873 1536 preces,
883 1502 998 1538 jejunio,
1013 1501 1255 1528 humieubationes
1283 1505 1311 1526 et
1327 1500 1470 1535 lacrymas.

175 1541 202 1569 Si
217 1543 278 1577 qua:
294 1550 387 1571 autem
403 1545 430 1571 in
449 1549 522 1572 tanta
537 1546 696 1573 calamitate
719 1546 838 1573 inveniri
857 1538 947 1582 potuit
960 1546 1112 1574 consolatio
1133 1544 1292 1579 temporalis
1305 1565 1312 1576 ,
1329 1544 1387 1571 hch
1405 1544 1543 1579 praecipue
1560 1542 1768 1571 subministrata

138 1591 180 1613 est
195 1595 208 1614 a
224 1592 320 1615 sancto
350 1588 457 1616 Joanne
487 1590 723 1626 Elccmnsynario,
744 1595 810 1617 tunc
828 1590 961 1625 temporis
987 1589 1145 1625 patriarcha
1164 1587 1363 1619 Alexandrino,
1378 1588 1412 1614 de
1436 1594 1492 1622 quo
1519 1588 1569 1614 ista
1586 1587 1684 1614 scribit
1709 1587 1769 1621 ejus

139 1630 208 1657 Vita:
227 1637 323 1658 auctor
343 1632 490 1664 Leontius,
507 1633 578 1667 apud
592 1634 694 1660 Baron.
726 1634 758 1660 ad
776 1642 878 1660 annum
903 1634 1004 1661 Christi
1029 1634 1092 1665 6M,
1111 1633 1196 1664 n.15,
1214 1633 1265 1659 col.
1284 1632 1346 1658 261.
1366 1631 1430 1658 Cum
1443 1631 1531 1658 Persa:
1543 1630 1664 1666 populati
1685 1634 1770 1657 essent

139 1675 288 1701 universam
302 1674 417 1710 Syriam,
432 1676 477 1710 qui
487 1684 576 1703 eorum
597 1685 692 1703 manus
708 1681 847 1711 potuerunt
864 1678 984 1712 effugere,
1001 1681 1055 1703 tum
1069 1676 1129 1702 laici
1144 1677 1188 1711 qui
1205 1676 1390 1710 magistratum
1405 1675 1541 1708 gerebant,
1550 1679 1573 1701 et
1589 1675 1698 1709 privati,
1714 1678 1773 1700 tum

139 1717 229 1744 clerici
241 1726 300 1744 cum
313 1720 438 1753 episcopis
451 1720 606 1754 confugiunt
619 1719 822 1747 Alexandriam
840 1720 938 1752 Quibus
950 1720 1070 1747 omnibus
1089 1720 1159 1746 dives
1174 1719 1221 1746 ille
1235 1725 1258 1745 et
1272 1719 1379 1745 minime
1396 1723 1523 1753 angustus
1540 1718 1690 1744 convivator
1706 1726 1771 1752 qua-

140 1761 204 1787 tit/ie
215 1762 400 1796 suppeditabat
413 1771 470 1796 quae
492 1769 567 1790 erant
582 1764 617 1790 ad
632 1771 708 1790 nsum
728 1765 889 1796 necessaria,
915 1772 967 1791 non
993 1765 1028 1790 ad
1048 1763 1222 1798 indigentiam
1239 1763 1366 1797 aspiciens
1390 1761 1598 1793 multitudinem,
1616 1765 1644 1787 ut
1668 1761 1772 1796 aliquid

141 1805 241 1840 facere!
253 1806 323 1838 quod
345 1811 412 1833 esset
431 1807 531 1834 sordidi
548 1811 572 1833 et
583 1807 722 1834 illiberalis
744 1808 837 1838 animi,
852 1809 897 1834 sed
914 1808 948 1834 ad
958 1816 1018 1835 eum
1033 1808 1077 1842 qui
1088 1807 1173 1842 aperit
1184 1815 1303 1838 umnam,
1317 1809 1339 1832 et
1351 1813 1427 1832 omne
1443 1805 1546 1832 animal
1564 1804 1653 1840 implct
1667 1804 1772 1831 benedi-

140 1850 234 1875 ctione.
249 1850 314 1875 Cum
325 1854 414 1876 autem
431 1850 581 1877 Rasmizsus
594 1852 648 1877 dus:
663 1852 791 1878 exercitus
806 1851 901 1878 Cosroe
915 1857 1042 1879 vastasset
1054 1857 1078 1879 et
1098 1851 1275 1887 depopulatus
1290 1855 1356 1878 esset
1370 1849 1522 1877 veneranda
1541 1849 1599 1876 loca
1617 1849 1771 1885 Hierosoly-

141 1901 262 1924 morum:
277 1899 417 1928 postquam
430 1896 477 1921 hoc
492 1895 591 1922 audivit
607 1895 651 1922 ille
665 1897 741 1922 homo
758 1895 814 1928 Dei,
831 1895 937 1930 etquod
950 1897 1038 1922 omnia
1060 1900 1153 1922 sancta
1170 1895 1279 1929 fuissent
1291 1894 1346 1929 igni
1362 1894 1480 1925 tradita,_
1492 1893 1568 1928 tle/let
1585 1892 1700 1925 quidem,
1718 1900 1771 1919 non

140 1945 214 1964 secus
232 1946 263 1964 ac
277 1937 421 1970 Jeremias,
438 1939 464 1965 id
479 1940 548 1974 quod
562 1939 663 1973 factum
676 1940 775 1974 fuerat.
791 1939 850 1966 Non
866 1941 992 1966 hactenus
1005 1943 1095 1966 (“item
1112 1939 1227 1965 constitit
1247 1938 1302 1973 ejus
1313 1937 1517 1968 commiseratio,
1534 1936 1580 1964 sed
1595 1937 1673 1964 mittit
1691 1937 1772 1964 etiam

140 1981 314 2017 Chrysippum
326 1984 466 2018 quemdam
482 1985 568 2010 virum
581 1985 666 2018 pium,
686 1985 794 2011 tradens
810 1986 833 2012 ei
847 1985 960 2012 multum
973 1984 1042 2015 auri,
1057 1983 1281 2017 {rumenttunqne,
1303 1986 1327 2008 et
1340 1981 1394 2008 alia
1419 1982 1547 2009 alimenta
1563 1986 1586 2008 et
1604 1981 1770 2014 indumenta,

140 2029 165 2051 el
179 2026 214 2052 ad
227 2034 257 2052 ea
271 2027 385 2053 vehenda
398 2027 522 2062 jurneuta
543 2027 671 2062 plurima,
701 2032 757 2055 tum
783 2033 811 2055 ut
831 2030 958 2064 aspiceret
984 2029 1151 2058 vastitatem,
1184 2031 1240 2052 tum
1266 2026 1347 2052 etiam
1367 2029 1393 2052 ut
1405 2033 1447 2052 eos
1462 2026 1507 2060 qui
1538 2029 1722 2052 remanserant
1739 2033 1772 2051 ea:

140 2070 293 2104 captivitate
309 2072 374 2097 satis
387 2079 434 2105 per
445 2079 475 2097 ca
488 2079 546 2105 qua:
561 2071 631 2098 dicta
646 2071 753 2105 fuerunt
774 2076 913 2098 recrearet.
931 2071 1063 2098 Praeterea
1083 2076 1173 2098 autent
1191 2070 1357 2097 Theodorum
1367 2077 1469 2105 quoque
1481 2070 1651 2096 Amat/mntis
1672 2070 1771 2104 cpisco—

141 2121 214 2147 pnm,
232 2117 254 2139 et
268 2114 441 2141 Anastasium
461 2116 614 2149 prazfcctum
640 2115 731 2149 magni
743 2116 839 2142 montis
862 2115 981 2147 Antonii,
995 2120 1018 2141 ct
1034 2115 1189 2149 Gregorium
1210 2114 1361 2148 episcopum
1385 2113 1608 2139 Rinocornrorum
1627 2114 1721 2140 emittit
1736 2113 1771 2140 ad

141 2164 183 2183 eos
201 2157 371 2191 recipiendos,
387 2158 432 2192 qui
449 2158 554 2184 abducti
566 2158 672 2192 fuerant
687 2159 714 2184 in
734 2159 925 2193 captivitatem,
943 2159 994 2185 vini
1017 2159 1076 2185 auri
1091 2158 1212 2193 pi'wbens
1231 2165 1314 2193 prope
1330 2157 1563 2185 innumerabilem.
1583 2157 1667 2184 Addit
1682 2157 1770 2192 Pape-

141 2199 239 2227 broeh.
255 2208 338 2235 supra
353 2201 464 2233 citatus,
482 2210 509 2228 n.
529 2202 588 2233 156,
602 2209 635 2228 cx
648 2202 773 2236 ejusdem
788 2203 876 2228 sancti
891 2203 1005 2229 Joannis
1020 2202 1091 2233 Vita,
1113 2211 1140 2228 n.
1159 2202 1204 2228 55.
1221 2202 1262 2229 Ad
1284 2201 1529 2236 Hierosolymorum
1548 2200 1735 2228 relevationem
1746 2205 1772 2228 et

142 2244 382 2278 rcwdiﬁcutionem,
400 2245 469 2271 misit
483 2247 647 2273 numismata
661 2246 744 2278 mille,
761 2251 784 2272 et
798 2246 870 2273 mille
888 2255 976 2274 saccos
989 2246 1079 2282 plenos
1092 2247 1236 2281 frumento,
1254 2251 1278 2273 et
1296 2245 1368 2272 mille
1381 2245 1516 2280 legumina
1530 2245 1568 2280 (id
1588 2249 1641 2278 est,
1655 2245 1771 2280 legumi-

141 2296 208 2314 num
227 2289 393 2323 mensuras),
412 2288 484 2315 mille
500 2289 580 2316 libras
599 2290 674 2324 ferri,
694 2290 766 2316 mille
792 2295 872 2317 restes
884 2291 1041 2317 siccutorum
1060 2290 1180 2324 piscium,
1207 2289 1280 2316 mille
1295 2289 1404 2316 vaseula
1427 2289 1490 2320 vini,
1510 2293 1534 2315 et
1550 2289 1621 2315 mille
1635 2289 1770 2325 {Egyptias

141 2332 286 2367 operarius,
301 2332 401 2358 addens
418 2341 464 2367 per
477 2332 578 2360 litteras
590 2334 624 2360 ad
650 2334 797 2361 Modestum
814 2335 925 2369 scriptas
939 2343 947 2361 :
963 2335 1002 2361 Da
1020 2335 1082 2361 mihi
1103 2335 1218 2366 veniant,
1238 2341 1298 2360 aere
1319 2333 1415 2360 Christi
1428 2337 1561 2368 operator.
1577 2333 1643 2360 nihil
1660 2334 1770 2369 dignum

143 2375 247 2409 templis
261 2375 359 2402 Christi
381 2376 506 2402 mittenti.
526 2377 622 2404 Vellem
644 2378 724 2409 enim,
745 2379 821 2405 crede
839 2380 912 2411 mihi,
927 2380 950 2406 si
967 2384 1032 2406 esset
1045 2379 1216 2410 conveniens,
1232 2382 1255 2404 et
1273 2385 1318 2412 ego
1330 2378 1384 2413 ipse
1401 2378 1499 2408 venire,
1511 2381 1534 2403 et
1553 2378 1607 2412 ipse
1617 2379 1724 2412 operari
1741 2379 1769 2404 in

141 2419 218 2445 domo
231 2424 329 2446 sant-tte
345 2419 443 2446 Christi
457 2419 676 2447 Rcsurrectionis.
694 2420 743 2448 Hic
761 2421 900 2450 Modestus
915 2422 1046 2449 Ecclesia:
1074 2421 1332 2456 Hierosolymitanm
1358 2428 1451 2447 curam
1481 2420 1576 2455 gessit,
1598 2425 1626 2447 ut
1648 2420 1769 2449 vicarius

142 2463 283 2489 Zut-liarizc
296 2463 431 2497 episcopi,
450 2463 574 2498 quandiu
593 2464 637 2491 ille
650 2466 777 2499 captivus
800 2466 852 2493 l'uit
866 2467 892 2493 in
912 2466 1036 2496 Perside.
1051 2466 1131 2500 eique
1151 2470 1212 2500 post.
1227 2469 1344 2492 mortem
1362 2465 1507 2491 successit.
1522 2465 1638 2491 Eosdem
1655 2465 1768 2493 interim

143 2507 397 2541 Hierosolymorum
419 2508 522 2534 incolas
541 2508 599 2534 suis
617 2509 732 2544 scriptis
761 2511 907 2537 sublevare
936 2510 1088 2538 conabatur
1102 2509 1257 2537 Antiochus
1281 2509 1394 2543 quidam
1411 2509 1563 2535 monachus
1592 2509 1766 2542 Palaestinus,

142 2551 206 2576 vita:
219 2551 362 2577 sanezitatc
374 2555 402 2578 et
414 2551 542 2578 doctrina
563 2551 692 2584 celebris,
709 2554 791 2586 cujus
807 2558 917 2581 exstant
935 2554 1061 2581 Humilia:
1092 2553 1152 2585 150,
1168 2558 1187 2580 t.
1203 2553 1211 2579 l
1226 2552 1294 2579 Bibl.
1318 2552 1396 2579 Patr.
1413 2552 1498 2579 Crwc.
1512 2560 1540 2586 p.
1561 2552 1642 2579 1026.
1661 2553 1690 2578 In
1707 2553 1766 2587 epi-

142 2595 211 2621 stola
227 2599 318 2621 autem
336 2595 444 2629 pnelixa
458 2595 546 2629 operi,
571 2603 604 2622 co
625 2596 706 2622 titulo
727 2596 877 2632 insignita:
895 2598 1017 2631 Epistola
1039 2598 1160 2624 Antiochi
1183 2597 1306 2623 monachi
1323 2596 1407 2623 [aurae
1424 2595 1500 2622 Saba:
1520 2595 1632 2628 abbatis,
1659 2597 1694 2623 ad
1708 2596 1767 2623 Eu-

141 2639 268 2665 stathium
281 2639 449 2673 prwpositum
461 2640 613 2666 monasterii
624 2640 751 2668 Attalina:
767 2642 877 2676 Ancyra:
887 2643 999 2670 civitatis
1015 2642 1140 2674 (.‘ulatiw,
1153 2641 1210 2668 hare
1227 2645 1331 2673 narrat,
1346 2640 1418 2675 apud
1435 2640 1582 2667 Baronium
1593 2648 1676 2676 supra
1694 2641 1768 2668 rela-

143 2687 211 2714 tum,
226 2691 253 2709 ιι.
269 2683 312 2710 26.
334 2683 399 2710 Cum
412 2683 556 2710 lsrnaclittc
569 2684 603 2710 ad
615 2689 734 2712 nostrum
750 2687 918 2713 accessissent
931 2687 1137 2718 monasterium,
1152 2695 1205 2713 una
1223 2685 1372 2720 septimana
1391 2690 1535 2719 antequam
1555 2689 1649 2711 sancta
1676 2685 1768 2712 civitas

145 2726 233 2761 {uisset
246 2732 384 2761 occupata,
397 2730 421 2752 ct
440 2728 563 2754 universa
581 2728 695 2755 ecclesia:
717 2738 795 2756 sacra
812 2739 875 2757 vasa
888 2731 949 2765 jam
976 2731 1148 2765 diripuissent
1161 2750 1167 2760 .
1182 2729 1302 2764 plerique
1318 2728 1411 2755 Patres
1438 2728 1598 2764 aufugerunt
1617 2737 1699 2764 quam
1714 2729 1769 2763 pri-

143 2778 215 2796 mum
230 2777 239 2796 :
253 2774 436 2796 remanserunt
449 2775 538 2797 autent
551 2771 579 2797 in
599 2773 756 2799 monasterio
769 2774 813 2808 qui
830 2774 951 2808 [artiores
966 2774 1064 2802 Christi
1078 2774 1182 2808 fuerant
1194 2773 1273 2805 servi,
1305 2780 1411 2799 sacrum
1423 2771 1500 2799 illum
1528 2772 1613 2799 locum
1627 2772 1768 2799 destituere

143 2813 218 2841 nullo
236 2818 312 2848 pacto
330 2814 455 2842 volatiles.
472 2814 585 2842 Barbari
600 2823 661 2842 vero
674 2825 734 2843 cum
748 2817 806 2844 illos
822 2819 1090 2853 comprehendissent,
1103 2822 1126 2845 et
1138 2817 1235 2845 multos
1252 2817 1306 2844 dies
1321 2815 1380 2844 illos
1394 2817 1539 2844 inhumane
1551 2820 1719 2849 tractassem,
1742 2819 1769 2844 et

143 2859 279 2886 tormentis
293 2859 454 2894 amisissent,
477 2861 600 2895 pecunias
613 2861 659 2887 hoc
670 2865 745 2896 pacto
761 2870 816 2889 sese
827 2863 980 2890 inventuros
996 2861 1208 2897 putantes,apud
1220 2870 1284 2896 quos
1298 2861 1366 2888 nihil
1380 2861 1458 2896 hujus
1472 2861 1561 2888 διεσαιὶ
1577 2861 1767 2896 reperiebatur.

146 2903 193 2932 Illi
206 2903 364 2941 simulatque
379 2904 622 2934 intellexeruntsuu
637 2914 663 2934 se
678 2907 783 2934 tandem
797 2915 841 2943 spe
850 2912 874 2934 et
888 2908 1020 2943 proposito
1027 2907 1164 2941 excidisse,
1178 2907 1203 2934 in
1215 2906 1426 2942 cﬂ‘eraliszimam
1441 2905 1508 2934 versi
1522 2905 1675 2940 rabiem,ad
1687 2912 1770 2934 unum
