1952 3066
208 185 281 220 3Ξ23
672 187 883 217 ZACHARIAS
903 186 1145 217 PATRIARCHA
1166 185 1368 216 IIlEllOSOL.
1768 180 1839 214 3'2?!

209 242 374 270 membratim
384 241 472 268 beatos
484 240 542 268 illos
557 242 735 269 conciderunt.
749 242 799 275 Qui
815 248 839 269 et
858 242 949 270 ltetitia
963 243 1109 270 incredibili
1125 243 1237 279 perfusi,
1248 251 1278 269 ac
1291 241 1400 277 proinde
1414 239 1498 267 alacri
1511 239 1583 266 vultu
1600 240 1757 272 renidentes,
1767 243 1840 267 onmi

208 294 267 314 cum
279 286 381 313 actione
394 286 542 320 gratiarum
552 286 654 312 uitiatas
664 286 833 313 reddiderunt
843 287 962 318 Domino,
971 287 1065 323 quippe
1080 296 1130 314 non
1140 289 1177 314 ita
1186 287 1287 322 pridem
1295 287 1321 312 in
1332 285 1396 313 votis
1408 285 1554 311 habuerant
1566 284 1670 316 resolvi,
1683 289 1706 310 et
1718 293 1839 312 cssecum

208 329 446 364 Christo.Corpora
463 337 523 355 vero
535 328 677 364 plusquam
689 329 786 363 tragice
801 338 880 364 ca'sa,
890 339 948 357 cum
960 338 1011 356 non
1025 337 1122 364 paucos
1134 330 1187 357 dies
1201 331 1229 356 in
1242 330 1348 356 ltumum
1363 328 1474 362 disjecti:
1486 328 1543 354 sine
1555 327 1698 362 sepulturte
1713 328 1838 361 beneﬁcia

208 375 360 410 iacuissent,
375 375 407 401 ab
419 374 519 401 Arabia
535 373 582 401 illo
597 383 678 410 usque
694 375 937 410 adproperavintus.
951 374 984 401 Et
996 375 1100 410 quidem
1113 373 1222 400 eximius
1233 373 1313 399 abbas
1322 371 1474 398 Nicomedes
1486 370 1666 405 spectaculum
1680 370 1747 397 illud
1762 372 1837 397 mise-

208 418 292 445 rabile
304 426 430 445 casarum
441 422 546 452 patrum
564 418 766 453 contemplatus,
779 419 892 453 deliquio
907 419 991 445 animi
999 418 1121 450 concidit,
1132 422 1210 452 atque
1224 416 1296 444 illinc
1314 415 1414 442 relatus
1430 419 1546 441 mortuus
1560 422 1641 449 prope
1648 418 1696 441 est.
1704 414 1836 441 Modestus

207 465 344 496 pra'terea.
358 466 382 488 et
404 462 458 496 ipse
469 463 660 494 sanctissimus,
680 463 820 489 adventant
834 468 952 489 nostrum
965 470 1024 488 cum
1043 461 1233 492 antevenisset,
1246 465 1269 486 et
1283 463 1438 486 sanctorum
1462 458 1569 484 illorum
1595 457 1737 484 lustrasset
1764 458 1836 491 prius

206 504 356 532 habitacula
366 505 466 539 omnia,
480 506 569 532 itidem
579 514 676 541 angore
687 507 770 532 animi
782 505 1037 538 contractus,multis
1051 513 1078 531 se
1091 504 1188 539 proluit
1201 504 1335 538 lacrymis,
1349 511 1379 530 ac
1389 506 1482 530 sancta
1493 510 1552 537 quo:
1563 505 1672 528 eatenus
1684 502 1837 528 resederunt

207 548 386 582 lipsanu(hoc
400 553 442 576 est
458 553 614 576 sanctorum
627 549 767 585 reliquias)
777 549 964 584 circumplexus
979 550 1006 576 in
1013 549 1124 575 Patrum
1137 547 1300 582 superiorum
1315 547 1432 581 deposuit
1447 546 1608 572 conditoriis.
1622 545 1648 572 Is
1665 545 1699 572 ad
1717 546 1780 575 Ιιιετ,
1793 546 1836 571 ubi

208 591 350 618 solemnem
364 592 486 627 persolvit
500 600 532 618 ea:
544 600 615 618 more
628 600 785 624 sermonem,
804 597 857 620 etc.
877 593 1093 627 Unumquemque
1105 595 1223 618 nostrum
1234 591 1336 616 hortari
1356 591 1441 624 coepit,
1456 597 1489 616 ne
1505 597 1556 624 quo
1571 590 1770 624 emigrarenms,
1787 588 1836 615 loci

205 634 279 661 illius
290 636 374 662 nostri
388 636 541 668 desertores,
559 637 643 670 magis
660 644 720 662 vero
732 644 776 663 eas
794 644 852 671 qua:
871 636 1042 663 imminebant
1062 636 1219 662 tentationes
1239 642 1363 669 generoso
1377 638 1481 668 pectore
1492 633 1677 668 perferrentus,
1693 633 1838 659 Dominicw

205 678 279 705 illitis
296 686 423 705 memores
439 680 584 710 sententiw.
601 680 663 714 quia
680 689 689 705 ε
706 684 817 714 angusta
838 684 876 706 est
893 684 980 715 porta,
993 684 1017 706 et
1029 683 1103 707 arcta
1117 679 1159 706 via
1173 687 1232 714 qua!
1243 679 1313 705 ducit
1322 678 1357 704 ad
1371 679 1462 709 vitam,
1478 682 1533 705 etc.
1555 686 1564 703 ι
1584 677 1670 711 Hujus
1681 677 1770 711 itaque
1786 677 1836 702 ad-

211 722 444 748 manilionivisum
458 726 495 749 est
507 731 597 758 gerere
619 731 727 754 morem,
745 731 824 758 eoque
840 723 979 758 (ideoque)
1003 724 1030 750 in
1060 723 1138 749 [aura
1160 722 1224 749 duos
1249 729 1328 756 prope
1352 729 1452 747 menses
1472 721 1677 755 permansimus.
1700 720 1837 754 Loquitur

206 764 308 792 deinde
322 765 357 792 de
373 766 436 800 fuga
448 765 524 792 illinc
537 765 570 792 ad
587 766 661 792 aliud
678 767 890 797 monasterium,
907 772 934 793 et
948 766 1011 794 inde
1026 766 1060 793 ad
1074 766 1159 798 aliud,
1175 773 1207 793 ac
1220 765 1253 792 de
1270 765 1331 792 aliis
1348 765 1414 791 hinc
1429 764 1493 791 inde
1505 764 1655 799 dispersis;
1671 768 1699 791 et
1719 763 1837 790 inferiis

207 808 309 836 iterum
326 808 360 835 de
379 809 522 836 monachis
550 817 565 836 ει
591 808 738 836 Saracenis
763 810 861 837 occisis
886 818 990 845 agens:
1016 810 1152 842 Numeris,
1171 809 1271 844 inquit,
1294 813 1445 835 sanctorum
1466 808 1589 840 Patrum,
1610 816 1674 843 quos
1695 809 1836 843 tyrannica

204 851 312 878 sustulit
329 852 476 887 impressio,
488 856 526 879 est
547 853 726 887 quadraginta
743 858 867 888 quatuor.
884 853 983 880 llorum
1007 854 1134 881 memoria
1150 853 1221 880 Maio
1236 861 1324 880 mense
1333 852 1492 883 celebratur,
1509 852 1611 878 decima
1628 852 1720 886 quinta
1737 853 1836 878 mensis

205 895 256 922 die.
278 896 446 923 Eorumdem
459 900 612 931 martyrum
629 897 791 924 memoriam
806 897 874 924 colit
886 897 1010 924 Ecclesia
1024 898 1051 924 in
1066 896 1256 932 Martyrologia
1274 895 1393 922 Romano
1407 895 1452 922 die
1476 895 1508 922 16
1523 895 1596 927 Maii,
1609 895 1653 923 his
1668 895 1762 922 verbis
1777 903 1784 920 τ
1800 894 1835 921 In

204 937 351 966 Pala'stina
363 941 449 975 passio
462 945 615 967 sanctorum
644 941 833 967 monachorum
850 949 865 967 a
888 939 1029 967 Saracenis
1043 940 1071 966 in
1093 940 1171 967 laura
1192 940 1278 966 sancti
1300 938 1377 966 Saba:
1404 939 1619 973 interfectorum.
1634 939 1703 966 Dum
1720 946 1788 965 vero
1804 938 1834 965 lii

211 982 431 1014 coronabantur,
448 983 561 1018 quidam
579 983 732 1011 monachus
748 983 852 1011 Sinaita
867 984 952 1012 modo
970 984 1086 1011 terribili
1100 984 1195 1018 lapsus
1218 987 1271 1010 est.
1286 984 1354 1010 Rem
1374 983 1415 1010 sic
1426 983 1560 1010 describit
1588 982 1660 1010 idem
1677 982 1836 1009 Antiochus

204 1025 302 1053 hontil.
318 1026 362 1058 81,
379 1027 451 1061 apud
470 1027 631 1058 Barunium.
653 1028 721 1055 ibid.
740 1036 769 1054 n.
783 1028 818 1054 50
836 1037 844 1055 :
862 1028 930 1059 Fuit,
948 1028 1049 1063 inquit,
1066 1029 1095 1054 in
1119 1031 1207 1054 monte
1218 1026 1283 1054 Sina
1308 1028 1452 1054 monachus
1466 1028 1585 1061 quidam,
1600 1027 1644 1062 qui
1655 1026 1753 1053 celebre
1767 1027 1834 1053 adeo

204 1070 285 1096 edidit
301 1079 357 1097 sua:
373 1071 544 1098 continentia:
563 1071 704 1106 specimen,
720 1077 749 1098 ut
761 1072 788 1098 in
804 1071 900 1099 cellula
914 1073 1010 1099 multos
1025 1071 1120 1098 vixerit
1144 1079 1227 1098 annos
1241 1070 1368 1098 inclusus.
1387 1070 1524 1097 Postremo
1547 1070 1705 1104 multifariis
1728 1069 1835 1096 revela-

204 1112 316 1139 tionibus
327 1113 435 1146 diaboli,
451 1119 474 1140 et
490 1114 628 1142 insomniis
642 1114 748 1146 illusus,
762 1115 796 1142 ad
807 1115 975 1142 Judaismum
986 1115 1109 1150 delapsus
1122 1119 1170 1146 est,
1193 1120 1217 1141 et
1234 1116 1322 1142 carnis
1340 1115 1574 1142 circumcisionem.
1590 1114 1656 1141 Cum
1675 1114 1756 1149 igitur
1772 1114 1834 1140 dia-

205 1156 279 1183 bolus
289 1157 348 1183 huic
359 1157 501 1184 identidem
518 1166 580 1185 vera
594 1159 714 1193 qua‘dam
733 1158 865 1186 insomnia
875 1159 1089 1190 demonstrasset,
1105 1165 1129 1185 et
1147 1158 1227 1186 veluti
1244 1159 1346 1193 objecta
1368 1158 1491 1186 illecebra
1504 1159 1643 1185 inescasset
1657 1158 1730 1184 illius
1741 1157 1832 1184 obscu-

205 1203 293 1226 ratam
305 1205 433 1233 utentem,
453 1202 591 1228 novissime
606 1201 688 1228 oculis
704 1201 775 1228 illitis
798 1203 884 1237 objicit
898 1203 1030 1238 copiosam
1046 1203 1151 1230 turbam
1168 1203 1358 1237 apostolorum,
1371 1208 1531 1238 martyrum,
1557 1202 1723 1236 aliorumque
1746 1203 1834 1228 omnis

203 1244 306 1278 generis
319 1244 531 1271 Christianorum
549 1246 711 1272 densissimis
727 1246 848 1277 tenebris,
869 1250 893 1272 et
919 1247 989 1273 omni
1005 1247 1127 1273 dedecore
1140 1246 1290 1282 oppletum:
1310 1251 1385 1281 parte
1404 1247 1533 1281 opposita,
1553 1245 1653 1278 Mosen,
1672 1245 1831 1280 Prophetas,

204 1287 330 1322 populum
344 1296 446 1323 quoque
458 1287 626 1320 Judworum,
644 1289 696 1315 Deo
711 1289 810 1324 alibi/ui
825 1290 938 1316 inrisum
955 1297 1057 1319 (sermo
1068 1294 1110 1318 est
1126 1290 1160 1317 de
1172 1290 1274 1317 Judmis
1283 1299 1357 1318 nunc
1371 1290 1515 1325 temporis)
1532 1291 1607 1325 oﬂ'ert
1626 1289 1765 1324 splendida
1782 1290 1833 1315 ad-

204 1331 311 1358 modum
334 1331 390 1358 luce
410 1333 572 1367 conspicuos,
586 1334 665 1368 inque
682 1333 780 1368 gaudio
794 1338 817 1360 et
834 1333 971 1360 hilaritate
984 1337 1064 1361 vitam
1088 1334 1264 1360 traducentes.
1279 1334 1342 1361 "th
1353 1342 1412 1360 cum
1431 1338 1573 1369 spectasset
1588 1335 1678 1366 miser,
1694 1341 1708 1360 e
1721 1334 1831 1367 vestigio

200 1375 326 1407 surrexit,
343 1376 517 1411 derelictoque
529 1381 619 1404 sancto
636 1377 683 1403 illo
696 1381 793 1407 monte.
810 1378 837 1404 in
852 1377 1025 1405 Palaestinam
1037 1386 1118 1414 usque
1132 1379 1259 1412 pervenit,
1277 1382 1401 1413 rectaque
1425 1378 1574 1405 conscendit
1591 1378 1618 1404 in
1638 1377 1730 1404 Noara
1743 1381 1769 1403 et
1782 1377 1832 1404 Li-

202 1419 313 1453 bgadem
324 1419 400 1454 asyla
417 1419 581 1447 Iudaeorum.
604 1419 668 1448 Cum
681 1421 767 1454 (vero)
781 1421 836 1447 istis
848 1422 1015 1449 denurrasset
1027 1431 1086 1457 quae
1099 1423 1148 1450 sibi
1162 1423 1224 1449 visre
1233 1423 1339 1457 fuerant
1355 1422 1498 1450 diabolicas
1516 1423 1705 1458 apparitioncs,
1717 1422 1832 1448 circitat-

201 1463 270 1489 cisus
283 1467 331 1495 est,
341 1471 372 1489 ac
393 1463 526 1498 professus
535 1463 718 1496 Judaismum,
736 1465 836 1499 accepit
861 1473 982 1498 uxorem,
1007 1466 1086 1501 inque
1114 1467 1230 1493 omnium
1255 1471 1393 1501 prospectu
1420 1466 1542 1493 adversus
1559 1465 1723 1493 Christianos
1746 1466 1831 1492 edidit

202 1506 339 1541 dogmata,
352 1512 535 1542 propugnator
548 1507 633 1542 {actus
646 1507 765 1535 Iudaica
781 1509 985 1543 superstitionis.
997 1510 1074 1537 Hunc
1088 1518 1134 1545 ego
1146 1510 1208 1543 ridi,
1221 1509 1311 1545 pergit
1324 1510 1488 1543 Antiochus,
1508 1518 1539 1536 ac
1554 1509 1672 1544 plerique
1684 1510 1830 1536 monacho-

201 1557 272 1582 rum,
289 1558 370 1585 neque
384 1552 453 1577 enint
468 1556 582 1586 quatuor
594 1553 658 1578 anni
671 1556 731 1578 sunt
743 1561 758 1579 a
774 1557 857 1579 morte
872 1553 944 1580 illius
959 1562 1011 1588 qua
1023 1553 1118 1581 misere
1130 1558 1270 1589 perruptas
1291 1557 1340 1580 est.
1367 1553 1493 1581 Cat/turri
1506 1554 1576 1580 enim
1597 1554 1755 1588 proﬂuvium
1773 1553 1827 1579 ali-

202 1593 308 1629 quando
319 1603 424 1629 passus,
437 1599 461 1621 et
473 1596 600 1622 vermium
613 1596 749 1622 arrosioue
762 1597 945 1623 contabesccns
959 1599 1113 1633 exspiravit.
1126 1598 1202 1625 Hunc
1220 1606 1279 1625 cum
1294 1598 1447 1625 vidissemus
1460 1605 1505 1633 ego
1520 1601 1544 1623 et
1559 1597 1606 1624 alii
1621 1597 1722 1632 aliquot
1734 1605 1830 1623 mona-

204 1638 255 1670 chi,
271 1639 386 1673 correpti
404 1640 509 1672 timore,
525 1640 627 1674 ingenti
641 1648 700 1666 cum
713 1639 784 1666 luctu
801 1640 940 1668 lamentati
949 1649 1049 1668 sumus.
1066 1642 1132 1669 Erat
1144 1642 1172 1669 id
1184 1650 1249 1669 sane
1264 1650 1345 1677 quam
1361 1641 1512 1668 miserabile
1525 1641 1715 1676 spectaculum.
1727 1640 1773 1666 Vir
1785 1641 1828 1667 hic

203 1686 272 1709 totus
290 1682 448 1709 incanuerat
463 1683 491 1709 in
507 1684 654 1710 monastica
665 1685 862 1714 exercitatione,
876 1689 1100 1721 consenueratque
1115 1685 1249 1712 laboribus
1262 1685 1379 1716 attritus,
1394 1690 1417 1711 et
1427 1686 1449 1711 is
1467 1685 1574 1711 tandem
1595 1693 1653 1711 cum
1671 1683 1827 1710 mulieribus

197 1725 351 1761 jocabatur,
369 1726 570 1753 immundarum
582 1728 715 1758 carniunt,
734 1736 827 1762 nempe
838 1727 1021 1759 Iudaicarum,
1042 1733 1118 1762 gustu
1131 1737 1158 1755 se
1180 1728 1339 1763 defwdabat,
1351 1732 1374 1754 et
1392 1728 1560 1762 inquinabat,
1580 1727 1658 1754 verba
1671 1726 1828 1761 loquebatur

202 1770 312 1797 obscena
323 1774 346 1796 et
364 1770 508 1806 impudica,
521 1771 720 1804 blasphemabat
738 1772 881 1803 Christum,
898 1771 1027 1807 Spiritum
1050 1776 1172 1798 sanctum
1198 1780 1250 1798 nou
1274 1772 1420 1798 tolerandis
1443 1771 1571 1806 afﬁciebat
1594 1770 1761 1797 contumeliis
1776 1778 1785 1796 :
1799 1774 1827 1796 et

201 1814 270 1842 L'unc
294 1818 383 1840 tamen
411 1813 453 1841 illi
480 1815 535 1841 sine
563 1814 618 1850 lege
631 1814 719 1842 Judazi
746 1816 890 1842 secundum
909 1816 1037 1843 vocabant
1058 1815 1203 1843 Abraham.
1226 1815 1289 1843 [hec
1307 1815 1463 1843 Antiochus
1499 1818 1518 1841 t.
1537 1814 1547 1841 Ι
1563 1813 1633 1841 Bibl.
1646 1813 1725 1841 Patr.
1738 1813 1824 1842 Grec.

200 1864 231 1891 p.
246 1856 310 1883 1161
325 1860 354 1883 et
366 1865 424 1891 seq.

236 1899 365 1931 Cosroes,
382 1904 412 1927 ut
425 1901 528 1928 dictum
542 1906 594 1934 est,
613 1902 718 1937 lignum
731 1907 833 1930 sanctae
851 1903 953 1935 crucis,
968 1902 1041 1937 quod
1056 1903 1256 1938 Hierosolymis
1270 1903 1444 1935 servabatur,
1462 1902 1489 1929 in
1509 1901 1650 1930 Persidem
1669 1901 1824 1928 transtulit.

200 1943 254 1971 Sed
268 1944 348 1978 plane
366 1944 549 1972 admiratione
560 1946 674 1981 dignum
690 1946 757 1973 illud
773 1946 834 1979 fuit,
851 1947 941 1982 inquit
961 1946 1096 1974 Baronius
1109 1955 1192 1982 supra
1211 1947 1322 1979 citatus,
1341 1955 1369 1973 n.
1383 1947 1429 1979 52,
1453 1947 1567 1981 itnpiutn
1591 1945 1731 1972 hominem
1755 1945 1825 1972 adeo

199 1995 262 2014 esse
276 1988 424 2015 reveritum
441 1989 538 2016 salutis
555 1995 657 2017 nostrae
685 1994 830 2025 tropmum,
849 1995 878 2018 ut
905 1998 956 2018 nec
972 1998 1056 2018 ausus
1075 1991 1159 2018 fuerit
1178 1992 1212 2018 ab
1231 1991 1288 2026 ipsa
1305 1991 1395 2022 theca,
1407 1999 1460 2025 qua
1487 1990 1677 2025 operiebatur,
1694 1989 1824 2024 signacu-

201 2039 258 2058 ιιι-ιη
274 2038 414 2065 amovere,
431 2037 460 2060 et
477 2033 553 2061 clave
570 2034 692 2069 aperire,
707 2039 737 2062 ut
748 2035 790 2062 \‘cl
806 2035 873 2062 illud
893 2035 1058 2069 inspiceret;
1076 2035 1122 2061 sed
1139 2035 1239 2062 timore
1254 2035 1472 2069 perculsum,uti
1495 2035 1522 2062 in
1539 2038 1717 2062 sacrosancto
1728 2032 1823 2067 templi

200 2075 261 2102 loco
275 2076 479 2109 asscrrabatur,
496 2076 593 2104 eodem
611 2077 692 2105 modo
706 2078 732 2105 in
749 2078 888 2106 Persidem
901 2078 1022 2105 voluisse
1041 2079 1201 2110 transferre,
1219 2080 1304 2105 veluti
1321 2079 1433 2106 demum
1448 2079 1582 2106 intactum
1604 2078 1823 2112 Hierosolymam

201 2124 372 2154 reportatum
403 2120 455 2147 l'uit
473 2129 480 2147 τ
497 2120 569 2155 quod
580 2125 696 2148 testatus
710 2127 751 2148 est
764 2122 902 2149 Modestus
917 2121 1171 2158 Hierosolymorum
1186 2123 1354 2157 patriarcha,
1372 2123 1438 2149 item
1449 2129 1559 2157 quoque
1573 2122 1721 2148 universus
1733 2121 1828 2148 clerus

201 2163 332 2191 Ecclesia:
349 2163 615 2200 Hicrosolytnitanze.
629 2165 724 2192 Tradit
738 2165 796 2192 haec
813 2166 905 2192 omnia
918 2165 1018 2193 Suidas
1042 2167 1069 2193 in
1087 2166 1224 2194 Heraclio.
1239 2166 1325 2193 Porro
1341 2165 1469 2193 observat
1490 2166 1589 2193 Baron.
1612 2165 1684 2192 idem
1701 2164 1733 2191 ad
1757 2171 1824 2191 ann.

200 2210 263 2241 ΜΞ,
280 2218 308 2236 n.
324 2210 350 2242 1,
368 2218 400 2237 ex
419 2218 474 2244 quo
490 2215 584 2237 sancta
601 2210 674 2238 Crux
685 2216 762 2245 capta
777 2219 791 2237 a
807 2211 895 2238 Persis
906 2211 967 2243 fuit,
980 2215 1007 2238 et
1024 2210 1050 2237 in
1067 2210 1208 2237 Persidem
1222 2209 1450 2245 asportata,hanc
1465 2217 1514 2237 sua
1536 2210 1659 2244 potentia
1671 2229 1678 2241 ,
1695 2210 1749 2235 imo
1764 2209 1826 2243 ejus

200 2253 246 2287 qui
262 2253 288 2279 in
304 2261 335 2280 ea
352 2261 449 2288 passus
463 2258 505 2281 est
515 2254 616 2281 virtute
629 2275 636 2286 ,
650 2254 782 2281 Romanis
797 2255 891 2289 plures
910 2255 1086 2290 insignesque
1101 2255 1253 2283 contulisse
1267 2254 1415 2286 victorias;
1429 2261 1444 2281 e
1465 2258 1561 2281 contra
1579 2262 1644 2280 veto
1662 2254 1759 2280 Persas
1781 2261 1827 2279 rc-

200 2297 318 2331 portatis
334 2298 517 2332 plurimorum
531 2306 666 2325 annorum
683 2299 792 2333 tropzeis
803 2299 950 2326 admodum
967 2300 1053 2327 elatos
1065 2297 1246 2332 deprcssisse,
1265 2302 1418 2329 eorumque
1436 2303 1528 2330 regem
1544 2295 1668 2322 Cosroen
1684 2293 1825 2321 horrenda

199 2346 289 2368 morte
305 2341 447 2368 multasse.
464 2342 531 2369 Item
544 2343 576 2369 ad
593 2351 694 2369 annum
707 2343 769 2375 627,
784 2352 811 2370 n.
827 2344 873 2375 25,
889 2344 1017 2371 Heraclio
1033 2341 1196 2376 imperatori
1208 2339 1301 2367 crucis
1315 2339 1420 2366 virtute
1442 2339 1548 2372 datum,
1564 2343 1592 2366 ut
1607 2345 1687 2373 longe
1710 2338 1825 2373 ιιι-ωειδ-

202 2385 261 2412 rius
272 2393 353 2420 quatit
365 2385 456 2420 quivis
473 2390 536 2413 ante
551 2386 737 2414 Romanorum
754 2387 904 2421 imperator
919 2388 955 2414 de
980 2387 1086 2414 victore
1108 2386 1222 2417 Cosroe,
1234 2384 1281 2419 qui
1297 2388 1325 2410 et
1352 2383 1425 2410 vinci
1447 2391 1527 2419 posse
1555 2391 1610 2410 non
1644 2383 1823 2413 credebatur,

200 2428 422 2464 triumphaverit,
438 2429 545 2456 iteratis
560 2429 722 2465 scilicetpcr
737 2438 823 2457 annos
835 2435 938 2465 septem
954 2431 1089 2462 victoriis,
1099 2436 1216 2464 quarunt
1232 2435 1314 2455 causa
1326 2435 1375 2462 per
1385 2435 1472 2454 annos
1488 2427 1611 2462 singulos
1628 2426 1727 2461 singuli
1743 2431 1824 2454 erant

198 2473 250 2507 ipsi
273 2473 440 2500 decernendi
453 2473 594 2507 triumphi.

235 2518 331 2544 Exstat
345 2517 373 2544 in
391 2517 489 2545 Chron.
502 2517 649 2544 Almandr.
668 2527 730 2553 pag.
742 2519 803 2550 398,
820 2519 854 2546 ad
870 2527 971 2546 annum
988 2519 1020 2547 £8
1035 2518 1153 2546 lleraclii
1178 2518 1304 2552 imperat.
1323 2517 1427 2545 Christi
1442 2517 1503 2547 6‘28,
1529 2516 1644 2551 epistola
1661 2516 1744 2550 hujus
1770 2515 1825 2542 im-

198 2565 287 2596 perat.
301 2562 382 2588 missa
399 2561 667 2596 Constantinopolim
684 2563 718 2590 de
735 2571 802 2590 nece
816 2563 938 2595 Cosrois,
960 2567 988 2590 et
1011 2570 1078 2598 pace
1099 2562 1166 2588 inita
1180 2569 1242 2588 cum
1267 2561 1351 2596 Syroe
1370 2562 1430 2595 ejus
1445 2561 1510 2591 ﬁlio,
1524 2566 1585 2594 quae
1614 2560 1683 2586 lecta
1709 2564 1752 2586 est
1778 2559 1823 2586 die

198 2606 233 2633 15
247 2605 320 2637 lllaii,
336 2605 362 2632 in
378 2613 460 2640 quem
477 2605 612 2632 inciderat
626 2606 724 2633 festum
739 2607 849 2633 Pentcc.
867 2607 906 2633 Eo
922 2615 994 2634 anno
1014 2607 1118 2634 Pascha
1141 2610 1301 2633 occurrerat
1315 2605 1359 2632 die
1372 2605 1405 2631 Ἦ
1430 2604 1509 2631 Mart.
1530 2603 1702 2638 proindcque
1723 2603 1825 2630 Pente-

198 2653 292 2676 costes
307 2648 351 2675 die
366 2649 399 2676 15
412 2649 485 2675 Maii.
503 2649 569 2676 Eam
591 2657 700 2684 quoque
717 2651 804 2676 refert
819 2651 928 2685 Pagius,
946 2654 1013 2677 tom.
1029 2651 1062 2683 ll,
1086 2650 1148 2677 erit.
1164 2649 1262 2676 Annal.
1281 2649 1380 2676 Baro'v.
1397 2649 1430 2675 ad
1458 2655 1559 2675 annum
1577 2647 1639 2679 627,
1655 2655 1731 2674 num.
1747 2647 1780 2672 Η.
1795 2651 1823 2672 et.

197 2700 275 2727 seqq.
291 2692 337 2719 Sic
350 2692 446 2727 incipit
460 2701 466 2719 :
485 2692 588 2719 Decimo
597 2697 687 2720 octavo
702 2701 772 2719 anno
783 2694 886 2728 imperii
898 2694 1023 2724 Ileraclii.
1042 2698 1098 2729 post
1109 2693 1284 2724 consulatum,
1303 2693 1334 2719 l7
1347 2697 1413 2725 etc,
1427 2693 1457 2718 lii
1471 2691 1535 2718 Maii
1554 2691 1648 2718 mensis
1665 2691 1716 2723 die,
1735 2691 1783 2725 for.
1798 2691 1824 2724 1,

199 2737 256 2770 ipso
270 2736 432 2763 Pentecostcs
452 2736 527 2770 festo,
544 2736 616 2764 lecta:
626 2741 686 2764 sunt
705 2745 736 2763 ex
750 2737 859 2763 antbone
876 2738 901 2763 in
919 2738 1086 2766 sanrtissinta
1104 2738 1200 2773 Magna
1218 2737 1326 2764 ecclesia
1345 2737 1440 2764 littera!
1454 2737 1539 2763 missa:
1554 2744 1584 2763 ex
1597 2736 1704 2763 Oriente
1720 2736 1753 2762 ab
1773 2735 1823 2762 Hc-

198 2780 282 2807 raclio
296 2781 412 2815 piissimo
427 2782 586 2816 imperatore
600 2786 697 2813 nostro,
713 2789 771 2816 qum
786 2781 889 2809 Cosrore
903 2791 1003 2813 casum,
1017 2787 1039 2809 et
1056 2783 1285 2817 inaugurationem
1300 2780 1389 2816 Sgrore
1406 2780 1549 2807 Persarum
1567 2781 1634 2815 regis
1651 2781 1821 2811 nuntiabant,

199 2823 267 2849 hisce
277 2825 358 2852 verbis
374 2830 514 2861 conceptae.
530 2835 539 2850 ε
557 2826 697 2853 Εωδιιίιιιιε
712 2826 775 2858 Deo,
792 2823 876 2853 oinnis
893 2831 976 2860 terra,
993 2836 1002 2852 ι
1016 2831 1069 2854 etc.
1090 2835 1098 2850 ι
1117 2826 1249 2852 La‘tenlur
1259 2824 1316 2851 coeli
1330 2829 1353 2851 et
1365 2823 1474 2851 exsultet
1490 2829 1571 2854 terra,
1584 2829 1608 2850 et
1619 2824 1709 2850 omnia
1725 2831 1785 2858 qua:
1795 2824 1822 2850 in

200 2865 237 2890 eis
252 2872 323 2893 sunt.
334 2877 343 2892 I
360 2867 394 2894 Et
406 2877 494 2895 omnes
509 2868 652 2896 Christiani
666 2869 804 2896 laudantes
820 2874 844 2896 et
859 2870 1035 2897 benediccutcs
1048 2870 1147 2905 grati/Is
1166 2877 1276 2903 agnotus
1288 2868 1337 2895 soli
1353 2868 1417 2899 Deo,
1436 2873 1490 2895 etc.
1509 2878 1518 2893 ‹
1530 2867 1628 2895 Cecidit
1644 2867 1713 2894 enim
1728 2875 1823 2902 supcr-

204 2909 427 2943 busctpcrducllfs
441 2912 488 2939 Dei
505 2911 624 2940 Casrocs.
652 2913 759 2948 Cecidit,
775 2919 798 2940 et
819 2914 1003 2950 pra'ripitatus
1021 2919 1057 2942 est
1077 2914 1110 2940 ad
1130 2914 1236 2949 inferos,
1257 2918 1279 2940 et
1297 2912 1380 2939 deleta
1399 2916 1435 2939 est
1449 2912 1479 2939 dc
1499 2916 1569 2939 terra
1592 2910 1720 2939 memoria
1755 2911 1823 2945 σάω.
