1952 3066
109 168 179 200 3⁸225
837 173 1004 205 NOTlTIA.
1666 177 1736 207 3226

1684 189 1737 208 2;!)

111 227 242 260 Superbus
251 226 296 253 ille
313 231 337 253 et
351 226 458 260 loquens
471 228 638 263 iniquitatem
651 230 677 255 in
692 230 815 264 superbia
826 235 851 257 et
864 236 1015 267 contemptu
1029 231 1153 258 adversus
1172 231 1202 258 D.
1222 231 1255 259 N.
1274 231 1301 259 J.
1319 231 1348 258 C.
1373 233 1466 259 verum
1483 231 1575 265 Deum,
1591 237 1615 259 et
1626 234 1734 260 inteme-

110 274 198 296 ratum
215 271 272 304 ejus
284 275 396 296 matrem
410 270 572 299 benedictum
583 273 724 299 Dominam
743 277 863 300 nostram
878 274 924 301 Dei
940 276 1097 303 Cenitricem
1116 284 1269 311 semperque
1290 275 1424 310 Virginem
1440 276 1565 304 Mariam.
1586 277 1669 304 Periit
1687 279 1733 304 im.

111 314 168 347 plus
182 321 239 339 cum
257 314 354 341 sonitu.
371 314 517 344 Conversus
534 321 572 343 est
586 317 660 344 labor
675 317 731 352 ejus
742 318 769 344 in
781 322 858 352 caput
875 318 943 352 ejus,
962 323 987 345 et
1000 319 1028 345 in
1043 321 1165 346 verticem
1178 320 1309 354 iniquitas
1324 321 1383 355 ejus
1399 318 1541 347 descendit.
1557 320 1625 347 Nam
1644 321 1678 348 24
1690 321 1736 348 Fe-

109 357 201 384 bruar.
216 357 342 391 prteteriti
360 360 468 391 mensis,
484 360 570 393 prima
582 361 732 392 indictione,
750 361 877 387 seditione
890 362 917 387 in
930 371 989 389 eum
1014 367 1084 389 mota
1101 363 1132 389 ab
1145 363 1227 398 ipsius
1242 362 1298 395 ﬁlio
1316 363 1489 398 primogenita
1500 362 1593 398 Syroe,
1610 364 1725 399 quemad

109 401 215 427 modum
230 401 257 427 in
272 401 327 428 alia
339 401 508 437 jussionc(id
521 408 562 430 est.
573 404 712 438 cpistola).
729 405 799 431 vobis
815 405 992 438 exposuimus,
1010 405 1158 433 Persarum
1172 406 1293 432 erratibus
1307 407 1457 441 proceribus
1473 415 1504 433 ac
1524 408 1645 433 universo
1661 415 1737 434 exer-

109 443 172 475 citu,
186 444 318 479 copiisque
335 453 366 471 ex
382 446 463 473 variis
479 447 627 482 regionibus
643 448 788 478 conductis.
809 448 840 474 ab
855 449 1014 475 casecrando
1027 449 1121 476 Casroe
1133 452 1167 476 ad
1181 453 1272 485 partes
1296 450 1401 484 Syram,
1413 458 1472 476 cum
1488 449 1665 485 Curdanaspa
1674 450 1738 477 Per—

108 489 155 514 sici
168 489 295 515 exercitus
311 490 383 524 priris
397 490 462 517 duce
487 492 695 520 transeuntibus.
707 493 776 518 idem
788 492 840 519 Deo
854 493 952 519 invisus
967 493 1087 525 Cosroes,
1107 494 1169 520 dum
1183 494 1273 528 fugam
1289 494 1443 525 meditatur,
1468 497 1571 529 captus,
1587 495 1739 530 vinctusque

108 531 137 558 in
152 540 247 558 novum
267 533 418 565 castellum,
438 533 470 560 ab
485 535 595 569 ipsemet
612 535 647 561 ad
658 535 837 562 recondemlas
856 536 1053 571 servandasque
1064 537 1095 563 ab
1108 545 1137 564 eo
1153 537 1276 564 collectas
1290 538 1415 572 pecunias
1429 542 1587 564 exstructum
1606 538 1738 573 conjectus
1751 538 1756 541 ’

109 580 155 602 est.
171 575 297 602 Vicesima
315 578 406 611 quinta
423 581 512 604 autem
531 579 651 613 ejusdem
675 580 771 605 nunsis
787 579 914 606 Februar.
930 579 1012 615 Syroe
1025 585 1162 612 coronato,
1174 585 1199 607 et
1211 589 1270 616 rege
1299 581 1441 608 Persarum
1463 582 1634 616 inaugurato,
1654 590 1685 608 ac
1703 581 1738 609 28

110 618 227 653 ejusdem
237 621 333 647 mensis
346 629 404 647 cum
418 621 472 647 Deo
486 630 579 648 exosus
592 622 703 649 Cosroes
714 627 840 657 quartum
849 623 909 658 jam
922 624 989 650 diem
1009 625 1036 651 in
1054 625 1176 657 vinculis,
1196 625 1314 651 omnibus
1336 625 1502 651 excruciatus
1520 623 1662 656 doloribus,
1677 633 1738 652 ere-

109 662 198 696 gisset,
215 663 351 698 ingratum
367 664 455 696 illum,
467 669 491 691 et
505 665 668 699 perduellem
684 666 742 697 Dei,
757 666 951 701 superbumque
967 676 998 693 ac
1014 667 1197 703 blasphemum
1214 668 1328 696 Cosroen
1352 668 1521 695 acerbissimo
1536 669 1628 695 mortis
1646 677 1738 703 genere

110 703 204 740 Sgroes
219 706 338 738 sustulit,
353 708 391 734 uti
402 708 480 734 sciret
494 708 588 734 Iesum
602 717 633 735 ex
645 709 734 735 Maria
747 715 851 740 natum,
867 714 892 735 et
903 719 919 736 α
931 710 1032 738 Juda’is
1051 712 1219 746 cruciﬁxum,
1235 712 1457 747 quemadmodum
1477 713 1533 747 ipse
1547 713 1699 747 scripserat,
1715 717 1738 739 et

110 757 188 784 quem
202 751 323 777 conviciis
334 752 699 787 incesserat,omnipotentem
712 753 968 788 esseDeurn,illique
982 755 1131 788 retribuere,
1142 760 1219 791 prout
1234 765 1249 782 a
1264 756 1335 782 nobis
1347 757 1397 791 ipsi
1412 757 1568 791 rescriptum
1582 756 1738 790 fuerat,rte.

111 792 143 820 In
157 793 212 820 alia
231 798 320 821 autem
331 804 347 821 ιι
359 795 431 822 nobis
452 796 514 822 data
528 797 598 823 vobis
610 796 742 831 jussione,
756 805 787 823 ea:
804 797 898 823 castris
909 798 1006 824 nostris
1025 799 1059 824 ad
1071 798 1204 830 Cunzaca,
1231 806 1290 834 quw
1314 799 1481 825 continebant
1501 803 1561 825 acta
1586 808 1601 826 a
1619 800 1650 826 17
1666 798 1740 826 Octo-

112 838 176 870 bris,
191 847 272 874 usque
286 841 319 866 ad
332 840 365 866 15
375 840 477 872 Martii,
490 840 697 876 significavimus
711 862 718 872 ,
733 850 783 876 quo
797 846 874 876 pacto
885 841 965 872 Deus,
982 846 1006 868 et
1027 841 1138 870 Domina
1155 846 1245 869 nostra
1260 842 1388 877 Deipara,
1402 842 1486 873 nobis,
1509 842 1662 878 Christoque
1675 843 1737 871 dile»

111 882 160 908 etis
172 883 252 916 copiis
265 884 361 909 nostris
380 885 550 916 succurrerit,
564 889 587 911 et
603 885 731 920 quomodo
741 885 768 911 in
784 885 840 920 ipso
851 889 988 920 conspectu
1002 890 1092 912 nostra
1107 886 1162 912 Deo
1177 894 1269 914 exosus
1282 905 1290 918 ,
1301 890 1326 912 et
1338 893 1351 912 ε
1370 886 1471 912 tumulo
1487 886 1653 921 refodiendus
1665 887 1740 922 (sive

112 935 127 954 c
143 928 319 962 sterquilinio
332 928 458 960 effossus,
471 933 502 956 ut
513 929 595 958 habet
611 929 722 964 Pagius)
742 929 852 957 Cosroes
866 938 882 956 a
898 929 1135 964 Dastagerchosate
1153 929 1187 956 ad
1202 928 1397 964 Ctesiphontem
1410 938 1493 964 usque
1506 930 1599 964 fugam
1612 931 1742 965 capessie-

113 971 158 1001 rit,
170 979 272 1007 suaque
296 971 400 1006 palatia
415 974 534 1007 amiserit
549 981 609 1000 cum
621 974 697 1008 regni
710 973 807 1000 Persici
822 973 972 1008 provinciis,
992 980 1023 998 ac
1039 971 1151 1006 denique
1168 971 1216 998 hac
1232 971 1336 998 ratione
1348 979 1509 998 commovere
1525 971 1649 998 adversus
1664 971 1741 999 illum

111 1015 265 1042 seditionem
274 1015 369 1051 Syroes
383 1017 508 1052 potuerit.
520 1017 584 1044 Post
593 1018 720 1052 scriptam
730 1025 791 1044 vero
804 1018 872 1044 lianc
885 1021 1003 1044 nostram
1012 1016 1171 1050 iussionem,
1183 1008 1293 1050 eamque
1303 1016 1412 1042 missam
1425 1015 1456 1041 l5
1465 1015 1507 1042 die
1518 1016 1654 1050 prtesentis
1670 1024 1743 1043 men-

112 1059 147 1085 sis
160 1058 261 1091 Martii,
277 1059 338 1085 dum
353 1068 412 1094 qua:
427 1059 543 1087 Cosroen
558 1061 628 1086 inter
642 1066 667 1087 et
685 1060 785 1095 Sgroen
803 1061 967 1096 postmodum
986 1059 1141 1093 contigerint
1157 1058 1298 1093 explorare
1321 1059 1480 1094 satagimus,
1505 1059 1592 1086 missis
1612 1060 1640 1086 in
1664 1061 1741 1087 varia

115 1102 183 1134 loca,
198 1107 279 1138 atque
292 1104 327 1130 ad
337 1103 475 1137 Siarsura,
489 1112 600 1139 parvum
610 1104 709 1136 Zabas,
723 1103 835 1131 Chalcas
845 1110 868 1131 et
880 1104 997 1134 Jesdem,
1017 1107 1130 1137 utraque
1156 1104 1209 1132 ria,
1226 1106 1282 1129 tum
1297 1110 1329 1129 ea:
1349 1102 1504 1137 felicissimis
1518 1104 1612 1129 castris
1635 1103 1742 1136 nostris,

101 1151 170 1173 ~tum
181 1155 212 1173 ex
232 1146 373 1173 Saracenis
386 1148 430 1182 pio
446 1151 535 1173 nostro
553 1148 663 1182 imperio
678 1148 812 1183 subjectis,
833 1152 862 1174 ut
884 1146 1105 1182 quemadmodum
1128 1146 1234 1180 prtefati
1257 1154 1358 1178 sumus,
1378 1151 1463 1172 motus
1478 1146 1523 1181 qui
1537 1146 1573 1172 ibi
1588 1151 1659 1178 sunt,
1673 1150 1743 1173 certe

115 1190 281 1221 resciremus,
299 1190 467 1217 adduxerunt
484 1191 519 1217 ad
534 1200 580 1217 nos
597 1192 758 1218 excubitores
774 1192 800 1218 in
815 1195 904 1218 castra
920 1190 954 1218 ad
970 1190 1093 1217 Canzaca
1117 1190 1227 1217 Persam
1249 1199 1342 1222 unum,
1363 1194 1387 1216 et
1405 1191 1520 1217 alterum
1545 1190 1710 1224 Armenium,
1725 1199 1744 1218 (ι

115 1234 209 1268 quibus
220 1238 342 1268 porrecta
356 1235 428 1261 nobis
443 1239 481 1261 est
497 1234 607 1270 epistola
624 1244 638 1261 a
654 1235 769 1268 quodam
788 1235 933 1262 Persarum
947 1235 1089 1262 sceretario
1104 1235 1146 1261 cui
1158 1242 1252 1261 nomen
1264 1239 1301 1261 est
1317 1234 1418 1262 Cosdae
1434 1240 1458 1261 et
1480 1235 1695 1266 Ariamaranan,
1709 1235 1744 1263 ad

115 1285 163 1304 nos
174 1278 282 1312 scripta,
293 1286 345 1312 qua
356 1278 463 1304 missum
477 1285 505 1304 se
518 1278 712 1312 significabata
727 1278 810 1314 Sgroe
833 1279 861 1305 in
885 1278 1031 1306 Persarum
1054 1287 1140 1313 regem
1167 1278 1342 1313 proclamato,
1372 1287 1431 1305 cum
1457 1278 1516 1305 aliis
1541 1279 1700 1314 proceribus,
1720 1285 1745 1306 ct

115 1321 198 1354 ipsius
222 1320 311 1356 Syrois
339 1321 373 1348 ad
397 1330 442 1348 uos
470 1321 564 1348 litteris
587 1331 595 1349 :
614 1330 724 1357 cumque
751 1323 785 1349 ad
807 1322 909 1349 Arinen
922 1323 1088 1357 peruenisset.
1103 1323 1187 1348 visunt
1201 1322 1250 1348 sibi
1260 1330 1314 1349 esse
1327 1327 1355 1348 ut
1382 1322 1447 1349 duos
1476 1323 1538 1349 istos
1561 1324 1629 1349 viros
1642 1323 1676 1350 ad
1696 1331 1744 1350 nos

118 1366 243 1397 mitteret,
257 1373 308 1400 quo
334 1365 447 1392 vicissim
475 1374 553 1399 seque
578 1374 609 1392 ac
639 1367 722 1392 socios
741 1369 809 1392 tutos
822 1365 1017 1400 incolumesque
1044 1365 1212 1397 deducerent,
1240 1374 1256 1392 a
1288 1365 1361 1392 nobis
1396 1366 1573 1392 mitterentur.
1602 1366 1634 1394 Ut
1657 1372 1746 1394 autem

115 1408 193 1435 illum
218 1409 267 1435 sibi
291 1409 382 1435 timere
405 1408 593 1442 intelleximus,
622 1417 654 1436 ea:
678 1418 708 1436 eo
733 1410 803 1444 quod
831 1410 857 1436 in
885 1410 978 1436 itinere
1009 1408 1094 1435 multa
1114 1408 1255 1435 Persarum
1273 1409 1416 1441 cadavera,
1434 1417 1517 1444 eaque
1529 1418 1610 1445 usque
1628 1410 1662 1437 ad
1690 1411 1743 1438 tria

117 1452 224 1479 circiter
253 1452 338 1479 millia
363 1461 379 1478 ιι
403 1452 560 1486 felicissimis
584 1453 665 1488 copiis
692 1454 790 1480 nostris
814 1453 1013 1487 interfectorum
1041 1460 1131 1478 versus
1150 1452 1260 1479 Narban
1289 1453 1397 1485 videret,
1423 1453 1520 1487 absque
1545 1454 1745 1481 conductoribus

118 1505 164 1523 nos
179 1498 315 1522 convenire
327 1500 478 1524 vereretur:
489 1497 523 1524 25
538 1497 654 1531 ejusdem
669 1497 751 1524 Mart.
764 1498 859 1524 mensis
871 1497 905 1523 ad
916 1497 976 1523 illos
989 1499 1109 1523 misimus
1124 1496 1343 1532 gloriosissimum
1360 1498 1518 1532 magistrum
1530 1498 1643 1525 militum
1655 1498 1745 1526 Etiam

117 1544 287 1575 cognomento
299 1540 426 1571 Bursoca,
445 1545 468 1566 et
482 1540 772 1574 magnificentissimum
792 1541 951 1567 Theodotum
969 1541 1160 1577 Drunqarium,
1180 1549 1240 1567 cum
1256 1540 1356 1567 delecta
1368 1541 1519 1576 juventute,
1533 1550 1563 1568 ac
1575 1542 1666 1576 viginti
1675 1543 1747 1577 equis

118 1585 260 1612 dextrariis
277 1583 343 1611 sella
361 1586 506 1614 instructis,
524 1585 569 1620 qui
595 1585 648 1612 illis
668 1590 845 1616 occurrerent.
861 1593 955 1616 eosque
980 1585 1015 1612 ad
1031 1594 1077 1612 nos
1095 1585 1263 1617 deducerent,
1279 1589 1334 1612 etc.
1357 1585 1388 1612 Ut
1403 1593 1463 1612 vero
1483 1586 1547 1612 duos
1567 1585 1628 1612 illos
1645 1586 1714 1612 viros
1731 1594 1747 1612 a

120 1628 203 1664 Syroe
218 1628 360 1655 Persarum
377 1636 438 1662 rege
445 1629 543 1654 missos
561 1629 705 1663 recepimus
716 1649 722 1659 ,
738 1628 852 1655 alterum
866 1637 898 1655 ex
910 1629 952 1658 iis.
970 1629 1081 1655 Persam
1092 1629 1202 1660 scilicet,
1217 1637 1269 1655 una
1280 1637 1338 1654 cum
1356 1628 1416 1654 aliis
1432 1629 1466 1655 ad
1482 1628 1665 1655 Barismanem
1678 1628 1748 1656 Can-

119 1679 245 1698 zacorum
262 1672 461 1705 tprwpositum;
476 1672 520 1705 qui
533 1680 549 1698 a
561 1671 743 1706 quadraginta
754 1671 913 1698 milliaribus
927 1672 1030 1703 aberat,
1044 1677 1068 1698 et
1080 1673 1107 1698 in
1122 1673 1253 1698 munitum
1265 1671 1405 1698 castellum
1421 1680 1448 1698 se
1462 1671 1606 1698 recluserat
1617 1673 1748 1704 misimus,

120 1716 189 1742 datis
206 1716 241 1742 ad
252 1715 329 1742 illum
345 1715 449 1745 litteris,
467 1716 558 1749 quibus
575 1716 765 1746 mundabatur,
786 1716 824 1742 uti
841 1707 921 1751 equos
938 1719 1038 1750 septem
1053 1723 1100 1750 pro
1119 1715 1211 1750 legatis
1227 1720 1346 1750 pararet,
1365 1723 1416 1750 quo
1434 1716 1553 1750 expedite
1573 1724 1604 1742 ac
1615 1717 1671 1743 sine
1691 1715 1749 1743 ullo

120 1759 308 1793 impedimento
331 1759 365 1785 ad
379 1759 479 1794 Syroen
494 1766 579 1793 regem
596 1763 701 1794 possent
724 1759 864 1794 proficisci.
879 1759 1054 1786 [iurismanas
1080 1767 1177 1786 vero...
1195 1763 1219 1785 et
1235 1759 1279 1794 qui
1298 1762 1353 1785 tum
1370 1767 1429 1785 cum
1447 1759 1493 1785 illo
1507 1760 1629 1791 aderant,
1653 1768 1710 1793 nos,
1724 1764 1749 1786 et

121 1801 224 1837 Sgroen
243 1802 388 1829 Persarum
403 1811 501 1837 regem,
515 1811 561 1837 per
579 1802 678 1829 multas
690 1803 780 1834 horas,
799 1804 895 1837 faustis
911 1803 1146 1830 acclamationibus
1163 1803 1336 1838 laudibusque
1349 1805 1479 1838 prosecuti
1505 1808 1576 1831 sunt.
1604 1805 1626 1832 Α
1651 1804 1749 1840 Legato

123 1847 219 1881 quippe
231 1845 277 1872 illo
292 1846 384 1877 Persa,
396 1845 559 1880 perduellem
573 1846 621 1873 Dei
636 1846 751 1873 Cosroen
769 1847 887 1881 periisse,
901 1853 1039 1881 regemque
1053 1844 1154 1879 Syroen
1169 1844 1365 1880 proclamatum
1383 1846 1507 1872 certiores
1521 1850 1598 1872 erant
1610 1847 1683 1880 facti.
1700 1846 1750 1873 Re-

123 1890 227 1924 scripsit
244 1889 337 1916 deinde
350 1890 421 1916 nobis
439 1889 508 1916 idem
526 1889 711 1922 Barismanas,
734 1898 813 1925 equos
825 1898 863 1922 se,
879 1890 945 1916 sicut
960 1899 975 1916 a
992 1889 1063 1916 nobis
1081 1889 1238 1916 mandatum
1261 1889 1359 1923 fuerat,
1380 1890 1552 1921 instruxisse,
1568 1893 1591 1916 et
1605 1897 1664 1916 eum
1681 1889 1750 1917 alte—

125 1941 185 1960 ram
198 1933 472 1968 nostramjussionem
490 1934 630 1968 acceperit,
646 1941 698 1968 qua
710 1933 859 1967 legatorum
874 1933 1000 1960 adventus
1009 1933 1057 1959 sibi
1071 1932 1278 1967 signiﬁcaretur,
1288 1940 1315 1958 se
1329 1941 1408 1967 quam
1425 1933 1539 1967 primum
1554 1933 1588 1959 ad
1603 1941 1649 1959 nos
1665 1941 1751 1960 acces~

123 1985 227 2008 surum,
249 1978 373 2011 equisque
395 1977 532 2011 confestim
558 1976 688 2008 adductis,
710 1977 792 2011 ofﬁcia
810 1985 859 2003 sua
871 1977 1030 2012 servitiaque
1056 1977 1146 2003 omnia
1171 1977 1364 2010 priestiturum.
1381 1975 1447 2002 Cum
1467 1977 1549 2010 igitur
1565 1976 1591 2002 in
1609 1976 1702 2003 iisdem
1717 1977 1752 2004 ad

125 2019 250 2048 Canzaca
268 2021 358 2054 positis
367 2021 460 2047 castris
476 2028 590 2046 essemus
604 2021 701 2046 morati
718 2028 799 2055 usque
818 2020 852 2046 ad
867 2020 882 2046 5
898 2023 994 2047 mensis
1007 2021 1108 2055 Aprilis
1132 2020 1210 2052 diem,
1226 2020 1270 2055 qui
1290 2020 1316 2046 in
1337 2019 1502 2046 Dominicam
1522 2019 1624 2051 incidit,
1647 2020 1752 2046 advertit

127 2064 257 2092 Phaiacns
272 2064 326 2099 regi
342 2073 358 2090 a
371 2065 488 2097 secretis,
505 2065 550 2099 qui
565 2069 588 2090 et
601 2063 711 2090 Rharna
725 2065 880 2095 vocabatur,
897 2065 966 2091 circa
979 2065 1073 2091 horam
1089 2063 1243 2094 secundam,
1263 2063 1435 2096 eamdemque
1448 2063 1497 2089 hac
1510 2064 1568 2097 ipsa
1589 2064 1653 2090 hora
1676 2072 1752 2090 exce-

126 2109 224 2143 pimus,
245 2107 337 2135 litteris
351 2117 366 2135 a
380 2108 480 2136 Cabata
502 2108 584 2143 Syroe
599 2108 802 2135 clementissimo
821 2108 966 2135 Persarum
991 2116 1060 2142 rege,
1076 2115 1135 2142 qua:
1153 2108 1209 2142 ejus
1231 2107 1469 2142 inaugurationem
1495 2107 1674 2140 continebant,
1695 2108 1753 2142 qui-

129 2155 227 2189 busque
239 2154 382 2187 nobiscum,
399 2158 423 2181 et
443 2163 502 2181 cum
513 2155 603 2189 quovis
617 2155 763 2185 hominum,
778 2162 868 2188 pacem
886 2153 981 2180 habere
995 2152 1062 2179 velle
1078 2151 1258 2186 signiﬁcabat,
1270 2151 1301 2177 ab
1317 2150 1363 2177 illo
1374 2151 1495 2185 acceptis.
1508 2151 1595 2178 Visum
1611 2159 1672 2186 ergo
1680 2152 1753 2179 nobis

127 2203 166 2225 est
176 2197 370 2225 clementissimi
388 2197 494 2224 Cubataz
508 2197 597 2232 Sgrois
616 2197 768 2224 litterarum
786 2197 924 2232 exemplar
941 2195 1000 2222 huic
1016 2199 1112 2222 ucstra:
1128 2194 1162 2221 ad
1173 2203 1217 2221 vos
1238 2194 1348 2226 iussioni
1363 2193 1532 2230 subjungere,
1544 2198 1572 2221 ut
1592 2198 1616 2221 et
1636 2195 1700 2230 quid
1719 2196 1754 2222 ad

127 2242 190 2269 iltas
209 2241 301 2270 deinde
316 2242 538 2276 rescripserimus.
554 2241 701 2269 Mansimus
716 2250 777 2268 vero
790 2241 878 2268 eodem
894 2242 921 2268 in
937 2241 992 2268 loco
1006 2245 1154 2266 castrorum
1167 2238 1295 2266 Canzacis
1314 2239 1456 2266 vicinorum
1472 2247 1553 2273 usque
1570 2240 1603 2265 ad
1615 2240 1754 2275 septimum

127 2285 238 2322 Aprilis,
251 2286 297 2312 hoc
308 2289 344 2312 est
353 2285 387 2312 27
397 2285 461 2312 dies.
479 2285 575 2312 Octavo
593 2291 681 2313 autem
695 2285 812 2320 ejusdem
833 2286 928 2312 mensis
944 2285 1063 2311 eumdem
1087 2283 1234 2309 Phaiucum
1247 2291 1263 2309 a
1284 2283 1400 2312 secretis,
1418 2282 1556 2309 erarnam
1579 2283 1754 2318 appellatum,

129 2329 281 2363 honoriﬁce,
297 2335 427 2364 quantum
442 2329 524 2361 licuit,
537 2335 682 2364 acceptant,
699 2334 727 2356 ut
744 2334 767 2356 et
793 2330 838 2364 qui
852 2338 912 2356 cum
930 2329 976 2356 illo
992 2333 1079 2360 erant,
1097 2327 1255 2357 dimisimus,
1272 2331 1327 2353 etc.
1346 2327 1430 2361 Atque
1450 2327 1488 2354 ita
1506 2326 1661 2361 conﬁdimus
1676 2327 1707 2355 ι).
1720 2327 1754 2354 Ν.

129 2373 221 2400 Iesum
240 2373 372 2400 Christum
391 2373 487 2400 bonum
503 2377 527 2400 et
540 2375 743 2408 omnipotentem
760 2373 854 2405 Deum,
875 2377 899 2400 et
916 2373 1058 2399 Dominam
1092 2375 1211 2398 nostram
1232 2370 1279 2396 Dei
1301 2370 1467 2402 Cenitricem,
1485 2379 1525 2397 res
1547 2379 1636 2397 omnes
1651 2375 1755 2398 nostras

130 2418 275 2444 secundum
286 2426 375 2444 eorum
389 2418 556 2444 clementiora
572 2423 721 2446 curatmos.
738 2418 791 2446 Nos
807 2427 885 2453 porro
903 2416 1018 2452 ejusdem
1035 2415 1131 2442 mensis
1149 2414 1192 2440 die
1215 2413 1230 2440 8
1250 2413 1305 2440 Deo
1325 2414 1440 2448 auspice,
1455 2419 1546 2440 castra
1568 2415 1705 2446 mouimus,
1727 2415 1756 2441 in

131 2461 285 2488 Armenium
300 2462 350 2487 iter
363 2461 469 2496 facturi.
488 2461 534 2488 Vos
551 2466 639 2488 autem
654 2462 717 2488 bene
735 2462 830 2492 valete.
845 2463 1035 2495 continuusque
1051 2468 1081 2486 ac
1096 2458 1240 2493 indefessas
1261 2459 1394 2485 orationes
1413 2459 1448 2485 ad
1463 2458 1545 2485 Deum
1568 2459 1677 2493 fundite,
1693 2467 1754 2494 quo,

132 2505 197 2531 sicut
211 2509 390 2539 per-optamus,
405 2512 450 2531 vos
461 2513 543 2540 quam
558 2505 673 2539 primum
691 2506 801 2532 reuisere
824 2505 896 2532 nobis
918 2504 1061 2539 largiatur.
1081 2503 1151 2530 Huic
1167 2502 1284 2529 lloraclii
1315 2503 1439 2537 cpistola:
1471 2503 1599 2529 subditur
1614 2503 1641 2529 in
1659 2503 1757 2530 eodem

134 2547 230 2574 Clu-on.
242 2547 389 2574 Alexandr.
405 2555 465 2582 pag.
479 2548 543 2579 40:),
559 2556 622 2582 pars
645 2548 769 2582 cpistola:
785 2549 879 2583 Syrois
893 2549 925 2575 ad
937 2548 1045 2575 Herae).
1057 2547 1166 2574 Titulus
1174 2551 1216 2573 est.
1229 2555 1235 2573 :
1253 2546 1398 2581 Exemplar
1411 2547 1605 2573 commonitorii
1615 2555 1631 2572 α
1644 2546 1755 2579 Cabata,

134 2590 180 2626 qui
192 2594 215 2616 et
230 2589 324 2625 Syroes
337 2591 421 2617 dictus
436 2595 484 2622 est,
497 2591 697 2618 clementissimo
713 2600 771 2627 rege
785 2592 941 2625 Persarum,
954 2593 1025 2619 missi
1042 2592 1076 2618 ad
1091 2590 1245 2617 Heraclium
1264 2591 1410 2625 piissimum
1424 2595 1448 2617 et
1459 2599 1475 2617 a
1492 2590 1547 2617 Deo
1558 2595 1691 2617 servatura
1708 2599 1756 2616 no-

133 2638 219 2660 strum
230 2634 426 2669 imperatorem.
443 2635 462 2661 Α
479 2634 792 2667 CabalaSudasadas'ac,
807 2636 930 2663 Heraclio
951 2635 1163 2666 clementissimo,
1181 2638 1206 2660 et
1219 2643 1234 2660 a
1252 2634 1306 2660 Deo
1331 2638 1434 2660 servato
1452 2634 1608 2668 imperatori
1623 2632 1757 2660 Romano-

135 2685 206 2709 rum,
220 2676 298 2712 fratri
310 2681 410 2709 nostro,
423 2677 568 2712 plurimam
585 2678 701 2712 gratiora
714 2679 890 2713 impertimur.
906 2678 1113 2707 Clementissimo
1127 2678 1282 2713 imperatori
1300 2678 1491 2708 Romanorum,
1510 2682 1534 2704 et
1558 2677 1637 2712 fratri
1657 2681 1755 2703 nostra.

134 2720 188 2748 Nos
199 2720 247 2747 Dei
256 2722 419 2756 providentia
431 2723 527 2758 absque
541 2723 594 2749 ulla
606 2723 696 2750 labore
709 2723 807 2759 insigni
819 2724 968 2750 diademate
976 2723 1079 2755 donati,
1091 2727 1197 2756 patrum
1207 2731 1237 2749 ac
1249 2723 1381 2757 majorum
1396 2726 1546 2748 nostrorum
1558 2721 1653 2748 solium
1666 2729 1755 2748 sumus

135 2766 277 2792 consecuti.
289 2765 322 2792 At
336 2774 394 2793 cum
404 2770 458 2793 tam
471 2767 582 2801 beneﬁce
598 2768 629 2794 ab
643 2769 698 2802 ipso
714 2767 769 2794 Deo
781 2777 828 2795 nos
844 2769 964 2804 digitulos
977 2775 1161 2802 agnoscamus,
1177 2771 1203 2793 ut
1218 2766 1349 2793 illustrem
1361 2766 1426 2792 adeo
1441 2767 1563 2793 thronum
1580 2766 1756 2800 exceperimus

137 2817 169 2836 ac
182 2808 435 2842 dominationcmpsi
446 2811 508 2845 quid
519 2814 583 2838 esset
597 2811 666 2846 quod
674 2811 784 2838 humani
797 2813 900 2847 generis
915 2812 1025 2839 utilitati
1038 2820 1069 2838 ac
1081 2810 1176 2837 solatio
1185 2810 1350 2842 conduceret,
1369 2813 1498 2844 quantum
1518 2810 1545 2836 in
1566 2809 1637 2836 nobis
1650 2809 1710 2844 fuit,
1732 2815 1758 2836 ct

136 2857 214 2888 prout
229 2852 325 2885 decuit,
346 2853 373 2880 id
391 2855 516 2881 continuo
537 2854 595 2888 ﬁeri
621 2855 765 2882 liberaliter
783 2855 1155 2891 beneficequeimperauimus.
1173 2853 1390 2888 Quandoquidem
1403 2853 1483 2888 igitur
1491 2853 1525 2879 ad
1545 2862 1676 2880 summam
1689 2854 1759 2880 hanc

136 2896 291 2933 dignitatem
306 2902 329 2924 et
342 2898 480 2935 imperium
498 2907 543 2926 nos
559 2898 628 2927 Deus
642 2899 733 2935 erexit,
748 2899 774 2926 id
785 2900 904 2936 protinus
921 2900 946 2927 in
969 2899 1056 2927 animo
1076 2901 1204 2926 statutum
1219 2897 1286 2936 fuit,~
1297 2901 1458 2933 utquotquot
1471 2898 1587 2925 homines
1601 2896 1756 2925 detineban-
