1952 3066
119 134 189 168 8233

848 133 1040 165 EPISTULA.

1680 131 1752 165 2234

118 192 175 225 σθε,
191 190 266 218 αὐτοὶ
276 190 304 217 δὲ
313 189 531 225 δουλεύουσι-Μὴ
545 189 633 216 τοῐνυν
648 189 813 225 διακείμενοι
824 188 907 221 οὕτως

967 190 1097 222 habeant,
1122 188 1276 225 negligatis.
1292 187 1393 216 Audite
1411 185 1558 214 Deminum
1586 187 1746 217 dicentem:

117 237 284 272 ἀμελήσητε.
306 235 453 263 Ἀκούσατε
478 236 524 263 τοῦ
540 236 643 270 Κυρίου
668 235 803 270 λέγοντος·
827 235 910 268 Ένῷ

115 282 211 317 μέτρῳ
221 282 363 316 μετρεῖτε,
376 281 659 316 ἀντιμετρηθήσεται
673 281 754 316 ὑμῖν.
765 281 818 307 Καὶ
829 281 909 308 πάλιν

118 327 255 362 μνήσθητε
269 328 306 359 ὡς
322 327 442 361 ἐλάλησα
459 328 523 363 ὑμῖν
546 327 586 354 ἔτι
600 326 637 354 ὢν
651 327 710 362 μεθ’
726 326 803 362 ὑμῶν
818 327 846 353 ὲν
858 326 910 352 Γα-

115 373 216 409 λιλαία,
241 373 339 407 λέγων,
366 374 406 400 ὅτι
422 373 535 406 Ὄντως,
552 373 644 406 τέκνα,
662 372 762 408 πολλὴν
785 372 839 407 6ρῶ
860 373 909 406 τὴν

117 418 247 454 ἀμέλειαν
271 419 310 450 εἰς
326 419 412 454 ὑμᾶς·
441 417 541 454 πολλὴν
568 418 618 453 τὴν
635 417 788 453 ρᾳθυμίαν·
808 416 909 451 πολλὴν

115 465 277 500 τὴνάδικῖαν
289 474 296 481 ·
308 465 408 500 πολλὴν
419 465 468 500 τὴν
481 464 634 497 ἀγνωσίαν·
653 463 753 498 πολλὴν
770 463 818 497 τὴν
844 470 909 498 μισ-

116 512 247 547 αδελφίαν
265 521 271 527 ·
300 511 399 547 πολλὴν
429 512 480 546 τὴν
503 511 558 538 τῶν
575 509 762 537 ἁποστολικῶν
790 508 909 535 κανόνων

116 559 265 586 κατάλυσιν
284 559 330 585 καὶ
340 557 555 593 καταφρόνησιν,
568 558 614 583 καὶ
631 558 681 583 οὐκ
695 554 753 582 οἶδα
777 557 851 582 ποῖον
865 555 908 581 τέ-

115 603 160 635 λος
176 603 266 636 ἕξουσι
280 603 315 629 τὰ
328 603 388 630 καθ’
410 603 499 638 ἡμᾶς·
517 603 563 629 καὶ
581 603 649 636 πρὸς
662 601 747 628 ταῦτα
763 600 909 635 ἀντιφθεγ-

115 650 226 685 γόμενοι
241 649 359 683 ἐλέγετε,
374 649 413 676 ὅτι
428 648 621 683 Φιλάνθρωπὸς
636 648 708 674 ἐστιν
725 649 738 674 6
764 647 841 680 Θεὸς,
862 648 909 673 καὶ

116 696 165 722 οὐκ
186 695 301 722 ἔπλασεν
320 695 394 730 ἡμᾶς
431 695 474 721 ἵνα
495 694 618 729 ἀπολέσῃ
641 695 724 729 ἡμᾶς,
741 693 808 720 ἀλλὰ
823 693 909 728 δῶρον

117 741 200 767 σώσει
217 741 303 776 ἡμᾶς.
323 740 421 774 Κόιμοῦ
434 739 570 774 λέγοντος,
588 740 628 766 ὃτι
646 738 713 766 Θεοῦ
727 739 806 772 λόγος
835 739 909 765 ἐστὶν

115 786 157 813 διὰ
172 786 218 813 τοῦ
234 786 326 818 Δαὸὶδ.
344 787 384 814 ὅτι
405 786 508 817 πάντας
535 787 598 816 τοὺς
624 785 803 821 ἁμαρτωλοὺς
823 785 909 817 ἐξολο-

116 831 236 867 ορεύςει,
248 831 329 863 αὐτὸς
341 830 475 858 ἀποδώσει
486 830 594 866 ἑκάστῳ
607 831 679 857 κατὰ
689 834 722 856 τα
734 829 803 865 ἔργα
812 829 906 860 αὑτοῦ,

116 877 196 903 πάλιν
217 876 433 912 προεφασίζεσθε
447 876 597 911 προφάσεις
612 876 640 902 ὲν
671 875 831 910 ἁμαρτίαις,
856 874 908 906 ἓως

115 920 145 950 οὗ
154 921 258 958 ἧ).οενὴ
274 922 343 959 ὀργὴ
354 921 400 949 τοῦ
414 921 516 956 Κυρίου
525 930 532 935 ·
544 921 591 948 καὶ
603 920 662 947 τότε
669 921 763 956 ὥσπερ
787 919 816 952 ἐξ
825 919 908 946 ὓπνιιυ

115 969 202 1000 οὕτως
217 969 407 1004 διανέστημεν,
423 967 469 994 καὶ
482 966 604 1002 ἔγνωμεν
618 967 658 993 ὅτι
686 965 799 995 ἑαυτοὺς
814 967 910 1000 ὲξρεν-

115 1015 283 1051 απατοῦμεν,
299 1015 392 1051 μωρὰς
416 1014 525 1046 ἐλπίδας
549 1015 654 1046 ἑαυτοῖς
684 1013 907 1048 ὑποσπείραντες.

116 1063 219 1093 Πάντες
229 1061 438 1096 ἐπαιδεύθημεν,
451 1061 481 1086 οὺ
494 1061 594 1092 πάντες
605 1060 632 1086 δὲ
641 1060 740 1094 ὁμοίως
749 1058 907 1093 θλιϐόμεθα.

121 1107 204 1134 Ἀλλὰ
217 1107 317 1139 πάντες
335 1105 545 1140 ἀγωνισώμεθα.
557 1106 712 1141 Περιάρατε
736 1105 786 1140 τὴν
805 1105 908 1139 μέθην·

117 1151 258 1178 παύσασθε
278 1151 332 1178 τῶν
350 1151 501 1186 πορνειῶν,
517 1150 657 1177 παύσασθε
682 1150 736 1176 τῶν
759 1149 908 1184 λοιδοριῶν,

117 1197 258 1224 παύσασθε
275 1196 321 1223 τοῦ
337 1196 521 1232 θησαυρίζειν,
544 1195 660 1231 ὁρῶντες
677 1196 725 1222 νῦν
750 1196 852 1230 αἵματα
866 1204 910 1222 πι-

119 1243 317 1279 πρασκόμενα’
339 1241 480 1268 παύσασθε
510 1243 559 1276 τῆς
581 1240 727 1276 ῥᾳθυμίας,
760 1241 909 1275 σχολάσατε

117 1289 175 1318 ταῖς
186 1287 354 1322 ἐκκλησίαις,
371 1287 517 1322 σχολάσατε
530 1287 646 1321 δεήσεσι.
659 1287 775 1321 ωλίψατε
794 1287 909 1318 ἑαυτοὺς

120 1334 227 1368 μικρὸν,
239 1333 282 1359 διὰ
297 1335 358 1366 τοὺς
369 1333 543 1368 θλιϐομένους
557 1333 650 1360 πολλὰ.
668 1333 771 1364 Πάντες
794 1333 908 1368 συνερᾶ-

117 1388 184 1415 μετε
199 1380 240 1411 εἰς
267 1379 315 1415 τὴν
339 1379 392 1406 τῶν
422 1380 543 1414 ἀδελφῶν
559 1378 633 1413 ὑμῶν
656 1379 795 1414 πράνοιαν.
815 1380 909 1414 οἱμὲν

119 1425 237 1460 ἔχοντες,
253 1425 297 1452 διὰ
312 1425 366 1452 τῶν
384 1425 544 1461 χρημάτων.
565 1425 603 1451 Οὐ
622 1424 690 1460 φοϐῇ
711 1425 756 1450 τὸν
773 1424 850 1456 Θεὸν,
863 1424 909 1451 ἄν·

117 1470 210 1504 θρωπε
222 1478 229 1502 ;
242 1470 303 1497 οὐδὲ
317 1471 384 1497 αὐτὸ
399 1471 428 1498 τὸ
454 1471 573 1503 συνειδός
591 1479 637 1497 σου
670 1470 794 1506 μαστίζει
812 1479 851 1502 σε,
868 1472 909 1498 ὅτι

116 1517 182 1553 ὁρᾷς
194 1515 238 1542 τὸν
250 1516 368 1553 Χριστὸν
383 1517 435 1543 ὑπὸ
450 1518 557 1552 ἀνόμων
573 1517 721 1552 συρόμενον
744 1517 791 1544 καὶ
808 1518 909 1551 σφαζό-
924 1536 945 1565 C

120 1571 213 1598 μενον,
231 1563 277 1589 καὶ
293 1564 325 1590 σὺ
341 1562 376 1589 τὰ
391 1563 520 1598 χρήματα
535 1563 756 1598 κατοκρύπτειςς
771 1563 818 1590 καὶ
829 1563 909 1589 δυνά-

119 1617 199 1643 μενος
217 1609 304 1635 σῶσαι
317 1608 416 1644 ψυχὴν,
476 1609 536 1640 ὅλος
551 1609 564 1635 ὁ
585 1609 687 1644 κόσμος
710 1609 759 1635 οὑκ
770 1609 906 1642 ἀντάξιος,

116 1654 148 1679 οὑ
166 1653 271 1687 σώζεις,
286 1654 353 1680 ἀλλὰ
374 1655 435 1690 γίνῃ
461 1655 683 1689 ἀνθρωποκτόνος
695 1663 702 1688 ;
716 1655 781 1681 ὃταν
797 1655 849 1689 γάρ
865 1663 908 1686 τις

117 1699 269 1734 δυνάμενος
281 1699 367 1726 σῶσαι
386 1699 431 1726 τὸν
449 1700 573 1734 ἀδελφὺν,
596 1701 632 1735 μὴ
647 1699 727 1726 σώσει
750 1700 907 1735 προθύμως,

116 1746 150 1771 ὲκ
163 1745 212 1780 τῆς
226 1745 315 1780 χειρὸς
326 1745 408 1772 αὐτοῦ
425 1745 517 1772 λοιπὸν
529 1745 559 1772 τὺ
578 1743 647 1781 αἷμα
663 1745 745 1772 αὑτοῦ
761 1746 908 1782 ἀπαιτήσει

116 1791 229 1827 Κύριος,
240 1791 277 1817 Οὐ
295 1791 375 1826 μόνον
394 1789 476 1824 δὴδιά
492 1791 642 1826 χρημάτων
663 1791 705 1818 δεῖ
718 1791 840 1826 γίνεσθαι
856 1793 906 1826 τὴν

117 1837 291 1872 συμπάθειαν
302 1846 309 1852 ·
321 1837 351 1863 οὐ
368 1836 423 1871 γὰρ
438 1838 546 1864 πάντων
564 1838 578 1863 ὁ
597 1837 721 1868 πλοῦτος.
735 1839 781 1864 Διὺ
792 1837 908 1870 ἕκαστος

114 1885 150 1912 δι’
161 1881 191 1910 οὗ
204 1883 314 1910 δύναται
342 1884 444 1919 τρόπου
460 1884 692 1920 συγκακοπαθήσῃ
706 1893 713 1900 ·
731 1884 776 1911 διὰ
789 1893 907 1920 προσευ-

114 1930 178 1966 χῆς,
189 1930 233 1957 διὰ
247 1930 386 1966 νηστείας,
401 1929 445 1957 διὰ
466 1930 627 1965 χαμευνίας,
638 1930 683 1958 διὰ
697 1930 834 1966 δακρύων,
863 1930 908 1967 διᾲ

113 1976 297 2008 διδασκαλίας.
438 1978 443 1986 ‘

157 2023 201 2049 Ἐν
220 2022 330 2054 πολλαῖς
344 2021 400 2057 γὰρ
414 2021 559 2056 ἀνάγκαις,
581 2021 701 2056 ἀδελφοὶ,
728 2021 848 2057 σήμερον
874 2022 908 2049 τὰ

113 2068 248 2103 ἡμέτερα.
268 2068 439 2103 Ἐμὸλέψατε
467 2068 527 2099 πῶς
547 2068 622 2094 πᾶσα
638 2067 742 2102 ἡλικία,
771 2068 819 2093 καὶ
833 2068 908 2095 πᾶσα

114 2113 179 2145 ἀξία
188 2113 356 2147 μαστίζεται.
369 2113 414 2139 Διὸ
427 2113 474 2139 καὶ
489 2113 590 2144 πάντες
601 2112 781 2148 αἰχμάλωτοι,
796 2113 905 2139 πάντων

114 2157 193 2191 ὑμῶν
201 2154 237 2183 ὧν
245 2158 259 2183 6
268 2156 368 2192 Κύριος
376 2157 560 2193 ἐλυτρώσατο,
569 2157 696 2192 δεόμεθα,
705 2158 906 2194 οἰκτειρήσατε.

962 235 995 261 1η
1011 242 1063 270 qua
1081 242 1206 260 mensura
1222 234 1305 261 mensi
1321 234 1433 268 fueritis,
1462 233 1615 260 remetiatur
1630 233 1698 260 vobis
1716 235 1752 261 ὀ.

962 281 1085 316 Itemque
1097 285 1264 308 mementote
1280 280 1334 315 qua
1350 280 1455 307 ratione
1478 280 1589 307 loculus
1606 281 1657 307 sim
1672 280 1760 311 vobis,

962 334 1025 354 cum
1038 327 1128 354 adhuc
1145 327 1290 354 vobiscum
1303 334 1392 354 essem
1410 326 1438 353 in
1453 325 1574 358 Galilaea,
1586 326 1622 353 ita
1634 326 1730 353 dicens
1744 335 1750 352 :

962 371 1123 403 Plane,lilii,
1138 371 1278 407 ingentem
1291 372 1318 398 in
1331 371 1409 398 vobis
1423 371 1504 398 video
1524 371 1669 401 incuriam.
1682 371 1753 398 mul—

963 421 1017 445 tam
1029 418 1185 452 segnitiem,
1201 418 1373 453 injustitiam,
1390 418 1584 452 ignorantiam,
1600 417 1752 444 fraternum

961 463 1068 494 odiutn,
1095 463 1310 497 apostolicorum
1337 470 1473 490 canonum
1508 463 1751 497 transgressionem

962 513 1044 543 atque
1062 513 1262 543 contcrnplum,
1291 515 1342 535 nec
1359 508 1417 535 SCiO
1442 515 1561 542 quonam
1584 515 1626 535 res
1653 512 1752 534 nostra:

962 562 1086 582 erasum
1100 554 1164 581 sint.
1181 554 1220 581 Ad
1240 562 1301 588 qum
1312 562 1359 581 vos
1372 555 1412 581 sic
1429 562 1462 581 ex
1477 555 1593 581 adverso
1603 554 1752 589 responde—

961 600 1032 627 batis
1047 609 1053 626 :
1070 600 1162 627 Bonus
1180 605 1221 626 est
1237 600 1319 631 Deus,
1346 608 1397 627 nec
1417 607 1467 626 nos
1481 600 1587 627 creavit
1608 604 1638 626 ut
1653 599 1752 634 [terde-

961 650 1011 676 ret,
1026 645 1073 672 sed
1092 650 1120 672 ut
1132 646 1215 680 gratis
1231 645 1347 672 salutem
1362 644 1483 672 alferrct.
1502 645 1597 679 Meque
1622 645 1730 672 dicente
1742 665 1749 677 ,

960 691 1071 718 Davidis
1092 699 1140 718 ore
1153 691 1274 718 locutum
1294 691 1391 723 Deum,
1419 690 1488 722 fore,
1503 695 1533 717 ut
1546 699 1641 718 omnes
1656 698 1752 725 pecca-

960 741 1034 764 tores
1046 737 1188 772 disperdat
1205 737 1239 768 “,
1251 745 1282 764 ac
1299 737 1397 764 reddat
1409 737 1559 771 unicuique
1572 737 1648 771 juxta
1668 743 1752 771 opera

959 784 1048 816 sua”,
1064 783 1164 810 iterum
1181 784 1353 810 excusabatis
1366 783 1558 810 excusationes
1579 783 1606 809 in
1627 787 1751 817 peccato,

960 830 1049 857 donec
1066 830 1142 857 venit
1160 831 1200 857 ira
1224 830 1329 857 Domini
1347 835 1460 865 umque
1475 829 1574 857 velute
1590 837 1700 861 somno,
1713 829 1752 856 sic

961 876 1071 904 excitati
1090 884 1196 907 sumus,
1212 883 1244 901 ac
1262 884 1311 903 nos
1328 876 1450 903 animum
1467 875 1595 910 decipere
1606 875 1689 903 stulta
1703 884 1753 902 no-

960 923 1003 950 bis
1018 922 1103 949 ascita
1126 923 1342 957 exspectatione,
1368 921 1556 956 cognovimus.
1578 920 1679 948 Omnes
1707 928 1753 947 ca—

960 968 1051 1003 stigati
1069 976 1175 998 sumus,
1193 973 1219 995 at
1233 976 1286 995 non
1299 975 1395 994 omnes
1412 967 1525 1002 perinde
1539 966 1753 1002 amigimurJ'e-

960 1022 1021 1041 rum
1033 1022 1129 1041 omnes
1141 1016 1291 1041 enitantur.
1304 1013 1416 1041 Auferte
1428 1013 1591 1040 ebrietatem
1610 1022 1616 1040 :
1634 1013 1752 1040 desinite

961 1060 1105 1093 fornicari,
1133 1060 1252 1087 desinite
1278 1060 1383 1095 jactare
1395 1059 1536 1091 convicia;
1560 1059 1678 1086 desinite
1692 1059 1752 1086 the-

960 1114 1056 1132 sauros
1066 1106 1218 1137 cumulare,
1235 1113 1297 1132 cum
1314 1113 1386 1132 nunc
1398 1104 1513 1131 videatis
1527 1103 1625 1131 licitari
1640 1105 1751 1139 sangui-

960 1160 1033 1178 nem.
1048 1151 1196 1187 Segnitiem
1213 1151 1349 1183 excutile;
1366 1150 1490 1178 ecclesiis
1510 1154 1612 1182 vocate,
1625 1150 1752 1184 precibus

962 1205 1075 1232 operam
1088 1198 1194 1232 ponite.
1208 1197 1345 1224 Modicum
1358 1196 1423 1230 quid
1439 1196 1595 1222 aliiictionis
1609 1196 1750 1228 assumite,

961 1252 1056 1272 eorum
1074 1245 1161 1279 gratia
1178 1251 1296 1278 quorum
1313 1243 1410 1278 ingens
1429 1242 1541 1269 afﬂictio
1553 1245 1605 1269 est.
1636 1242 1752 1269 Paribus

960 1296 1057 1315 omnes
1068 1288 1166 1315 studiis
1183 1293 1211 1315 ut
1228 1288 1361 1315 fratribus
1388 1287 1577 1322 prospiciatis.
1603 1287 1750 1315 accurrite.

961 1332 1012 1365 Qui
1025 1333 1128 1360 habent
1140 1333 1283 1368 pecunias,
1297 1332 1450 1360 conferant.
1473 1332 1494 1360 0
1504 1332 1595 1364 homo,
1605 1340 1658 1359 non
1672 1332 1752 1359 limes

960 1381 1065 1408 Deum?
1080 1380 1136 1408 Nec
1162 1380 1219 1416 ipsa
1237 1380 1407 1407 conscientia
1434 1380 1558 1415 vapulas,
1576 1379 1649 1414 quod
1672 1379 1753 1407 Citri-

961 1431 1033 1454 stum
1050 1426 1145 1453 videas
1159 1427 1192 1453 ab
1206 1426 1339 1460 improbis
1354 1424 1435 1458 trahi,
1461 1433 1492 1452 ac
1513 1425 1644 1461 jugulari,
1667 1430 1751 1460 tuque

961 1472 1107 1507 pecuniam
1122 1472 1263 1499 occultos?
1286 1479 1318 1498 ac
1332 1480 1394 1498 cum
1412 1472 1501 1506 possis
1515 1472 1632 1499 animam
1649 1473 1750 1500 salvam

962 1517 1063 1549 facere,
1079 1518 1157 1552 cujus
1172 1526 1223 1544 nec
1240 1518 1360 1544 mundus
1378 1518 1525 1544 universus
1540 1519 1657 1553 pretium
1679 1526 1751 1546 cxte-

961 1568 1037 1597 quet,
1052 1563 1079 1589 id
1102 1563 1213 1590 minime
1223 1568 1346 1598 prmstes,
1364 1563 1412 1590 sed
1426 1564 1564 1591 homicida
1582 1564 1651 1591 fias?
1681 1565 1749 1593 Cum

959 1608 1032 1635 enim
1055 1609 1117 1643 quis
1151 1610 1266 1636 salutem
1304 1609 1381 1636 fratri
1407 1614 1535 1644 praestare
1576 1615 1676 1645 potest,
1699 1619 1751 1639 nec

959 1659 1087 1689 prompto
1099 1655 1190 1681 animo
1205 1659 1325 1689 pra-stat,
1344 1655 1418 1680 illius
1428 1655 1482 1689 jam
1495 1655 1625 1682 Dominus
1639 1657 1750 1691 sangui-

961 1709 1022 1728 nem
1037 1701 1070 1727 de
1083 1701 1143 1735 ejus
1154 1708 1236 1727 manu
1253 1701 1385 1735 requiret.
1415 1700 1472 1727 Nec
1486 1709 1552 1727 vero
1563 1702 1689 1735 pecuniis
1705 1711 1750 1729 so-

958 1747 1014 1774 lum
1027 1747 1177 1782 prmstanda
1191 1747 1382 1774 misericordia
1395 1757 1400 1774 :
1412 1755 1474 1774 cum
1484 1755 1534 1774 nec
1543 1748 1672 1775 omnibus
1683 1757 1750 1784 opes

958 1798 1116 1828 suppetant.
1137 1793 1318 1827 Quamobrem
1346 1794 1536 1828 unusquisque
1565 1794 1665 1828 quibus
1685 1795 1749 1823 licet

960 1839 1048 1866 modis
1075 1839 1213 1866 miseriam
1231 1840 1344 1872 relevet,
1375 1840 1514 1874 precibus,
1541 1840 1655 1875 jejunio,
1685 1841 1749 1868 lecti

959 1883 1071 1917 duritie,
1087 1884 1225 1920 iacrymis,
1241 1885 1378 1913 doctrina.

993 2027 1103 2054 Etenim
1120 2027 1147 2054 in
1161 2027 1267 2062 magnis
1281 2027 1419 2062 angustiis
1432 2027 1525 2059 hodie,
1545 2027 1654 2058 fratres,
1680 2026 1749 2054 exsi-

958 2077 1035 2100 stunt
1052 2080 1096 2100 res
1111 2078 1222 2100 nostrae.
1234 2072 1416 2109 Considerate
1423 2072 1561 2107 quomodo
1570 2072 1660 2099 omnis
1670 2077 1747 2105 aetas,

958 2118 1103 2153 omnisque
1115 2118 1184 2146 ordo
1196 2127 1229 2146 ae
1245 2119 1366 2153 dignitas
1381 2119 1497 2146 verbera
1507 2118 1636 2153 patiatur.
1648 2117 1749 2151 Quant-

958 2165 1053 2191 obrem
1068 2164 1152 2192 etiam
1167 2172 1216 2191 vos
1227 2171 1323 2191 omnes
1338 2184 1345 2197 ,
1367 2164 1440 2199 quod
1460 2164 1533 2191 Deus
1550 2163 1667 2191 redemit
1681 2184 1689 2196 ,
1704 2172 1748 2190 (ιι-

121 2205 227 2240 Ίερεῖς,
246 2205 444 2240 συμπαθήσατε
469 2205 591 2236 πο).ιοῖς’
609 2205 828 2241 σπλαγχνίσοητε
858 2215 906 2240 νη-

960 2210 1028 2245 ptivi
1048 2218 1144 2238 omnes
1156 2218 1296 2246 rogamus,
1309 2215 1340 2237 ut
1357 2210 1554 2238 misereamini.
1571 2209 1746 2241 Sacerdotes,

115 2253 199 2284 πίοις,
210 2253 340 2288 ἐλεήσατε
356 2253 455 2288 χήρας,
473 2253 519 2279 καὶ
532 2254 612 2288 χεῖρα
621 2253 744 2288 ὸρέξατεο
761 2253 860 2283 πάντες
876 2252 905 2279 δὲ

115 2299 285 2325 σπουδάσατε
299 2298 346 2325 τοῦ
359 2298 428 2324 κατά
442 2297 555 2334 δύναμιν
570 2298 827 2334 ἀντιλαμϐάνεσθαι.
843 2298 904 2325 Ἀσ-

114 2344 246 2376 πέιζονται
264 2352 304 2375 σε,
321 2343 400 2377 Σιὼν,
425 2345 515 2371 πάντα
539 2344 573 2370 τά
593 2345 675 2371 τέκνα
696 2353 763 2374 σου..
780 2344 902 2379 λέγοντα,

115 2389 307 2416 Ἀσπάσασθε
318 2388 351 2421 ἐξ
361 2389 444 2424 ἡμῶν
451 2389 630 2424 τοὺςάγνίους
639 2390 902 2425 τύπουςβδελφοί.

121 2434 301 2466 Ἀσπάζονται
321 2435 399 2470 ὑμᾶς
424 2435 542 2466 ἅπαντες
559 2437 581 2462 οἱ
604 2436 666 2470 ἐμοὶ
689 2435 826 2462 σύνδουλοι
855 2437 903 2463 καὶ

115 2479 342 2514 συναιχμάλωτοι.
363 2480 394 2506 Ἦ
421 2480 511 2515 χάρις,
528 2481 576 2506 καὶ
605 2481 621 2516 ή
639 2481 799 2516 ἀνάκλησις,
825 2481 871 2508 καὶ
885 2482 902 2516 ἡ

113 2525 271 2558 ἀνάστασις,
283 2525 327 2551 διὰ
336 2525 384 2560 τῆς
396 2526 476 2559 ἁγίας
490 2525 664 2558 ἀναστάσεως
681 2525 741 2561 μεθ’
756 2526 842 2562 ἡμῶν,
854 2527 902 2553 καὶ

115 2571 176 2608 μεθ’
185 2571 272 2606 ὑμῶν.
297 2571 394 2606 Ἀμήν,

155 2659 176 2676 ’³
191 2659 286 2687 Matth.
300 2669 348 2694 vn,
363 2661 392 2688 2.
430 2661 451 2677 ²¹
464 2661 537 2689 Psai.
550 2668 637 2694 cxuv,
659 2659 705 2687 ‘20.

743 2660 765 2676 ¹¹
784 2661 863 2688 Rom.
882 2668 911 2688 tt.
925 2659 951 2688 6.

957 2256 1033 2284 canis
1044 2264 1171 2291 aspersos
1187 2264 1278 2289 senes,
1291 2264 1403 2291 pueros,
1436 2256 1565 2288 infantes,
1582 2255 1681 2283 viduas
1697 2256 1748 2282 mi-

957 2302 1095 2329 seratione
1105 2303 1318 2338 prosequimini,
1337 2310 1370 2329 ac
1385 2309 1497 2329 manum
1513 2301 1655 2336 porrigite.
1668 2301 1748 2328 Salu-

959 2351 1016 2374 tant
1031 2351 1068 2378 te,
1093 2347 1170 2378 Sion,
1193 2355 1290 2374 omnes
1306 2347 1354 2373 lilii
1372 2347 1422 2378 tui,
1444 2347 1567 2374 dicentes
1592 2355 1598 2373 :
1624 2344 1747 2373 Salutate

958 2399 990 2419 ea:
1008 2397 1097 2420 nostra
1108 2393 1212 2420 nomine
1223 2393 1279 2419 loca
1291 2398 1395 2425 sancta,
1411 2393 1519 2428 fratres.
1544 2392 1668 2420 Salutant
1697 2400 1746 2419 vos

957 2445 1055 2465 omnes
1067 2439 1195 2466 conservi
1215 2439 1279 2471 mei,
1289 2447 1320 2466 ac
1330 2438 1495 2473 concaptivi.
1515 2437 1619 2470 Gratia,
1633 2442 1662 2464 et
1679 2445 1746 2464 con-

959 2478 1069 2511 solatio,
1082 2485 1113 2505 ac
1129 2479 1305 2511 resurrectio,
1317 2487 1364 2514 per
1374 2483 1498 2507 sanctam
1516 2480 1746 2508 resurrectionem

959 2525 1111 2559 nobiscum,
1128 2533 1160 2554 ac
1174 2526 1325 2555 vobiscum.
1340 2526 1437 2554 Amen.
