1952 3066
166 174 233 206 δρινκ

702 172 880 203 EPISTOLA
898 172 946 201 AD
963 171 1157 202 JUSTINUM
1178 170 1255 201 IMP.

1719 161 1798 195 3218

166 231 346 267 Θρωπήσαντα
359 230 424 257 Θεὸν
436 230 532 264 Λόγον,
549 230 595 257 καὶ
607 231 646 262 εις
660 230 710 265 τὴν
725 229 860 263 παναγῖαν
876 229 950 255 ἔνδο-

1006 236 1113 256 omnem
1143 228 1280 256 actionem
1307 226 1511 261 biasphemam,
1538 227 1733 260 praesumptam
1761 221 1799 250 irr-

165 280 210 312 ξον
223 280 391 314 Θεομὴτορι,
407 279 453 304 καὶ
470 278 514 304 τὸν
527 277 681 304 πάνσεπτον
695 276 741 303 καὶ
757 277 848 312 τίμιον
869 284 951 302 σταυ-

168 327 222 362 ρὸν,
240 326 285 353 καὶ
298 327 337 358 είς
350 327 413 357 τοὺς
429 325 522 359 ἁγίους
538 323 631 351 αὑτοῦ.

201 463 246 490 Διὸ
269 462 520 498 ὑπομιμνήσκοντες
545 461 718 496 ἀναφέρομεν
741 459 788 486 ἐπὶ
805 458 853 490 τὰς
876 458 951 489 Θείας

165 509 242 544 ὑμῶν
259 508 354 540 ἀκοὰς,
372 508 412 534 ὅτι
428 509 452 534 εἰ
464 509 488 534 οι
507 507 685 538 πανευσεὸεἰς
708 505 763 533 τῶν
789 505 952 532 καλλινίκων

169 553 247 588 ὑμῶν
255 554 332 588 νόμοι
345 553 586 588 παρακελεύονται,
593 552 694 583 εἰκόνος
703 550 833 586 βασιλέως
844 550 952 584 ἐνυϐρι-

165 600 292 633 ζομένης,
300 599 406 634 θανάτῳ
414 599 523 634 ἐξαισίῳ
532 599 577 625 καὶ¹
585 596 754 632 πανολεθρίῳ
760 595 953 629 παραδίδοσθαι

164 646 226 678 τοὺς
235 645 313 672 τοῦτο
323 647 470 681 ἐπιχειρεῖν
479 644 647 679 τολμῶντας,
656 643 742 677 πόσης
751 643 804 678 ἄρα
816 641 885 674 ἄξιοί
901 642 953 667 εἰσι

165 690 311 725 καταδίκης
320 691 358 721 είς
367 690 514 722 ἀπώλειαν,
524 690 548 716 οἱ
559 690 598 720 εἰς
605 689 654 724 τὴν
662 688 755 715 εἰκόνα
763 687 809 714 τοῦ
823 686 888 713 Υἱοῦ
907 686 952 713 τοῦ

164 736 244 769 Θεοῦ,
257 737 360 770 καὶτῆς
371 737 506 770 παναγίας
520 735 626 767 ἐνδόξου
638 735 769 761 Θεοτόκου
782 733 850 769 μετὰ
864 733 954 768 πάσης

163 780 277 807 ἀλέκτου
294 780 439 813 ἀναιδείας,
450 781 498 807 καὶ
516 780 652 812 ἀσεϐείας,
664 781 711 806 καὶ
721 779 764 806 διὰ
779 780 809 805 τὸ
818 779 954 814 ὑπερϐάλ-

163 826 208 852 λον
225 827 309 852 κακὸν
325 827 376 853 οὐκ
391 826 444 862 ἔχω
460 826 486 853 τι
505 825 720 859 είπεϊν,τοιαῦτα
742 825 951 860 τετολμηκότες,

165 872 299 907 μηδεμιᾶς
331 872 370 903 είς
393 872 517 903 αὐτοὺς⁸
543 871 696 906 γενομένης
722 870 950 906 φιλανθρωπίας

161 918 222 945 ὅθεν
244 918 422 953 δυσωποῦμεν
446 918 477 944 τὸ
499 918 655 944 καλλίνικον
681 918 759 952 ὑμῶν
783 917 894 953 κράτος,
914 916 951 952 μὴ

163 964 276 998 ποιῆσαι
299 964 371 995 ἕλεος
390 965 430 995 εἰς
454 964 517 995 τοὺς
542 963 620 990 τοῦτο
640 963 852 998 τετολμηκότας,
882 963 951 998 μήτε

162 1010 307 1044 φείσασθαι
327 1010 426 1042 αὐτῶν,
450 1010 521 1044 μήτε
546 1009 596 1044 τὴν
616 1009 722 1036 οἶανοῦν
739 1009 915 1044 παράκλησιν
934 1009 950 1044 ἢ

162 1054 308 1088 ἀπολογίαν
339 1054 466 1087 δέξασθαι
495 1055 559 1090 περὶ
584 1055 683 1086 αὐτῶν,
711 1055 754 1081 ἵνα
783 1054 820 1090 μὴ
845 1054 892 1081 καὶ
913 1055 953 1085 εἰς

161 1099 225 1126 ἄλλο
248 1109 274 1126 τι
296 1099 439 1134 τραπῶσι,
466 1099 557 1132 καθὼς
595 1100 645 1135 ἤδη
675 1100 792 1135 θεωρίαν
820 1100 953 1136 ἑωρακὼς

162 1145 237 1180 Ιἢμην
249 1144 372 1179 δηλώσας
393 1144 432 1180 τῷ
449 1145 597 1181 Αὐγούστῳ
613 1146 676 1180 μηνὶ
691 1145 730 1180 τῷ
747 1146 891 1181 ἁγιωτάτῳ
906 1147 953 1173 καὶ

163 1191 318 1226 θεοτιμήτῳ
343 1192 502 1227 πατριὰρχῃ
515 1212 522 1224 ,
550 1192 674 1226 σημάνας
692 1194 720 1219 ὲν
741 1193 780 1228 τῷ
803 1194 871 1225 τέως
887 1194 952 1228 παρ’

163 1236 252 1270 ἑαυτῷ
268 1237 350 1272 ἔχειν.
367 1238 404 1264 Οὐ
422 1237 477 1273 γὰρ
497 1237 615 1273 ἔκρυψεν
637 1239 683 1273 ἀφ’
699 1239 777 1274 ἡμῶν
801 1241 815 1266 ὁ
839 1240 905 1271 Θεὸς
919 1240 954 1266 τὰ

162 1283 304 1310 διαὸούλια
323 1283 424 1311 αὐτῶν.
446 1284 526 1310 Ὅθεν
550 1285 808 1320 πεπληροφόρημαι,
825 1286 954 1312 ἀεισέϐα-

163 1338 221 1356 στοι
247 1329 458 1365 αὐτοκράτορες,
482 1331 586 1366 ὃτιοὺχ
615 1331 761 1366 ὑπενέγκοι
785 1331 920 1366 βαστάσαι
936 1333 953 1368 ἡ

163 1375 217 1401 ὑπὸ
232 1375 281 1411 τῆς
299 1375 510 1411 μεγαλειότητος
524 1376 607 1403 αὑτοῦ
628 1377 823 1413 ὲλλαμπομένη
838 1379 952 1414 Osos-cf,—

166 1428 257 1455 ρικτος
274 1420 350 1455 ὑμῶν
365 1421 463 1455 καρδία
479 1421 528 1456 τὴν
549 1423 684 1457 τοσαύτην
699 1423 747 1458 τῆς
763 1423 874 1458 ἀτιμίας
888 1424 951 1450 dro-

164 1464 240 1496 πίαν,
265 1465 299 1500 ἢν
327 1465 455 1492 οὐδέποτε
471 1467 552 1501 μέχρι
566 1467 614 1494 τοῦ
633 1467 681 1494 νῦν
697 1468 868 1504 ἀκηκόαμεν,
883 1469 954 1504 τάχα

163 1509 191 1536 δὲ
203 1509 265 1537 οὔτε
278 1510 357 1542 ἀλλος
370 1511 392 1537 Χ
397 1512 543 1546 ριστιανός.

205 1602 384 1638 Ἀλλ’ὲνορκῶ
396 1603 477 1638 ὑμᾶς,
494 1603 619 1637 δέσποτα,
635 1605 705 1632 κατά
722 1605 768 1632 τοῦ
777 1605 951 1641 Ἐμμανουὴλ

164 1649 232 1676 Θεοῦ
259 1649 383 1684 ὑψίστου,
402 1650 440 1686 μὴ
455 1651 599 1686 ἀναμεῖναι
615 1652 683 1687 μήτε
696 1653 764 1688 πρὸς
789 1653 886 1688 μικρὸν
903 1653 951 1679 τοῦ

164 1694 290 1728 γενέσθαι
315 1696 365 1731 τὴν
398 1696 556 1731 πρέπουσαν
580 1697 739 1732 ἐκδίκησιν*
766 1697 894 1724 κελεῦσαι
924 1699 952 1725 δὲ

164 1740 347 1776 ὲκξητηθῆναι
366 1742 412 1769 καὶ
428 1742 463 1769 τὰ
488 1743 517 1769 ὲν
536 1742 576 1778 τῷ
603 1743 700 1778 φρέατι
724 1743 854 1778 γεγονότα
877 1744 952 1780 παρά

164 1787 215 1819 τῆς
235 1786 458 1822 ὑπερϐαλλούσης
477 1788 565 1815 αὐτῶν
594 1789 784 1823 παγκακίστου
809 1790 951 1825 πονηρίας,

165 1832 236 1859 κατὰ
251 1832 301 1868 τὴν
316 1833 387 1868 ὑφὴν
400 1834 448 1869 τῆς
465 1834 536 1868 πρὸς
545 1835 594 1870 τὴν
608 1835 687 1869 ἡμῶν
701 1835 864 1870 μετριότητα
889 1837 951 1863 ἑπι-

166 1879 276 1914 στολῆς·
296 1879 332 1915 μὴ
350 1881 571 1916 προσδεχομένης
596 1882 647 1916 τῆς
668 1882 852 1918 ήμερωτάτης
875 1882 953 1917 ὑμῶν

164 1925 333 1959 δεσποτείας,
350 1926 373 1952 εί
388 1926 453 1957 ἴσως
467 1927 574 1959 δόξουσι
588 1936 661 1959 τινες
682 1927 859 1962 ὑποσπείρειν
872 1928 953 1955 dmi-

166 1978 229 2005 ρους
257 1971 361 2005 λόγους,
384 1972 421 2003 ὡς
449 1973 645 2000 δεσποινιακῶν
670 1973 760 2000 αὐτῶν
789 1974 884 2006 ὄντων,
905 1974 952 2001 τοῦ

164 2015 232 2041 θεοῦ
254 2015 301 2042 τοῦ
329 2016 475 2048 δεδωκότος
502 2018 566 2052 ὑμῖν
591 2019 622 2057 τὸ
635 2018 736 2053 κράτος
767 2017 854 2050 οὕτως
881 2019 953 2054 ὑπὲρ

164 2062 255 2088 πᾶσαν
273 2062 400 2089 ἀσέϐειαν
420 2063 625 2098 ὲνυὸρισθέντος
638 2072 645 2079 ·
663 2065 737 2096 ὅπως
752 2064 800 2090 καὶ
824 2065 848 2091 οἱ
866 2064 954 2092 λοιποὶ

164 2107 255 2135 αὐτῶν
270 2108 350 2142 φόϐον
363 2108 445 2143 ἔχωσι
465 2110 555 2141 πάσας
570 2110 620 2142 τὰς
644 2111 752 2145 ἡμέρας
777 2110 827 2145 τῆς
851 2111 955 2146 ἐπαρά-

163 2161 211 2180 του
234 2155 282 2180 καὶ
295 2154 490 2190 ἀφωρισμένης
509 2155 598 2181 αὐτῶν
611 2154 733 2190 βιώσεως
744 2164 751 2171 ·
763 2155 811 2187 οὓς
827 2155 874 2182 καὶ
886 2156 955 2182 ἁπο-

162 2198 270 2232 δέξεται
288 2199 318 2226 τδ
345 2199 474 2233 συγγενὲς
499 2200 588 2226 αὐτῶν
605 2201 699 2232 σκότος
720 2201 760 2232 εὶς
780 2201 829 2234 τὴν
843 2201 954 2228 καταδι-

1003 275 1092 310 ipsum
1112 275 1157 303 Dei
1174 275 1312 306 Verbum,
1329 273 1402 308 quod
1420 276 1535 307 propter
1551 278 1602 298 nos
1618 270 1799 297 incarnatunh

1002 325 1053 353 est,
1067 325 1094 348 ct
1105 321 1132 348 in
1142 320 1342 348 sanctissimam
1355 327 1386 346 ac
1396 318 1541 353 gloriosam
1552 317 1600 344 Dei
1612 315 1789 346 Genitriccnt,

1002 371 1084 400 atque
1101 366 1129 393 in
1142 366 1328 394 venerabilem
1343 372 1374 391 ac
1388 363 1534 399 pretiosam
1551 369 1671 393 crucem,
1683 367 1790 388 necnon

1002 416 1029 438 et
1044 412 1070 438 itt
1086 415 1196 438 sanctos
1209 411 1279 446 ejus.

1038 459 1154 492 Propter
1169 458 1241 492 quod
1261 460 1509 484 commemorantes
1528 452 1698 489 suggerimus
1718 450 1791 478 divi-

1003 503 1045 530 nis
1065 503 1177 529 auribus
1193 502 1304 534 vestris,
1320 501 1459 536 quoniatn,
1472 499 1494 528 si
1512 498 1641 534 piissimm
1657 497 1793 524 bonarum

1004 549 1182 575 victoriarum
1195 552 1350 575 vestrarum
1363 547 1437 582 leges
1449 546 1556 581 jubent,
1570 544 1688 578 imagine
1703 542 1792 576 impe-

1004 594 1104 621 ratoris
1120 594 1229 629 injuriis
1245 593 1382 625 lacessita,
1397 591 1479 619 morti
1496 597 1633 625 supremae
1648 595 1681 615 ac
1697 586 1792 624 perni-

1003 640 1162 668 ciosi5sima:
1180 639 1344 667 tradendos.
1360 639 1407 674 qui
1427 638 1480 665 ltoc
1497 635 1590 664 conari
1608 641 1793 670 praesumpse—

1004 686 1070 717 rint,
1086 691 1199 720 quanta,
1213 689 1305 720 putas,
1321 684 1396 720 digiti
1413 688 1478 711 sunt
1492 683 1669 710 damnatione
1687 681 1714 707 in
1731 687 1794 714 per-

1004 731 1152 763 ditionem,
1166 731 1213 765 qui
1229 731 1255 757 in
1273 730 1419 765 imaginem
1432 729 1494 756 Filii
1508 728 1556 756 Dei
1572 732 1599 755 et
1614 725 1794 754 sanctissimas

1004 785 1035 804 ac
1063 777 1188 813 gloriosa:
1209 777 1257 804 Dei
1274 776 1423 804 Genitricis
1448 783 1510 803 cum
1537 774 1612 802 omni
1637 771 1793 800 incessabili
1817 795 1819 799 .

1005 823 1164 859 [indicibili]
1195 822 1367 857 impudentia
1393 827 1421 849 et
1448 821 1606 855 impietate,
1631 825 1659 846 et
1683 822 1795 854 propter

1005 869 1117 895 nimiam
1143 868 1291 900 malitiam,
1311 875 1365 895 non
1392 867 1480 894 habeo
1504 866 1577 901 Quod
1601 865 1708 896 dicant,
1731 865 1795 891 talia

1004 919 1254 950 praesumpserunt,
1279 914 1353 941 nulla
1378 913 1405 940 in
1431 913 1472 940 eis
1494 913 1565 939 facta
1588 910 1795 938 misericordia?

1003 961 1080 988 Unde
1101 961 1278 988 obsecramus
1298 959 1555 987 victoriosissimum
1576 957 1722 991 imperium
1746 964 1798 982 Vr-

1003 1012 1109 1039 strum,
1133 1015 1166 1034 ne
1191 1007 1272 1034 faciat
1296 1006 1514 1033 miscricordiam
1546 1004 1573 1031 in
1601 1011 1657 1031 eos.
1673 1002 1718 1037 qui
1743 1002 1797 1028 hoc

1003 1061 1083 1087 agere
1101 1053 1160 1079 ausi
1178 1057 1257 1084 sunt,
1274 1060 1364 1087 neque
1382 1055 1476 1086 parcat
1493 1050 1547 1082 eis,
1566 1056 1654 1084 neque
1671 1048 1797 1083 qualem-

1004 1106 1112 1133 cunq"e
1145 1098 1358 1134 postulationem
1389 1097 1431 1124 vel
1461 1096 1596 1124 rationem
1629 1102 1712 1129 super
1743 1094 1796 1120 iliis

1004 1145 1122 1180 accipiat
1135 1153 1168 1172 ne
1185 1145 1211 1171 in
1227 1144 1303 1171 aliud
1316 1143 1383 1179 quid
1399 1147 1553 1174 vertantur,
1567 1140 1649 1168 sicuti
1665 1141 1720 1176 jam
1736 1140 1795 1166 vis:-

1003 1191 1127 1218 videram
1145 1191 1271 1218 indicans
1283 1192 1409 1225 Augusto
1428 1196 1521 1216 mense
1542 1186 1715 1214 sanctissimo
1733 1189 1760 1213 ct
1780 1194 1796 1212 τι

1004 1238 1060 1265 Deo
1073 1237 1315 1265 ltonorabilissimo
1329 1235 1503 1272 patriarchm,
1512 1234 1671 1269 signiﬁcans
1684 1232 1795 1260 inierint

1005 1284 1058 1312 hoc
1071 1284 1144 1319 apud
1159 1292 1187 1311 se
1201 1283 1367 1311 servandum
1390 1291 1396 1308 :
1419 1288 1506 1316 neque
1526 1280 1600 1307 cnitn
1619 1278 1764 1306 abscondit
1783 1289 1797 1305 :l

1005 1330 1084 1358 nobis
1098 1331 1170 1358 Deus
1186 1329 1366 1365 cogitationes
1379 1336 1487 1356 eorum.
1505 1326 1583 1355 Unde
1604 1330 1698 1353 certus
1721 1333 1794 1355 sunt,

1005 1385 1114 1411 semper
1134 1376 1251 1412 Augusti
1276 1376 1474 1411 imperatores,
1501 1373 1575 1409 quod
1601 1380 1656 1400 non
1682 1371 1796 1399 suﬂ'erat

1005 1424 1061 1452 Deo
1086 1425 1279 1452 confirmatum
1305 1432 1353 1451 cor
1378 1428 1515 1453 vestrum.
1536 1421 1610 1456 quod
1640 1420 1728 1456 ipsius
1754 1425 1797 1447 est

1005 1471 1193 1507 magnitudine
1207 1471 1385 1502 illustratum,
1398 1473 1500 1496 tantam
1516 1466 1718 1495 inhonorantize
1733 1474 1798 1501 pro-

1005 1517 1159 1549 cacitatem,
1178 1524 1260 1552 quam
1281 1523 1422 1550 nunquam
1445 1515 1500 1541 huc
1522 1520 1611 1548 usque
1629 1511 1796 1543 audivimus,

965 1573 987 1605 ρ
1005 1563 1131 1591 fortassis
1145 1569 1238 1592 autent
1251 1570 1302 1590 nec
1317 1561 1388 1589 alius
1401 1561 1547 1596 quisquam
1561 1559 1796 1587 Christianorum.

1041 1610 1094 1637 Sed
1117 1610 1213 1645 adjuro
1236 1616 1299 1641 vos,
1316 1608 1441 1639 demitte,
1456 1615 1506 1641 per
1527 1605 1689 1651 Emmanuel
1710 1605 1802 1632 Deum,

1005 1656 1158 1687 excelsum,
1173 1662 1208 1682 ne
1231 1653 1370 1682 sufferatis
1388 1653 1486 1679 saltent
1510 1652 1544 1678 ad
1569 1651 1706 1678 modicum
1730 1651 1798 1685 quid

1006 1701 1067 1728 ﬁeri
1094 1701 1237 1728 decentem
1263 1700 1431 1732 vindictam;
1463 1698 1510 1726 sed
1538 1698 1661 1733 jubeatis
1688 1697 1798 1732 exquiri

1005 1744 1087 1771 etiam
1105 1744 1150 1771 illa
1168 1751 1228 1779 quas
1244 1744 1271 1771 in
1287 1748 1372 1779 puteo
1384 1743 1457 1771 facta
1478 1746 1542 1770 sunt
1560 1750 1575 1769 a
1596 1742 1681 1769 nimia
1700 1749 1798 1769 eorunt

1005 1794 1034 1817 et
1053 1791 1172 1825 pessima
1193 1790 1333 1825 nequitia,
1353 1789 1508 1818 secundum
1529 1793 1654 1816 tenorem
1675 1788 1799 1823 epistolae

1006 1845 1067 1871 qua:
1091 1836 1126 1863 ad
1147 1841 1270 1864 nostram
1296 1836 1518 1864 mediocritatem
1544 1835 1704 1862 transmissa
1726 1840 1768 1862 est
1790 1843 1797 1862 ε

1006 1881 1120 1909 minime
1149 1882 1327 1917 permittente
1358 1881 1581 1910 mansuetissima
1610 1880 1799 1908 dominatione

1005 1932 1114 1960 vestra,
1138 1928 1161 1955 si
1186 1927 1258 1955 forte
1287 1927 1447 1963 putaverint
1472 1927 1584 1962 quidam
1608 1926 1800 1954 subseminarc

1006 1974 1179 2008 iutportuuos
1190 1971 1358 2006 ‘sermones,
1385 1980 1447 1999 eum
1470 1972 1548 2007 quasi
1574 1972 1719 1999 dominica:
1744 1972 1800 1998 sint

1007 2019 1153 2053 potestatis
1166 2018 1236 2054 [σι-η
1247 2025 1274 2053 q.
1285 2018 1318 2045 ad
1332 2018 1451 2045 domina),
1465 2017 1483 2044 i.
1494 2019 1622 2052 Augusta:
1635 2021 1801 2052 potestatem

1007 2063 1190 2099 pertineant],
1207 2064 1264 2091 Deo
1279 2063 1326 2098 qui
1341 2063 1418 2090 dedit
1432 2063 1510 2090 vobis
1529 2063 1692 2098 imperium,
1707 2064 1799 2090 taliter

1007 2117 1091 2144 super
1111 2117 1220 2138 omnent
1242 2110 1412 2145 impietatem
1436 2109 1546 2145 injuriis
1568 2110 1667 2137 allecto
1690 2118 1696 2136 :
1721 2114 1750 2138 ut
1771 2115 1800 2137 et

1007 2155 1099 2183 caeteri
1116 2163 1212 2183 eorum
1231 2156 1357 2183 timorem
1374 2155 1493 2183 habeant
1507 2155 1615 2183 cunctis
1628 2154 1726 2182 diebus
1740 2163 1800 2182 ma-

1008 2202 1116 2229 ledicta:
1128 2209 1160 2229 ac
1172 2205 1319 2237 segregata).
1334 2202 1396 2229 vitae
1412 2201 1536 2236 ipsorum
1556 2209 1563 2228 :
1581 2209 1652 2236 quos
1667 2205 1695 2229 et
1709 2202 1799 2229 susci-

163 2254 216 2280 κην
232 2244 279 2271 τοῦ
298 2245 439 2280 μέλλοντος
460 2246 559 2278 αὐτοὺς
583 2246 736 2273 κατεσθίειν
752 2247 887 2274 ἀσϐέστου
907 2249 952 2275 καὶ

1008 2248 1085 2282 pient
1097 2253 1220 2282 cognatae
1234 2247 1354 2275 tenehrze
1367 2255 1424 2274 sua:
1440 2247 1467 2274 in
1479 2247 1684 2274 damnationem
1697 2247 1806 2274 vermis.

163 2290 301 2325 ἀφεγγοῦς
318 2291 418 2326 πυρός·
444 2291 492 2318 καὶ
517 2292 730 2326 καταθεματίσει
747 2293 846 2325 αὐτοὺς
864 2295 904 2325 εἰς
920 2293 955 2320 τὰ

163 2335 329 2371 καταχθόνια
353 2336 402 2371 τῆς
415 2336 533 2363 ἀδύσσου
551 2337 616 2364 αὐτὸ
631 2338 660 2364 τὸ
676 2338 807 2372 πανάγιον
823 2340 871 2366 καὶ
886 2348 952 2366 παν-

163 2381 313 2416 τοδύναμον
326 2382 437 2416 Πνεῦμα
451 2381 538 2416 Ἰησοῦ
550 2383 669 2418 Χριστοῦ
680 2383 727 2410 τοῦ
743 2384 846 2420 Κυρίου
861 2385 876 2419 ἢ
882 2384 951 2419 μῶν,

163 2428 193 2455 τὸ
220 2428 252 2454 ὲκ
278 2427 324 2456 τοῦ
355 2427 462 2462 Πατρδς
481 2428 709 2463 ἐκπορευόμενον,
736 2429 783 2456 τοῦ
805 2430 953 2457 ἀπολέσθαι

164 2474 263 2506 αὐτους
287 2475 326 2505 εις
346 2474 499 2509 ἀπέραντον
528 2474 677 2502 ἀπώλειαν.
702 2475 802 2503 Τοῦτον
827 2477 882 2512 γὰρ
910 2477 956 2503 τὸν

163 2519 245 2554 ζῆλον
269 2519 467 2553 ἐνδεικνύμενοι
504 2520 666 2552 σπουδαίως,
687 2520 864 2555 θεοφύλακτοι
892 2530 956 2557 τρο-

163 2565 301 2600 παιοῦχοι,
320 2566 360 2597 είς
371 2564 454 2591 αὐτὸν
470 2564 515 2592 τὸν
532 2565 765 2600 συμϐασιλεύοντα
780 2568 812 2602 τῇ
828 2567 954 2603 εὐσεῆείᾳ

165 2611 243 2646 ὑμῶν
264 2613 396 2647 μονογενῆ
410 2613 487 2645 Θεὲν,
500 2612 571 2648 ὑπὲρ
585 2611 634 2647 τὴν
645 2612 692 2638 τοῦ
716 2612 843 2647 Ἀϐραὰμ
860 2613 954 2640 θυσίαν

162 2657 379 2693 ἀποδεχθήσεσθε
407 2658 483 2694 παρὰ
495 2657 546 2694 τῆς
559 2658 640 2685 αὑτοῦ
656 2658 846 2685 παντεπόπτου
863 2658 955 2694 θεότη-

163 2709 218 2733 τος·
229 2702 274 2728 καὶ
284 2702 358 2728 ἔσται
367 2703 413 2729 ἐπὶ
422 2703 504 2729 πλείω
513 2703 682 2739 εὐλογημένη
691 2704 737 2730 καὶ
748 2703 953 2740 μεγαλυνομένη

164 2747 203 2783 τῷ
225 2747 321 2782 κράτει
347 2749 397 2783 τῆς
430 2749 519 2785 ἰσχύος
545 2750 627 2778 αὑτοῦ
646 2751 663 2786 ἡ
679 2750 852 2786 φιλόχριστος
876 2751 951 2786 ὑμῶν

165 2792 288 2829 βασιλεία
316 2794 385 2830 ὑπὲρ
413 2795 502 2828 πάσας
531 2796 579 2828 τὰς
607 2796 763 2833 ἓμπροσϐεν
793 2797 948 2833 βασιλείας·

199 2891 222 2923 ⁸.
230 2887 370 2921 ῑσ.αὑτάς.

1010 2293 1136 2329 [cineris]
1149 2294 1196 2328 qui
1212 2298 1387 2321 comesturus
1400 2297 1439 2320 est
1454 2293 1525 2326 illos,
1536 2297 1563 2321 et
1576 2294 1646 2329 ignis
1658 2293 1707 2329 qui
1721 2293 1800 2330 [non]

1002 2339 1159 2374 splendebit
1179 2348 1185 2366 :
1206 2343 1235 2366 et
1255 2339 1500 2367 anathematizabit
1520 2339 1801 2376 [catathetnatizabit]

1003 2392 1052 2413 eos
1076 2385 1103 2412 in
1127 2385 1306 2412 inferioribus
1329 2385 1420 2420 abyssi
1443 2385 1502 2420 ipse
1526 2390 1638 2413 sanctus
1659 2390 1687 2412 et
1708 2386 1799 2413 omni-

1005 2435 1103 2465 potens
1120 2430 1239 2465 Spiritus
1253 2431 1318 2458 Jesu
1335 2431 1437 2458 Christi
1456 2431 1566 2458 Domini
1585 2431 1684 2463 nostri,
1699 2431 1747 2466 qui
1766 2440 1800 2459 ex

1006 2477 1086 2504 Patre
1110 2476 1252 2511 procedit,
1270 2476 1303 2504 ad
1327 2477 1501 2512 perdendum
1523 2477 1585 2504 illos
1609 2476 1638 2504 in
1663 2476 1799 2504 inﬁnitam

1008 2522 1202 2557 perditionem.
1220 2523 1299 2551 Hunc
1311 2523 1384 2550 enirn
1401 2523 1489 2551 zelum
1505 2523 1585 2550 vobis
1601 2529 1729 2556 strenue,
1744 2523 1800 2551 Deo

1008 2569 1190 2597 conservandi
1211 2573 1239 2596 ct
1261 2569 1492 2604 triumphatores,
1507 2569 1535 2596 in
1558 2569 1648 2604 ipsum
1669 2569 1716 2604 qui
1737 2577 1801 2597 cum

1007 2615 1109 2650 pietate
1124 2621 1215 2644 vestra
1229 2619 1340 2651 regnat,
1355 2616 1529 2651 unigenitum
1545 2615 1801 2643 demonstrantibus

1008 2661 1110 2693 Deum,
1126 2669 1210 2697 super
1229 2661 1396 2689 sacriﬁcium
1414 2661 1533 2689 Abrahze
1555 2662 1744 2697 suscipietnini
1764 2662 1800 2690 ait

1007 2707 1066 2742 ejus
1082 2711 1247 2735 cunctorum
1262 2707 1428 2742 inspectrice
1442 2707 1545 2735 deitatc
1562 2716 1569 2734 :
1585 2712 1613 2735 et
1624 2708 1678 2735 erit
1692 2716 1800 2742 pcran-t-

1007 2753 1079 2788 plius
1092 2753 1269 2781 benedictum
1278 2773 1285 2786 ,
1299 2753 1422 2788 potentia
1434 2753 1546 2781 virtutis
1559 2754 1618 2790 ejus
1627 2773 1634 2786 ,
1648 2758 1677 2781 et
1691 2754 1800 2789 magni-

1008 2798 1117 2826 ﬁcatum
1135 2798 1246 2827 Christo
1264 2799 1396 2827 dilectum
1413 2798 1560 2834 itnperium
1575 2803 1695 2826 vestrum
1712 2805 1799 2835 super
