1952 3066
136 165 202 199 3ζ21
863 174 1014 204 NOTITIA
1021 195 1028 203 .
1418 175 1421 176 ⁷
1691 172 1771 204 3222⁵

136 223 262 252 Nondum
272 233 318 254 sex
335 226 400 254 anni
411 227 498 263 elapsi
514 231 593 255 erant
620 235 652 255 ex
667 235 721 263 quo
745 228 779 255 ad
793 228 885 255 sedem
904 227 1180 264 llierosolymitanam
1199 232 1311 255 evectus
1339 227 1431 256 fuerat
1448 228 1605 260 Zacharias,
1623 221 1692 256 eum
1713 235 1762 256 rex

137 267 280 296 Persarum
291 269 419 304 Cosroes,
437 271 514 307 Syria
533 271 685 304 devastata,
704 272 802 298 urbem
814 271 1035 307 Hierosolymam
1047 271 1130 306 cepit,
1145 271 1319 299 Christianos
1331 271 1369 298 ibi
1385 271 1518 307 degentes
1530 271 1557 298 in
1570 271 1680 298 vincula
1695 279 1770 298 con-7

136 311 213 346 jecit,
232 313 391 349 Judmisque
406 315 454 342 vili
470 315 560 349 pretio
577 315 701 348 tradidit,
717 323 733 342 a
749 315 861 350 quibus,
879 323 933 342 non
955 320 984 343 ut
1000 315 1101 350 captivi
1122 318 1170 341 aut
1185 315 1258 342 servi
1279 314 1387 350 excepti
1413 317 1537 348 fuerunt,
1555 315 1602 342 sed
1623 314 1650 342 in
1667 314 1762 342 odium

136 354 238 382 Christi
262 357 382 385 diversis
398 358 607 393 innumerisque
624 359 795 386 cruciatibus
811 359 949 386 interfecti
965 367 972 386 :
990 358 1177 394 patriarcham
1202 359 1314 386 demum
1335 363 1363 387 et
1380 358 1485 393 lignum
1499 363 1600 386 sancite
1623 359 1715 386 crucis
1731 359 1761 385 in

137 399 275 427 Persidem
294 402 454 436 asportavit.
481 403 518 430 De
536 410 568 430 ea
592 402 669 430 clade
694 402 842 430 Chronicon
869 402 1008 436 Paschale,
1037 403 1094 430 sive
1117 402 1346 436 Alexandrinum,
1369 403 1407 430 ita
1433 403 1567 438 loquitur,
1585 403 1654 430 edit.
1671 403 1703 430 Ι).
1720 403 1762 430 Du

137 441 236 477 Gange,
253 444 339 472 Paris.
359 446 433 477 [688,
447 454 474 480 p.
495 447 548 474 385
567 446 659 483 (anno)
675 455 699 474 tv
718 446 872 482 (Hcraclii),
884 447 975 474 indici.
993 446 1039 479 XI,
1054 449 1110 482 post
1126 446 1294 473 consulatum
1305 446 1420 473 Heraclii
1441 446 1553 483 Augusti
1573 447 1691 473 tertium.
1707 446 1763 473 Hoc

141 496 219 520 anno,
236 490 306 516 circa
327 499 440 517 mensem
457 491 576 524 Iunium,
601 491 702 518 malum
722 492 794 519 nobis
811 491 905 518 accidit
924 495 1048 527 perpetuo
1066 491 1138 518 luctu
1157 490 1376 526 prosequendum.
1396 489 1462 517 Cum
1482 490 1542 517 aliis
1568 491 1662 525 quippe
1693 498 1764 517 com-

139 530 255 564 pluribus
269 532 382 561 Orientis
395 535 553 566 civitatibus,
568 535 719 562 Jerusalem
735 544 750 562 a
768 535 854 562 Persis
874 539 953 570 capta
976 539 1024 566 est,
1044 534 1133 561 multis
1149 533 1315 565 clericorum,
1340 535 1534 560 monachorum
1549 553 1556 566 ,
1574 534 1763 560 sanctimonia-

140 575 214 606 lium,
231 580 255 602 et
270 577 401 611 virginum
415 578 530 605 millibus
546 580 695 606 trucidatis.
707 579 846 607 lnceusum
860 579 939 606 etiam
952 579 1119 605 Dominicum
1130 577 1289 613 sepulcrum,
1308 581 1331 603 et
1343 576 1512 604 ‘celeberrima
1526 577 1574 603 Dei
1589 576 1706 612 templa:
1725 580 1770 610 et,

140 624 167 645 ut
185 621 257 647 verba
271 622 368 654 dicunt,
382 624 498 658 pretiosa
515 625 606 651 omnia
623 625 767 651 destructa.
790 624 946 651 Veneranda
960 623 1043 649 crucis
1057 621 1140 657 ligna,
1156 629 1214 648 cum
1229 622 1312 648 sacris
1327 621 1395 647 vasis
1408 621 1567 652 innumeris,
1583 621 1726 655 capiuntur
1742 629 1759 647 a

139 663 237 696 Persis,
249 669 273 691 et
288 665 434 694 Zacharias
444 668 597 702 patriarcha
609 669 726 703 captivus
743 668 891 695 abducitur.
913 667 997 702 Atque
1010 667 1063 693 lucc
1078 667 1166 693 omnia
1177 686 1183 698 ,
1201 674 1252 692 non
1268 665 1353 692 multa
1369 665 1433 692 anni
1443 669 1529 700 parte,
1540 673 1586 691 nec
1600 668 1652 690 toto
1664 672 1761 697 mense,

137 708 183 734 scit
195 709 267 735 intra
284 718 381 742 paucos
407 711 461 738 dies
483 713 626 746 contigere.
642 712 743 739 Eadem
760 712 817 738 fere
831 711 928 738 scribit
948 710 1130 744 Theophanes
1154 709 1181 736 in
1208 708 1427 744 Chronographia
1439 729 1445 740 ,
1464 708 1497 736 ad
1516 716 1618 735 annum
1634 708 1762 743 quintum

139 750 269 779 llcraclii.
283 753 404 786 Quartus
419 754 464 781 hic
476 759 534 782 erat
550 755 625 790 (Chr.
650 755 723 790 614),
742 755 801 787 sed,
820 759 849 782 ιιι
862 758 955 787 monet
971 753 1187 788 Papebrochius,
1208 757 1227 779 t.
1244 753 1277 779 lll
1293 752 1365 784 Maii,
1383 753 1410 779 in
1427 757 1507 779 tract.
1526 752 1641 786 prtelim.
1654 760 1682 779 n.
1700 752 1762 784 ιδι,

139 802 165 828 p.
183 795 227 828 5i,
241 797 293 823 col.
312 797 337 829 1,
352 797 384 829 A,
401 798 446 824 ille
462 803 560 825 auctor
578 806 633 825 uno
650 807 722 826 anno
744 798 834 826 serius
850 798 877 824 in
893 798 972 826 annis
989 797 1106 824 Heraclii
1124 804 1167 824 res
1179 799 1286 828 narrat,
1304 804 1337 823 eo
1357 796 1429 830 quod
1445 796 1564 830 primum
1582 796 1663 830 hujus
1679 795 1764 830 impe-

139 840 238 867 ratoris
253 848 354 868 annum
383 841 410 868 in
425 842 494 869 duos
507 843 644 875 diviserit,
662 841 893 877 quemadmodum
912 841 1037 875 pluribus
1056 840 1256 868 demonstravit
1277 839 1350 866 idem
1373 838 1579 873 Papcbrochius
1602 839 1630 865 in
1652 838 1769 874 Exegesi-

139 883 254 918 prazlim.
278 885 312 912 ad
330 891 396 914 tom.
410 886 455 916 lli.
473 887 552 914 Mart.
568 895 628 922 cap.
652 886 678 913 ιι.
694 886 771 914 Anno
786 887 877 922 quinto
894 884 1050 920 (legendum
1073 886 1179 919 quarto)
1192 883 1296 918 imperii
1315 882 1443 916 llcraclii,
1456 882 1547 909 Perstv
1556 882 1682 909 Iordanis
1695 881 1762 914 loca,

138 927 325 961 Pala'stinam,
343 935 499 958 etsanctam
511 932 644 960 civitatem
657 939 795 958 armorum
812 932 836 958 vi
847 930 1015 965 subegerunt,
1027 932 1051 954 et
1078 927 1211 956 manibus.
1228 931 1256 953 ut
1278 926 1386 961 quidam
1401 931 1534 958 asserunt,
1545 925 1709 958 Juda‘orum,
1728 925 1763 952 ad

139 974 285 1006 nonaginta
308 973 522 1001 Christianorum
544 974 630 1002 millia
659 975 836 1001 trucidarunt.
858 974 942 1008 Capto
961 981 1022 999 vero
1047 970 1291 1007 Hierosolymorum
1318 970 1473 1005 patriarcha
1491 969 1634 1001 Zacharia,
1650 969 1763 1003 pretioso

137 1016 216 1042 etiam
233 1021 257 1042 ct
274 1018 375 1051 vivi/iro
392 1019 476 1044 cruris
492 1018 563 1054 ligno
576 1019 639 1045 locis
652 1018 706 1045 illis
721 1022 821 1052 erepto,
833 1019 1000 1053 captivorum
1023 1017 1158 1043 hominum
1174 1015 1371 1042 multitudinem
1397 1015 1564 1040 innumeram
1592 1014 1619 1040 in
1630 1013 1771 1040 Persidem.-

138 1059 313 1087 abdna‘erant.
329 1061 435 1094 Exstat,
458 1062 548 1096 inquit
567 1062 777 1096 Papebroehius
803 1062 885 1088 modo
902 1062 1041 1094 laudatus,
1060 1061 1129 1088 ibid.
1146 1069 1174 1087 ιι.
1198 1060 1258 1091 155,
1282 1059 1422 1087 Francisci
1439 1058 1599 1086 Combcﬂsii
1616 1057 1692 1093 (0rd.
1710 1058 1770 1084 FF-

136 1102 264 1136 l’raedic.)
276 1112 368 1139 opera,
384 1110 446 1139 post
459 1105 582 1132 libellum
599 1106 687 1133 sancti
701 1106 815 1133 Joannis
825 1106 1013 1141 Chrysostomi
1029 1105 1066 1132 De
1079 1105 1223 1132 educandis
1251 1103 1349 1136 liberis,
1369 1102 1478 1137 aliaque
1492 1102 1636 1133 nonnulla,
1649 1101 1769 1129 Parisiis.

136 1153 208 1173 anno
229 1147 306 1179 1656,
324 1148 533 1176 Graeco-Latine
557 1150 691 1184 impressa
719 1150 845 1184 cpistola,
872 1158 954 1184 quam
972 1149 1057 1176 vidua:
1076 1156 1189 1184 sponsw,
1209 1148 1310 1174 civitati
1336 1147 1404 1181 regis
1420 1146 1510 1180 magni
1538 1145 1626 1172 liberis
1650 1144 1761 1177 orbatw,

136 1190 376 1226 Ilierosolgmitano
401 1194 474 1228 gregi
494 1198 627 1227 pastorem
651 1203 703 1220 non
718 1194 823 1221 habenti
839 1203 847 1220 :
861 1195 906 1221 sed
919 1198 943 1220 et
971 1194 1077 1228 reliquis
1094 1192 1212 1219 omnibus
1229 1193 1255 1219 in
1269 1191 1371 1219 Christo
1399 1190 1514 1218 ecclesiis
1525 1211 1531 1222 ,
1554 1190 1717 1224 residuisque
1731 1189 1761 1215 in

135 1233 189 1260 illis
200 1234 264 1268 ﬁliis
280 1236 416 1270 orphanis,
433 1241 522 1272 pastor
537 1238 651 1269 humilis,
663 1237 745 1269 solus,
759 1239 886 1272 captivus,
898 1238 1041 1265 Zacharias
1053 1237 1176 1264 minimus
1191 1244 1206 1263 c
1220 1235 1333 1263 Perside
1348 1235 1469 1269 scripsit,
1479 1241 1569 1266 suam,
1588 1233 1762 1268 aliorumque

135 1278 311 1312 captivorum
326 1281 512 1308 calamitatem
528 1289 760 1313 commemorans,
782 1287 810 1310 ct
826 1282 984 1309 meminisse
1005 1282 1106 1316 jubens
1125 1279 1265 1315 quomodo
1281 1279 1339 1313 ipse
1359 1278 1484 1313 quidem,
1497 1276 1608 1312 quando
1627 1284 1689 1304 cum
1708 1277 1763 1304 illis

135 1325 206 1354 erat,
220 1322 247 1349 in
263 1322 375 1351 Galiliea
390 1325 491 1352 dixerit
507 1335 512 1351 :
530 1325 626 1357 Plane,
643 1319 704 1360 ﬁlii,
721 1327 853 1360 ingentem
862 1326 889 1352 in
899 1325 968 1352 vobis
976 1325 1049 1352 video
1062 1325 1205 1356 incuriam,
1219 1322 1490 1358 multamsegniticm,
1504 1321 1675 1356 iujustitiam,
1688 1321 1763 1356 igno-

136 1366 264 1399 rantiam,
279 1368 428 1402 fraternum
447 1369 547 1402 adiurit,
571 1369 776 1405 apostolicoruin
795 1378 927 1396 canonum
945 1369 1182 1404 transgressionem
1208 1372 1288 1402 atque
1303 1371 1502 1401 contemptum;
1520 1373 1565 1392 nec
1579 1365 1631 1392 scio
1649 1373 1764 1400 quatiam

136 1417 177 1436 res
193 1414 288 1437 nostra:
302 1420 419 1439 evasura:
434 1414 487 1439 sint
501 1422 509 1440 :
525 1414 600 1448 ipsos
617 1421 684 1441 vero
699 1413 867 1448 respondere
883 1414 979 1441 solitos
991 1422 998 1440 :
1009 1413 1098 1440 Bonus
1112 1416 1149 1439 est
1167 1411 1247 1443 Deus,
1265 1419 1311 1437 nec
1332 1418 1378 1437 nos
1389 1410 1485 1436 creavit
1499 1413 1525 1435 ut
1539 1408 1669 1444 perderet.
1685 1409 1765 1435 Nunc

135 1461 202 1490 ergo
224 1454 351 1483 hortatur
370 1464 418 1483 eos
435 1457 469 1484 ad
483 1457 925 1494 pceuitcntiam,emendationem
944 1465 1064 1489 morum,
1094 1455 1312 1484 misericordiam
1337 1463 1402 1490 erga
1426 1454 1551 1489 captivos
1579 1452 1691 1486 fratres;
1717 1456 1766 1481 aut

135 1499 236 1533 quibus
254 1508 309 1528 non
320 1501 441 1536 suppetit
454 1502 526 1534 quod
538 1502 701 1537 largiantur,
718 1502 752 1529 ad
766 1510 872 1536 preces,
881 1502 997 1537 jejunio,
1011 1500 1254 1528 humicubationes
1281 1504 1309 1526 et
1326 1499 1468 1534 lacrymas.

173 1542 200 1570 Si
215 1543 276 1578 quas
292 1550 385 1571 autem
402 1545 428 1571 in
448 1550 520 1572 tanta
536 1546 694 1573 calamitate
717 1546 836 1573 inveniri
855 1538 945 1581 potuit
958 1545 1110 1574 consolatio
1131 1543 1290 1579 temporalis
1304 1564 1310 1575 ,
1327 1543 1386 1570 lucc
1403 1543 1542 1578 praecipue
1559 1541 1766 1570 subministrata

137 1592 179 1614 cst
194 1595 207 1614 a
222 1593 318 1616 sancto
348 1589 455 1616 Joanne
484 1590 721 1626 Eleemosynario,
742 1595 809 1617 tunc
827 1589 959 1625 temporis
985 1589 1143 1624 patriarcha
1163 1587 1362 1618 Alexandrino,
1377 1587 1411 1613 de
1435 1593 1490 1620 quo
1517 1587 1568 1613 ista
1585 1586 1682 1613 scribit
1707 1585 1768 1620 ejus

136 1631 206 1658 Vita:
225 1637 322 1659 auctor
341 1632 489 1664 Leontius,
505 1633 576 1667 apud
591 1634 693 1660 Baron.
724 1633 757 1660 ad
775 1642 876 1660 annum
901 1633 1003 1661 Christi
1028 1633 1091 1664 6H,
1109 1632 1195 1662 n.15,
1213 1632 1264 1658 col.
1282 1631 1345 1657 261.
1364 1629 1429 1657 Cum
1442 1630 1530 1658 Persae
1542 1629 1663 1665 populati
1683 1632 1769 1656 essent

138 1675 286 1702 universam
300 1675 416 1711 Syriam,
431 1677 475 1711 qui
486 1684 575 1703 eorum
596 1685 691 1703 manus
707 1681 846 1711 potuerunt
863 1677 982 1712 effugere,
999 1681 1054 1702 tum
1067 1676 1128 1702 laici
1143 1676 1187 1710 qui
1202 1675 1388 1709 magistratum
1403 1673 1539 1707 gerebant,
1549 1677 1572 1699 et
1588 1673 1696 1708 privati,
1713 1676 1772 1699 tum

138 1717 227 1744 clerici
239 1727 299 1745 cum
311 1720 437 1754 episcopis
449 1720 605 1755 confugiunt
618 1720 821 1746 Alexandriam.
839 1719 937 1751 Quibus
949 1719 1068 1746 omnibus
1087 1719 1158 1746 dives
1173 1718 1219 1745 ille
1234 1723 1256 1744 et
1271 1718 1377 1744 minime
1395 1721 1522 1751 angustus
1539 1717 1689 1743 convivator
1705 1724 1770 1751 quo-

139 1762 202 1788 tittie
213 1763 399 1797 suppeditabat
411 1771 469 1796 quae
491 1764 615 1790 erantad
631 1772 707 1790 usum
727 1765 888 1795 necessaria,
913 1771 966 1790 non
992 1764 1026 1789 ad
1046 1762 1221 1797 indigentium
1237 1761 1365 1796 aspiciens
1388 1760 1596 1792 multitudinem,
1616 1764 1644 1786 ut
1667 1759 1770 1794 aliquid

140 1806 239 1841 ficere!
251 1806 322 1838 quod
343 1811 410 1834 esset
430 1808 530 1834 sordidi
546 1812 570 1833 et
583 1806 721 1834 illiberalis
743 1808 836 1838 animi,
851 1808 896 1833 sed
913 1808 947 1834 ad
958 1816 1017 1834 eum
1031 1807 1076 1842 qui
1087 1807 1172 1842 aperit
1182 1814 1302 1837 manum,
1316 1809 1338 1831 et
1350 1812 1426 1831 onme
1441 1803 1544 1831 animal
1563 1803 1652 1838 implet
1665 1803 1771 1830 benedi-

139 1851 233 1876 ctione.
248 1850 314 1876 Cum
324 1854 413 1877 autem
430 1850 580 1877 Rasmizsus
593 1852 647 1877 dua:
662 1852 790 1878 crercitus
805 1850 900 1878 Cosroe
915 1856 1040 1879 vastasset
1053 1857 1076 1878 et
1097 1851 1274 1886 depopulatus
1289 1854 1354 1877 esset
1368 1848 1521 1876 veneranda
1541 1848 1598 1875 loca
1616 1847 1770 1883 Hierosoly-

141 1902 260 1925 morum;
276 1899 416 1929 postquam
430 1895 476 1922 hoc
491 1895 590 1922 audivit
606 1895 650 1922 ille
664 1897 740 1922 homo
756 1895 813 1928 Dei,
830 1901 854 1921 et
867 1895 936 1930 quod
949 1896 1037 1922 omnia
1059 1900 1152 1921 sancta
1168 1894 1277 1928 fuissent
1290 1893 1345 1928 igni
1361 1892 1478 1924 tradita,
1491 1892 1570 1927 deflet
1584 1891 1699 1923 quidem,
1717 1899 1770 1917 non

140 1946 213 1964 secus
231 1947 262 1965 ac
276 1938 420 1970 Jeremias,
437 1939 464 1966 id
478 1939 547 1974 quod
562 1939 662 1973 factum
675 1940 774 1974 fuerat.
791 1939 848 1966 Non
865 1941 991 1966 hactenus
1004 1943 1094 1966 autem
1111 1938 1226 1964 constitit
1246 1937 1301 1973 ejus
1312 1936 1516 1967 commiseratio,
1533 1935 1578 1963 sed
1593 1935 1672 1963 mittit
1690 1936 1771 1962 etiam

139 1981 314 2017 Chrysippum
326 1984 466 2018 quemdam
481 1985 567 2010 virum
581 1985 665 2018 pium,
685 1985 792 2012 tradens
809 1986 832 2011 ei
846 1984 960 2011 ntultum
972 1983 1042 2014 auri,
1056 1983 1280 2017 frumentumque,
1303 1985 1326 2007 et
1339 1980 1393 2007 alia
1418 1981 1546 2007 alimenta
1562 1984 1585 2006 et
1603 1980 1769 2012 indumenta,

139 2030 164 2052 ct
179 2026 213 2052 ad
226 2035 256 2053 ea
271 2027 385 2053 vehenda
397 2027 521 2062 jumenta
543 2027 671 2062 plurima,
700 2032 756 2054 tum
782 2034 810 2055 ut
830 2029 957 2063 aspiceret
983 2028 1150 2058 vastitatem,
1183 2031 1240 2052 tum
1265 2025 1345 2051 etiam
1365 2028 1446 2051 utros
1461 2025 1506 2059 qui
1536 2027 1721 2050 remanserant
1739 2031 1770 2050 ex

139 2071 292 2104 captivitate
308 2072 374 2097 satis
386 2079 434 2105 per
445 2080 474 2097 ea
487 2079 546 2106 qua:
560 2070 631 2098 dicta
645 2071 752 2105 fuerunt
773 2075 913 2098 recrearet.
929 2071 1063 2098 [λι-ωιτνιά
1083 2075 1172 2097 autem
1190 2069 1357 2096 Theodorum
1366 2076 1468 2103 quoque
1480 2068 1650 2094 Amat/mntis
1671 2068 1770 2102 episco-

141 2121 214 2148 pum,
231 2117 254 2139 ct
268 2114 440 2141 Anastasium
461 2116 613 2149 praefectum
640 2115 730 2149 magni
743 2115 838 2141 utentis
861 2115 980 2146 Antonii,
994 2119 1018 2141 et
1034 2115 1189 2149 Gregorium
1210 2113 1361 2148 episcopum
1383 2112 1608 2138 Rinocorurorum
1626 2112 1719 2138 emittit
1735 2112 1770 2139 atl

140 2165 182 2183 eos
200 2157 371 2192 recipiendos,
386 2159 431 2192 qui
449 2159 553 2184 abducti
565 2158 671 2192 fuerant
687 2159 713 2184 in
734 2159 924 2192 captivitatem,
943 2159 993 2185 vim
1016 2159 1075 2185 auri
1091 2157 1212 2193 prtebens
1230 2164 1313 2192 prope
1330 2155 1562 2183 innumerabilem.
1583 2155 1667 2183 Addit
1681 2156 1769 2190 Pape-

141 2200 238 2228 broch.
255 2209 338 2235 supra
353 2201 464 2233 citatus,
481 2210 509 2228 n.
530 2202 588 2233 155,
602 2210 634 2228 ex
647 2202 772 2236 ejusdem
788 2202 875 2228 sancti
891 2202 1005 2229 Joannis
1020 2202 1090 2233 Vita,
1112 2210 1140 2228 n.
1159 2201 1203 2227 55.
1220 2201 1261 2228 Ad
1283 2199 1529 2234 Hierosolymorum
1547 2199 1734 2226 relevationem
1746 2203 1772 2226 ct

141 2244 382 2279 rewdi/iculionent,
400 2245 469 2272 misit
483 2247 647 2273 numismata
661 2246 744 2278 mille,
760 2251 784 2272 et
797 2245 869 2272 mille
887 2254 976 2273 saccos
989 2245 1078 2281 plenos
1092 2246 1235 2280 frumento,
1253 2249 1279 2271 et
1295 2244 1367 2271 mille
1381 2244 1515 2279 legumina
1530 2243 1568 2279 (id
1587 2248 1640 2277 cst,
1655 2243 1770 2279 legumi-

141 2296 207 2315 num
227 2289 393 2323 mensuras),
412 2288 484 2315 mille
500 2289 580 2316 libras
598 2290 674 2324 ferri,
694 2290 766 2316 mille
791 2295 871 2316 restes
884 2291 1041 2316 siccatorum
1060 2290 1180 2324 piscium,
1207 2288 1279 2316 mille
1295 2287 1403 2315 vascula
1426 2288 1489 2319 vini,
1509 2291 1534 2313 et
1549 2287 1621 2314 mille
1634 2287 1769 2323 diggptias

140 2333 286 2368 operarios,
301 2333 400 2359 addens
418 2341 464 2367 per
477 2332 578 2360 litteras
590 2334 623 2360 ad
650 2334 798 2361 Modestum
813 2335 925 2369 scriptas
939 2343 947 2361 :
962 2334 1002 2361 Da
1020 2334 1082 2360 mihi
1103 2334 1217 2365 veniam,
1238 2340 1297 2359 vere
1319 2332 1415 2359 Christi
1427 2335 1561 2367 operator,
1576 2331 1642 2358 nihil
1659 2333 1769 2367 dignum

142 2376 247 2411 templis
261 2375 359 2403 Christi
381 2377 506 2403 mittenti.
526 2377 623 2404 Vellem
645 2378 724 2410 enim,
745 2378 820 2404 crede
839 2379 912 2411 mihi,
927 2380 949 2405 si
968 2384 1031 2405 esset
1045 2378 1216 2409 conueniens,
1232 2381 1254 2403 et
1272 2384 1317 2411 ego
1330 2377 1383 2411 ipse
1400 2376 1499 2407 venire,
1510 2380 1534 2402 et
1552 2376 1606 2411 ipse
1617 2377 1723 2410 operari
1740 2377 1768 2402 in

141 2421 218 2446 domo
231 2424 329 2446 sancta:
345 2420 443 2446 Christi
457 2420 677 2448 Rcsurrectionis.
694 2420 743 2448 Hic
762 2421 900 2450 Modestus
916 2421 1046 2449 Ecclesia)
1073 2420 1332 2455 llierosolytnitanm
1358 2426 1451 2446 curam
1481 2419 1576 2453 gessit,
1597 2424 1626 2445 ut
1647 2419 1768 2447 vicarius

142 2463 282 2490 Zat'ltariie
296 2463 431 2498 episcopi,
450 2464 574 2498 quandiu
593 2465 637 2492 ille
651 2466 777 2500 captivus
800 2466 852 2493 fuit
867 2467 892 2492 in
912 2465 1036 2496 Perside,
1050 2465 1131 2499 eique
1151 2469 1212 2499 post
1226 2468 1344 2491 mortem
1362 2463 1507 2490 successit.
1521 2463 1638 2490 Eosdem
1655 2463 1768 2491 interim

142 2508 398 2542 Hierosolymorum
419 2508 522 2535 incolas
541 2508 599 2535 suis
617 2509 732 2544 scriptis
761 2510 907 2537 sublevare
936 2509 1088 2537 conabatur
1102 2508 1257 2536 Antiochus
1281 2507 1394 2542 quidam
1411 2507 1564 2534 monachus
1592 2507 1766 2540 Palzcstinus,

142 2553 206 2577 vita:
219 2551 362 2578 sanctitate
374 2557 402 2578 ct
415 2551 543 2579 doctrina
563 2552 692 2584 celebris,
709 2553 791 2586 cuius
808 2558 917 2580 exstant
935 2553 1061 2580 llotnilire
1092 2552 1152 2583 150,
1168 2558 1187 2580 ι.
1202 2551 1211 2578 l
1226 2551 1294 2578 Bibl.
1317 2551 1395 2577 Patr.
1413 2550 1498 2578 (ἔναιε.
1512 2559 1540 2584 p.
1562 2551 1642 2578 1026.
1661 2551 1690 2577 ln
1706 2551 1766 2585 cpi-

142 2596 211 2622 stola
227 2600 318 2622 autem
336 2595 445 2630 prielixa
458 2595 546 2629 operi,
571 2603 604 2622 eo
626 2596 706 2623 titulo
728 2597 877 2632 insignita:
895 2597 1017 2631 Epistula
1039 2597 1160 2624 Antiochi
1184 2596 1306 2622 monachi
1323 2595 1406 2622 laurw
1424 2594 1500 2621 Sabw
1520 2594 1632 2627 abbatis,
1659 2595 1694 2621 ad
1708 2595 1767 2621 Eu-

141 2640 268 2666 stathium
281 2640 449 2674 prwpositum
461 2640 751 2668 mounsteriiAttaliuw
767 2642 878 2676 Ancyra!
888 2642 1000 2669 civitatis
1016 2641 1140 2672 Galatiw,
1153 2640 1210 2667 huic
1228 2645 1331 2672 narrat,
1346 2639 1418 2674 apud
1435 2638 1582 2666 Baronium
1593 2646 1676 2674 supra
1694 2639 1768 2666 rela-

143 2688 212 2714 tum,
226 2692 254 2710 n.
269 2684 313 2710 26.
334 2683 400 2711 Cum
412 2683 556 2711 Ismaelitw
569 2685 603 2711 ad
615 2689 734 2711 nostrum
751 2687 918 2713 accessissent
931 2686 1137 2717 monasterium,
1151 2693 1205 2712 una
1223 2684 1372 2720 septimana
1392 2689 1535 2718 antequam
1555 2687 1649 2709 sancta
1675 2683 1768 2710 civitas

145 2728 233 2762 fuisset
247 2733 385 2762 occupata,
398 2731 422 2753 et
440 2728 563 2755 universa
581 2728 695 2755 ecclesia:
718 2737 796 2756 sacra
812 2738 875 2756 vasa
889 2730 949 2764 jam
976 2730 1167 2765 diripuissent,
1183 2728 1303 2763 plerique
1319 2727 1412 2754 Patres
1438 2726 1598 2762 aufugerunt
1618 2735 1699 2762 quam
1714 2727 1769 2762 pri-

144 2779 216 2798 mum
231 2778 240 2796 :
254 2775 437 2797 remanserunt
449 2776 538 2798 autem
552 2772 579 2797 in
599 2773 757 2799 monasterio
769 2773 814 2807 qui
831 2773 952 2808 fertiores
967 2773 1065 2801 Christi
1078 2773 1183 2807 fuerant
1195 2772 1273 2803 servi,
1305 2779 1411 2798 sacrum
1423 2770 1500 2798 illum
1527 2770 1612 2797 locum
1627 2771 1768 2797 destituere

143 2814 219 2842 nullo
237 2818 313 2848 pacto
331 2814 455 2842 volentes.
472 2814 586 2842 Barbari
600 2823 661 2842 vero
674 2824 734 2842 cum
749 2816 807 2843 illos
822 2818 1090 2852 comprehendissent,
1103 2821 1126 2844 ct
1139 2817 1236 2844 multos
1252 2816 1306 2843 dies
1322 2815 1380 2842 illos
1395 2816 1539 2842 inhumane
1550 2819 1720 2847 tractassem,
1742 2817 1770 2842 et

143 2860 280 2887 tormentis
294 2859 455 2894 a/ﬂixissent,
477 2861 601 2895 pecunias
613 2861 659 2887 hoc
670 2865 746 2896 pacta
761 2870 816 2888 sese
828 2863 981 2889 inventuros
996 2861 1208 2897 putantes,apud
1220 2869 1284 2895 quos
1299 2860 1366 2887 nihil
1381 2860 1458 2894 hujus
1472 2859 1562 2886 διεσαιὶ
1578 2859 1768 2894 reperiebatur.

146 2904 194 2934 [lli
207 2904 365 2941 simulatque
381 2904 622 2933 intellexeruntsuu
638 2914 664 2934 se
679 2906 784 2934 tandem
797 2915 841 2942 spe
851 2911 875 2934 ct
888 2908 1020 2942 proposito
1028 2906 1165 2940 excidisse,
1178 2905 1203 2932 in
1216 2905 1427 2941 efferati-simam
1441 2904 1508 2932 versi
1522 2903 1676 2939 rabiem,ad
1687 2910 1770 2932 unum
