1952 3066
200 181 273 215 3ΞΞ3
663 183 874 213 ZACHAIIIAS
893 182 1136 213 PATRIARCHA
1158 181 1360 212 HIEROSOL.
1759 176 1830 210 323$

201 237 366 265 membratim
376 236 464 263 beatos
476 236 534 263 illos
549 237 727 265 conciderunt.
740 238 790 270 Qui
806 243 831 264 et
849 238 940 266 [milia
955 239 1100 266 incredibili
1118 238 1228 275 perfusi,
1239 246 1270 265 ac
1282 237 1392 273 proinde
1405 235 1490 263 alacri
1502 235 1576 262 vultu
1592 235 1749 268 renidentes,
1759 239 1830 263 omni

199 289 258 310 cum
271 282 373 309 actione
386 281 534 316 gratiarum
543 281 646 308 animas
656 281 824 308 reddiderunt
834 283 1057 318 Domino,quippe
1071 291 1122 310 non
1132 284 1168 310 ita
1178 283 1279 318 pridem
1286 283 1312 308 in
1323 280 1388 309 votis
1400 280 1546 307 habuerant
1558 280 1662 312 resolvi,
1675 285 1698 306 ct
1710 289 1828 308 cssecum

200 324 437 359 Christo.Corpora
455 332 515 351 vero
527 324 669 360 plusquam
680 325 778 359 tragice
792 334 872 359 corsa,
882 335 939 352 cum
951 333 1002 352 non
1017 333 1114 360 paucos
1125 326 1178 352 dies
1193 326 1220 352 in
1234 326 1340 352 humum
1355 324 1465 358 disjecta
1478 324 1535 350 sine
1546 323 1689 358 sepultum
1705 323 1828 357 beneﬁcio

199 371 352 404 iacuissent,
367 370 399 396 ab
410 369 511 396 Arabia
526 369 574 396 illo
588 379 669 406 usque
685 371 928 406 adproperaoimns.
943 370 976 397 Et
987 370 1091 405 quidem
1104 369 1213 396 eximius
1225 369 1304 395 abbas
1314 367 1465 394 Nicomedes
1478 366 1658 401 spectaculum
1672 366 1739 392 illud
1753 368 1827 393 mise-

199 413 284 440 rabile
296 421 421 441 casarum
432 417 538 448 patrum
555 414 758 449 contemplatus,
771 415 883 449 deliquio
899 415 982 440 animi
991 413 1113 445 concidit,
1123 417 1201 448 atque
1214 412 1288 439 illinc
1305 411 1405 438 relatus
1420 414 1538 437 mortuus
1552 418 1632 445 prope
1640 409 1826 436 estJlodrstus

198 462 335 492 praeterea.
350 461 373 483 et
395 457 449 492 ipse
460 458 651 489 sanctissimus,
671 458 812 484 adventum
825 463 944 485 nostrum
956 466 1015 484 cum
1034 457 1225 488 antevertisset,
1238 460 1260 482 et
1275 459 1429 482 sanctorum
1454 453 1561 480 illorum
1587 453 1728 480 lustrasset
1755 454 1826 481 arias

198 500 347 527 habitacula
358 501 457 534 omnia,
471 501 561 527 itidem
570 509 668 536 angore
679 502 762 528 animi
774 500 1029 533 contrartus,multis
1042 509 1069 527 se
1083 499 1179 535 proluit
1192 499 1326 534 lacrynn's,
1340 507 1371 525 ac
1381 502 1473 525 sancta
1485 505 1543 533 qua:
1555 502 1663 524 eatenus
1676 498 1827 524 resederunt

199 543 305 578 iipsana
315 544 377 576 (hoc
391 548 433 571 est
450 548 606 571 sanctorum
618 545 759 580 reliquias)
769 545 956 580 circomplexns
971 545 997 571 in
1004 544 1116 571 Patrum
1129 544 1291 578 superiorum
1307 542 1423 576 deposuit
1439 542 1600 568 conditoriis.
1614 541 1640 568 Is
1657 541 1691 568 ad
1708 542 1770 572 hwc.
1784 542 1826 567 ubi

199 586 341 614 solemnem
356 587 477 622 persoluit
492 595 524 614 ea:
535 595 608 614 more
620 596 777 620 sermonem,
795 593 848 615 etc.
868 588 1084 622 Unumquemque
1097 591 1214 613 nostrum
1226 586 1327 612 hortari
1347 586 1433 620 coepit,
1448 593 1480 611 ne
1497 593 1548 620 quo
1563 585 1761 620 emigraremus,
1778 584 1827 610 loci

197 630 271 657 illius
282 631 365 657 nostri
379 631 533 663 desertores,
550 632 635 666 magis
652 640 712 658 vero
724 639 768 658 eas
786 640 843 666 quw
862 632 1034 658 imminebant
1054 631 1210 658 tentationes
1230 637 1355 665 generoso
1368 633 1473 664 pectore
1484 629 1669 664 pcrferremus,
1686 629 1828 655 Dominicis

197 673 271 701 illitis
288 682 415 701 memores
431 675 576 706 sententiaz,
593 675 655 710 quia
671 684 680 700 ‹
697 680 809 710 angusta
829 679 867 702 est
884 680 972 710 porta,
985 679 1008 702 et
1020 679 1095 702 arcta
1108 675 1151 702 via
1164 682 1223 710 quin
1234 674 1305 700 ducit
1314 673 1348 700 ad
1362 674 1454 704 vitam,
1469 678 1525 700 etc.
1546 682 1556 698 ι
1576 673 1662 707 Hujus
1673 673 1761 707 itaque
1777 673 1826 698 ad-

202 717 435 744 monitionicisum
449 722 486 744 est
498 726 588 753 gerere
610 727 719 750 morem,
737 727 816 754 eoque
831 718 971 753 (ideoque)
994 719 1021 745 in
1052 719 1129 745 laura
1151 718 1216 744 duos
1240 725 1320 752 prope
1343 724 1444 743 menses
1463 717 1669 751 permansimus.
1692 716 1827 750 Loquitur

197 760 300 788 deinde
313 760 349 787 de
364 761 427 796 fuga
439 761 515 788 illinc
528 761 561 788 ad
578 761 652 788 aliud
670 762 882 793 monasterium,
898 767 926 788 et
939 762 1002 789 inde
1018 762 1051 789 ad
1065 761 1150 793 aliud,
1166 769 1198 788 ac
1212 761 1244 788 de
1261 761 1323 788 aliis
1339 761 1405 787 hinc
1421 760 1485 787 inde
1497 760 1648 794 dispersis;
1664 764 1692 786 et
1711 759 1828 786 inferius

198 803 301 832 iterum
318 804 351 831 de
370 804 514 832 monachis
542 812 556 831 a
582 804 730 832 Saracenis
754 805 853 833 occisis
877 813 981 840 agens:
1007 805 1143 837 Numeris,
1162 805 1262 839 inquit,
1285 809 1436 831 sanctorum
1458 803 1580 836 Patrum,
1602 812 1666 838 quos
1687 805 1826 838 tyrannica

195 847 304 874 sustulit
320 848 467 882 impressio,
479 852 517 874 est
538 848 717 883 quadraginta
735 853 858 884 quatuor.
875 849 974 876 Horum
998 850 1125 876 memoria
1142 849 1213 876 Maia
1227 856 1315 876 mense
1325 847 1483 879 celebratur,
1501 847 1603 874 decima
1619 848 1712 882 quinta
1729 848 1826 874 mensis

196 891 248 917 die.
270 891 437 919 Eorumdcm
451 896 604 927 martyrum
621 893 782 919 memoriam
798 893 865 920 colit
877 893 1001 920 Ecclesia
1016 893 1042 920 in
1057 891 1247 928 Martyrologio
1264 891 1384 917 Romano
1399 891 1443 918 die
1467 891 1500 917 16
1514 890 1588 922 Maii,
1602 890 1646 918 his
1661 891 1753 918 verbis
1769 899 1775 916 :
1791 890 1825 917 In

196 933 342 962 Pala'stina
355 936 441 971 passio
454 940 606 962 sanctorum
636 937 825 963 monachorum
841 945 857 963 a
879 935 1020 963 Saracenis
1034 936 1062 962 in
1084 935 1162 962 lauro
1183 935 1270 962 sancti
1292 933 1369 961 Saba:
1395 934 1611 968 interfectorum.
1627 934 1695 961 Dum
1713 941 1779 960 vero
1795 934 1824 961 lii

202 978 422 1010 coronabantur,
439 979 553 1013 quidam
571 979 724 1006 monachus
739 979 843 1006 Sinaita
858 980 943 1007 modo
961 979 1077 1007 terribili
1092 979 1186 1014 lapsus
1209 983 1262 1006 est.
1278 979 1346 1006 Rem
1366 979 1406 1006 sic
1417 978 1552 1006 describit
1579 979 1652 1006 idem
1669 978 1826 1005 Antiochus

195 1020 293 1048 bomil.
309 1022 353 1054 8i,
371 1022 442 1057 apud
462 1023 623 1054 Baronium,
645 1023 713 1050 ibid.
732 1031 761 1050 n.
775 1023 810 1050 50
827 1032 836 1051 :
852 1023 922 1056 Fuit,
939 1024 1040 1059 inquit,
1057 1024 1086 1050 in
1111 1027 1199 1049 monte
1209 1022 1275 1050 Sina
1299 1024 1444 1050 monachus
1458 1023 1578 1057 quidam,
1592 1023 1636 1058 qui
1647 1022 1745 1048 celebre
1757 1023 1824 1048 adeo

195 1065 276 1092 edidit
293 1074 349 1093 sua:
365 1067 535 1094 continentia:
554 1067 696 1102 specimen,
711 1072 740 1094 ut
752 1068 779 1093 in
795 1067 892 1094 cellula
906 1069 1002 1094 multos
1017 1067 1111 1093 vixerit
1135 1075 1218 1093 annos
1232 1066 1359 1093 inclusus.
1378 1066 1516 1093 Postremo
1540 1066 1697 1100 multifariis
1719 1065 1826 1092 revela-

196 1108 307 1135 tiouibus
318 1109 426 1142 diaboli,
442 1115 466 1136 at
482 1110 619 1137 insomniis
634 1110 739 1141 illusus,
753 1111 787 1137 ad
798 1110 966 1138 Judaismnm
978 1110 1100 1146 delapsus
1113 1114 1161 1143 est,
1185 1115 1208 1137 et
1226 1111 1314 1137 carnis
1331 1111 1566 1137 circumcisionem.
1582 1109 1648 1137 Cum
1667 1111 1748 1145 igitur
1762 1110 1823 1136 dia-

196 1151 270 1178 bolus
280 1153 340 1179 huic
351 1153 493 1180 identidem
510 1161 571 1180 vera
586 1154 706 1188 quadam
724 1154 856 1181 insomnia
867 1155 1080 1185 demonstrasset.
1096 1160 1120 1181 et
1138 1154 1218 1181 veluti
1235 1154 1337 1189 objecta
1359 1154 1482 1181 illecebra
1495 1155 1636 1180 inescasset
1650 1153 1722 1181 illius
1732 1153 1822 1180 obscu-

196 1199 285 1222 ratum
296 1200 424 1228 mentem,
444 1197 582 1224 novissime
597 1197 680 1224 oculis
695 1197 767 1224 illius
789 1198 875 1233 objicit
890 1199 1021 1233 copiosam
1038 1198 1142 1225 turbam
1159 1198 1350 1233 apostolorum,
1363 1204 1523 1233 martyrum,
1549 1198 1714 1232 aliorumque
1737 1198 1823 1224 omnis

195 1239 297 1273 generis
310 1239 522 1267 Christianorum
541 1241 703 1268 densissimis
718 1241 840 1273 tenebris,
860 1245 885 1268 et
910 1242 980 1268 οηιηί
996 1242 1118 1269 dedecore
1131 1241 1281 1277 oppletum:
1301 1246 1377 1276 parte
1396 1242 1525 1276 opposita,
1545 1241 1645 1273 Mosen,
1664 1241 1820 1276 Prophetas,

196 1282 322 1317 populum
335 1291 437 1318 quoque
449 1283 617 1316 Iudaeorum,
636 1284 688 1310 Deo
702 1284 801 1320 alibqui
816 1285 929 1312 inrisum
947 1293 1048 1315 (sermo
1059 1290 1101 1313 est
1117 1286 1151 1313 de
1163 1285 1349 1313 Judaeisnunc
1362 1286 1507 1320 temporis)
1524 1286 1598 1320 o/fert
1618 1285 1756 1321 splendida
1773 1285 1822 1311 ad-

195 1327 302 1353 modum
325 1326 381 1354 luce
402 1329 563 1363 conspicuos,
578 1329 656 1363 inque
673 1329 771 1364 gaudio
785 1333 809 1355 et
825 1329 962 1356 hilaritate
975 1333 1055 1356 vitam
1079 1330 1255 1356 traducentes.
1270 1329 1333 1356 Haec
1344 1338 1404 1356 cum
1423 1333 1564 1365 spectasset
1580 1330 1669 1362 miser,
1686 1337 1699 1356 ε
1713 1329 1820 1363 vcstigio

192 1371 318 1403 surrexit,
335 1371 509 1407 derclictoque
521 1377 611 1399 sancto
628 1372 675 1399 illo
687 1377 785 1402 monte.
801 1373 828 1399 in
843 1372 1016 1401 Palwstinam
1029 1382 1109 1409 usque
1123 1374 1250 1408 pervenit,
1268 1378 1392 1409 rectaque
1417 1373 1566 1401 conscendit
1583 1374 1610 1400 in
1629 1373 1722 1400 Noara
1735 1378 1759 1399 et
1773 1373 1821 1399 Li-

193 1414 304 1449 byadem
315 1414 391 1450 asyla
408 1414 573 1442 Judaei-um.
595 1415 659 1442 Cum
672 1416 758 1450 (vero)
772 1417 828 1443 istis
839 1417 1007 1444 denarrasset
1018 1426 1078 1453 quce
1090 1418 1139 1445 sibi
1153 1419 1215 1445 visa:
1225 1418 1330 1453 fuerant
1347 1418 1490 1445 diabolicas
1508 1419 1697 1454 apparitioncs,
1708 1418 1821 1444 circuat-

193 1458 262 1484 risus
275 1463 323 1490 est,
333 1467 363 1484 ac
385 1459 517 1494 professus
527 1459 709 1492 Judaismmn,
728 1461 828 1495 accepit
852 1468 973 1493 uxorem,
998 1462 1077 1496 inque
1105 1463 1221 1488 omnium
1247 1466 1385 1497 prospectu
1412 1462 1534 1489 adversus
1551 1461 1714 1489 Christianos
1738 1461 1820 1488 edidit

193 1501 330 1536 dogmata,
343 1508 527 1537 propugnator
540 1503 624 1537 {actus
637 1503 756 1530 Iudaica
772 1505 976 1539 superstitionis.
988 1505 1066 1532 Hunc
1079 1514 1125 1541 ego
1137 1505 1199 1538 ridi,
1212 1505 1302 1540 pergit
1315 1506 1479 1538 Antiochus,
1500 1514 1531 1532 ac
1546 1505 1664 1540 plerique
1676 1506 1819 1532 monacho-

192 1553 263 1577 rum,
280 1554 362 1580 neque
375 1547 444 1573 enim
459 1551 574 1582 quatuor
585 1548 650 1574 anni
662 1552 723 1574 sunt
734 1557 749 1574 a
766 1553 848 1574 morte
863 1548 936 1575 illius
950 1558 1002 1584 qua
1014 1548 1108 1576 misere
1121 1554 1262 1585 perruptas
1283 1553 1331 1576 est.
1359 1549 1485 1577 Cat/tarri
1497 1550 1567 1576 enim
1589 1550 1747 1584 pra/luvium
1764 1549 1817 1575 ali-

194 1589 299 1624 quando
311 1598 415 1625 passus,
429 1594 452 1616 et
464 1591 592 1618 vermium
605 1592 740 1618 arrosione
753 1592 936 1619 contabesccns
950 1594 1104 1628 exspiravit.
1117 1593 1193 1620 Hunc
1211 1601 1270 1621 cum
1286 1593 1438 1621 vidissemus
1451 1601 1497 1628 ego
1512 1597 1536 1619 et
1551 1593 1598 1620 alii
1613 1593 1713 1628 aliquot
1726 1601 1819 1619 mona-

195 1634 246 1665 chi,
262 1634 377 1668 correpti
396 1635 501 1667 timore,
517 1635 619 1669 ingenti
633 1643 691 1661 cum
704 1634 775 1662 luctu
792 1635 1041 1663 lamentatisumus.
1057 1637 1122 1664 Erat
1135 1638 1162 1664 id
1175 1645 1240 1664 sane
1255 1646 1336 1672 quam
1353 1637 1504 1664 miserabile
1517 1636 1706 1671 spectaculum.
1720 1636 1764 1662 Vir
1776 1637 1817 1663 hic

194 1681 264 1705 totus
281 1677 439 1704 incanuerat
455 1678 482 1705 in
499 1679 645 1705 monastica
656 1680 854 1709 exercitatione.
867 1685 1091 1716 consenueratque
1106 1681 1240 1708 laboribus
1253 1681 1371 1711 attritus.
1386 1681 1441 1707 etis
1459 1681 1566 1707 tandem
1587 1689 1645 1707 cum
1663 1679 1816 1707 mulieribus

188 1721 342 1757 jocabatur,
361 1721 561 1749 immundarum
574 1723 706 1754 carnium,
726 1731 818 1758 nempe
829 1723 1013 1755 Iudaicarum,
1033 1728 1110 1758 gustu
1122 1732 1150 1750 se
1171 1724 1330 1758 defa'dabat,
1342 1728 1367 1750 et
1384 1724 1552 1758 inquinabat,
1571 1723 1649 1749 verba
1662 1723 1817 1758 loquebatur

193 1765 303 1792 obscena
314 1769 338 1792 et
355 1765 499 1801 impudica,
512 1765 711 1800 blasphcmabat
729 1767 872 1799 Clnistum,
889 1767 1018 1802 Spiritum
1042 1771 1164 1794 sanctum
1189 1776 1241 1794 non
1266 1767 1412 1794 tolerandis
1435 1767 1562 1801 afﬁciebat
1586 1766 1752 1793 contumeliis
1767 1775 1776 1792 :
1791 1769 1816 1792 ct

192 1810 261 1838 hunc
285 1813 374 1836 tamen
403 1809 444 1836 illi
471 1810 526 1836 sine
554 1809 609 1845 lege
623 1810 710 1838 Judaei
737 1811 881 1838 secundum
900 1811 1028 1838 vocabant
1048 1810 1194 1838 Abraham.
1217 1811 1280 1838 Hum
1299 1810 1455 1838 Antiochus
1490 1814 1510 1837 ι.
1530 1810 1538 1836 l
1555 1809 1624 1836 Bibl.
1638 1808 1716 1836 Patr.
1730 1809 1813 1838 Grec.

192 1860 222 1886 p.
237 1851 302 1878 1161
317 1856 345 1879 et
357 1860 415 1887 seq.

227 1895 356 1926 Cosrocs,
373 1899 404 1923 ut
416 1896 520 1923 dictum
534 1901 585 1929 est,
605 1897 710 1933 lignum
722 1902 824 1925 sancta:
841 1898 945 1930 crucis,
959 1898 1033 1933 quod
1048 1898 1247 1934 Hierosolymis
1262 1899 1435 1931 servalatur,
1453 1898 1480 1925 in
1501 1897 1642 1926 Persidem
1660 1896 1814 1924 transtulit.

191 1939 246 1966 Sed
260 1939 340 1974 plane
357 1939 540 1968 admiratione
552 1941 665 1976 dignum
681 1942 748 1969 illud
764 1941 825 1974 fuit,
842 1942 932 1977 inquit
952 1942 1088 1970 Baronius
1100 1950 1183 1977 supra
1202 1943 1313 1974 citatus,
1332 1951 1360 1969 η.
1375 1942 1420 1974 52,
1444 1942 1559 1976 impium
1583 1941 1722 1968 hominem
1746 1940 1815 1967 adeo

191 1990 253 2010 esse
267 1983 415 2010 reveritum
432 1985 529 2012 salutis
546 1990 648 2012 nostra:
677 1989 821 2020 tropaeum,
840 1991 870 2013 ut.
896 1994 947 2013 nec
963 1993 1047 2014 ausus
1066 1986 1150 2014 fuerit
1170 1987 1204 2014 ab
1222 1987 1279 2022 ipsa
1297 1987 1386 2018 theca,
1398 1994 1452 2021 qua
1479 1986 1668 2021 operiebatur,
1685 1985 1814 2019 signacu-

192 2035 248 2054 m-m
265 2034 405 2061 amovere,
423 2033 451 2056 et
468 2029 544 2056 clave
562 2029 682 2064 aperire,
699 2034 728 2057 ut
740 2031 781 2057 vel
797 2030 864 2058 illud
885 2031 1050 2065 inspiceret;
1067 2031 1113 2057 sed
1130 2031 1230 2057 timore
1245 2031 1414 2065 perculsum,
1425 2030 1464 2057 uti
1487 2030 1513 2058 in
1530 2034 1708 2057 sacrosancto
1718 2028 1813 2063 templi

192 2071 252 2098 loco
266 2071 470 2103 asscrvabatur.
488 2072 584 2099 eodem
603 2073 684 2100 modo
696 2073 723 2100 iu
740 2073 879 2101 Persidem
892 2074 1014 2100 voluisse
1032 2075 1193 2105 transferre,
1211 2075 1295 2101 veluti
1312 2075 1424 2101 demum
1440 2075 1574 2102 intactum
1596 2073 1813 2108 Hierosolymam

191 2119 363 2149 reportatum
393 2116 446 2143 fuit
464 2124 471 2142 :
487 2116 561 2151 quod
571 2120 688 2144 testatus
701 2122 743 2144 est
755 2117 894 2144 Modestus
909 2117 1163 2153 Hierosolymorum
1177 2118 1345 2153 patriarcha,
1363 2119 1429 2145 item
1441 2125 1551 2153 quoque
1565 2117 1712 2144 universus
1724 2117 1818 2144 clerus

193 2159 323 2186 Ecclesia:
341 2158 606 2195 Hierosolymilante.
621 2160 715 2187 Tradit
730 2161 787 2188 hinc
804 2161 896 2188 omnia
910 2161 1010 2188 Suidas
1033 2162 1061 2188 in
1078 2162 1215 2189 Heraclio.
1230 2162 1316 2189 Porro
1331 2161 1460 2188 observat
1482 2161 1580 2188 Baron.
1603 2161 1676 2188 idem
1691 2160 1725 2187 ad
1747 2167 1814 2186 anu.

191 2205 254 2236 (ἓξὲξ,
271 2213 299 2232 n.
316 2205 341 2238 1,
359 2213 391 2232 ex
410 2213 465 2240 quo
481 2210 575 2232 sancta
592 2205 665 2233 Crux
676 2211 754 2240 capta
768 2215 783 2233 a
798 2206 886 2233 Persis
897 2207 959 2239 fuit,
971 2211 999 2233 et
1015 2206 1041 2232 in
1058 2206 1199 2233 Persidem
1214 2205 1441 2240 asportata,hauc
1457 2213 1506 2232 sua
1528 2205 1650 2240 potentia
1661 2225 1669 2237 ,
1686 2205 1740 2231 imo
1755 2205 1816 2239 ejus

191 2249 237 2282 qui
253 2249 280 2275 in
295 2257 327 2275 ca
343 2257 440 2283 passus
454 2253 496 2276 est
506 2249 608 2277 virtute
620 2270 627 2282 ,
641 2249 773 2276 Romanis
788 2251 882 2284 plures
902 2250 1077 2285 insignesque
1091 2251 1244 2278 contulisse
1259 2250 1406 2282 victorias;
1421 2257 1436 2277 e
1457 2254 1553 2276 contra
1570 2258 1635 2276 vero
1653 2250 1750 2276 Persas
1772 2257 1817 2274 rc-

191 2293 309 2327 portatis
325 2293 508 2328 plurimorum
522 2302 658 2321 annorum
673 2295 784 2329 tropznis
795 2295 942 2322 admodum
958 2295 1045 2323 elatos
1057 2293 1237 2327 depressisse,
1256 2299 1410 2324 eorumque
1427 2299 1520 2326 regem
1536 2291 1659 2318 Cosroeu
1675 2290 1816 2317 horrenda

191 2342 280 2364 morte
296 2337 438 2364 multasse.
455 2338 522 2364 ltcm
535 2338 567 2365 ad
584 2346 684 2365 annum
699 2338 760 2370 627,
774 2347 803 2366 n.
818 2340 864 2371 25,
880 2339 1008 2366 llcraelio
1024 2337 1186 2372 imperatori
1199 2335 1293 2363 crucis
1307 2335 1412 2362 virtute
1433 2335 1540 2368 datum,
1555 2339 1584 2361 ut
1599 2340 1677 2369 longe
1700 2334 1817 2368 praecla-

193 2381 252 2408 rius
263 2389 344 2415 qualn
356 2380 447 2415 quivis
464 2386 526 2409 ante
542 2382 728 2409 Romanorum
745 2383 895 2417 imperator
910 2384 947 2410 de.
971 2383 1077 2410 victore
1099 2381 1214 2412 Cosme,
1226 2380 1273 2414 qui
1288 2383 1316 2406 et
1344 2379 1416 2406 vinci
1438 2387 1518 2414 posse
1547 2387 1601 2405 non
1635 2378 1814 2409 credebatur,

190 2425 413 2459 triumphaverit,
429 2424 536 2452 iteratis
551 2425 713 2461 scilicetper
728 2433 815 2453 annos
826 2431 929 2461 septem
946 2426 1080 2457 victoriis,
1090 2432 1207 2460 quarum
1223 2431 1306 2451 causa
1317 2431 1367 2457 per
1377 2431 1464 2450 annos
1479 2423 1602 2458 singulos
1619 2422 1718 2457 singuli
1733 2427 1815 2450 erant

189 2468 241 2502 ipsi
264 2468 431 2496 decernendi
443 2469 585 2503 lriumphi.

227 2513 322 2540 Exstat
336 2513 363 2540 in
382 2513 480 2540 Chron.
494 2513 640 2540 Alra‘andr.
659 2522 721 2549 pag.
733 2515 794 2546 598,
811 2515 844 2541 ad
861 2523 963 2542 annum
979 2515 1012 2542 £8
1027 2514 1143 2542 llcraclii
1169 2513 1296 2548 imperat.
1315 2512 1418 2541 Christi
1433 2512 1495 2543 09.8,
1520 2511 1635 2546 cpistola
1651 2512 1735 2546 hujus
1761 2511 1816 2538 im-

189 2561 278 2592 perat.
291 2557 373 2584 missa
390 2556 658 2592 Constantinopolim
675 2558 709 2585 de
726 2567 794 2585 neco
807 2559 930 2591 Cosrois,
952 2563 979 2586 ct
1003 2565 1069 2593 pare
1090 2558 1157 2584 inita
1171 2565 1233 2584 cum
1258 2557 1343 2592 Syroe
1361 2558 1421 2592 ejus
1438 2557 1502 2586 ﬁlio.
1516 2563 1576 2590 quae
1605 2556 1674 2582 locta
1700 2559 1743 2582 est
1770 2555 1814 2582 die

189 2601 224 2628 15
238 2600 311 2633 Maii,
327 2601 353 2628 in
369 2609 451 2635 quem
468 2601 603 2628 inciderat
617 2601 715 2629 festum
730 2602 840 2629 Penlcc.
859 2603 897 2629 Eo
914 2611 986 2630 anno
1006 2602 1110 2630 Pasoha
1132 2606 1292 2628 occurrerat
1306 2601 1350 2628 dic
1364 2601 1396 2627 ‘27
1421 2601 1500 2627 Mart.
1521 2599 1693 2633 proindcque
1714 2599 1816 2626 Pente-

189 2648 282 2672 costes
298 2644 343 2671 die
358 2645 390 2671 15
404 2644 477 2671 Maii.
494 2645 560 2672 Eam
582 2653 692 2680 quoquc
708 2646 795 2672 refert
811 2647 920 2681 Pagius,
937 2650 1004 2673 tom.
1020 2646 1052 2678 ll,
1077 2646 1139 2673 crit.
1155 2645 1253 2672 Amial.
1272 2645 1371 2672 Baro".
1387 2645 1421 2671 ad
1449 2651 1551 2671 annum
1568 2643 1630 2675 627,
1646 2651 1722 2670 num.
1738 2643 1771 2668 l2
1786 2648 1814 2668 ct.

188 2696 266 2723 seqq.
282 2688 328 2716 Sic
341 2688 437 2722 incipit
451 2697 457 2715 ε
476 2688 579 2715 Decimo
588 2693 678 2715 octavo
694 2697 763 2715 anno
775 2690 877 2724 imperii
890 2690 1015 2719 Ilcraclii.
1034 2694 1089 2724 post
1100 2689 1276 2719 consulatum.
1293 2689 1325 2715 17
1338 2693 1404 2720 etei,
1417 2689 1448 2715 1ἲὶ
1462 2687 1527 2714 Maii
1545 2688 1639 2714 "tensis
1655 2687 1707 2719 die,
1725 2687 1775 2721 far.
1788 2687 1815 2720 1,

189 2734 247 2766 ipso
261 2731 423 2759 Pentecostes
443 2732 517 2766 festo,
534 2732 606 2760 lecta:
617 2737 678 2759 sunt
696 2740 727 2759 ca:
741 2733 851 2759 amboue
867 2734 892 2760 in
910 2734 1077 2761 sanctissima
1095 2734 1192 2769 Magna
1210 2733 1317 2760 ecclesia
1337 2734 1431 2760 littera:
1445 2734 1530 2759 inissa:
1545 2741 1576 2759 ex
1588 2732 1694 2759 Oriente
1711 2732 1742 2758 ab
1764 2731 1814 2759 Hc-

189 2776 273 2803 raclio
287 2777 403 2811 piissimo
418 2777 577 2812 imperatore
591 2782 688 2809 nostra,
704 2785 762 2812 qutc
777 2777 880 2805 Cosroae
894 2787 994 2809 casum,
1008 2782 1030 2804 ct
1047 2779 1276 2813 inangurationem
1291 2777 1380 2812 δεμ-(ιιι-
1397 2776 1540 2803 Persarum
1558 2777 1626 2811 regis
1642 2776 1813 2807 nuntiabant,

190 2820 258 2846 hisce
267 2821 348 2849 verbis
365 2827 505 2857 conceptae.
521 2831 530 2847 ε
548 2822 687 2849 Exsultate
703 2822 766 2854 Deo,
784 2819 868 2849 oinnis
885 2827 967 2855 terra,
985 2832 993 2848 ι
1008 2827 1060 2849 etc.
1081 2831 1089 2845 ί
1108 2822 1240 2848 La'leutur
1251 2820 1307 2847 σαἸί
1320 2825 1344 2847 et
1357 2819 1465 2847 exsultet
1481 2825 1563 2851 terra,
1576 2825 1599 2846 et
1610 2821 1699 2846 omnia
1716 2828 1776 2854 qua:
1787 2820 1815 2846 in

190 2862 227 2887 eis
243 2869 314 2890 sunt.
325 2873 334 2889 ι
350 2865 384 2891 Et
397 2873 485 2892 omnes
499 2865 643 2892 Christiani
657 2866 795 2893 laudantes
811 2870 836 2892 et
850 2866 1026 2893 bcncdircntrs
1039 2866 1138 2901 gratias
1157 2873 1267 2899 agamus
1279 2864 1328 2891 soli
1345 2864 1408 2895 Deo.
1427 2869 1480 2891 etc.
1501 2875 1509 2889 ‹
1522 2863 1619 2891 Cecidit
1635 2864 1704 2890 enim
1719 2871 1816 2898 supcr-

195 2906 240 2931 bus
249 2906 418 2940 ripa-duellis
432 2908 479 2936 Dci
496 2908 615 2936 Casroes.
643 2909 750 2944 Cecidit,
767 2915 789 2937 ct
811 2911 994 2946 pra‘cip-itatus
1013 2915 1048 2938 cst
1069 2910 1102 2936 ad
1121 2910 1228 2944 infvros,
1248 2914 1271 2936 et
1288 2908 1371 2936 a'clcta
1391 2913 1427 2935 est
1440 2908 1470 2935 dc
1491 2913 1560 2935 terra
1583 2906 1710 2935 memoria
1744 2907 1816 2941 ejus.
