1952 3066
108 166 178 198 3925
834 171 879 202 ΝΟ

969 172 1003 203 Α.
1665 174 1735 205 3226

110 223 294 258 Superbnsille
312 228 336 250 et
349 223 457 258 loquens
470 225 637 260 iniquitatem
649 227 676 253 in
690 227 814 262 superbia
824 233 849 254 et
862 233 1014 264 contemptu
1027 229 1152 256 adversus
1170 228 1201 255 D.
1221 228 1254 256 N.
1273 227 1300 256 J.
1318 227 1347 255 (ἴ.
1373 232 1465 256 verum
1482 229 1574 262 Deum,
1589 233 1614 256 et
1625 230 1732 258 inteme-

109 271 197 293 ratum
214 268 271 302 ejus
283 272 395 294 matrem
409 267 571 296 benedictum
581 270 723 296 Dominam
741 274 862 297 nostram
876 271 923 298 Dei
939 273 1096 301 Genitricem
1115 281 1268 308 semperque
1288 272 1422 307 Virginem
1439 273 1564 301 Mariam.
1585 274 1669 302 Periit
1686 276 1732 302 inr-

110 311 168 344 pius
181 319 238 336 cum
256 311 353 338 sonitu.
370 311 516 341 Conversus
533 319 571 341 est
584 314 659 341 labor
674 315 729 349 ejus
741 315 766 341 in
779 319 857 350 caput
874 315 942 350 ejus,
961 320 986 342 et
999 317 1026 342 in
1042 317 1163 343 verticem
1177 317 1308 351 iniquitas
1323 318 1382 352 ejus
1398 317 1539 344 descendit.
1555 317 1624 344 Nam
1643 318 1677 345 24
1689 318 1735 345 Fe-

108 354 199 381 bruar.
215 354 341 389 prwteriti
359 357 466 388 mensis,
483 358 569 390 prima
581 357 731 389 indictione,
749 358 876 384 seditione
889 359 915 385 in
929 368 988 386 eum
1013 364 1083 386 mota
1099 360 1131 386 ab
1144 361 1226 395 ipsius
1241 359 1297 392 ﬁlio
1315 360 1487 395 primogenita
1499 359 1592 396 Syroe,
1609 361 1724 396 quemad

108 399 214 424 modum
229 398 256 424 in
271 398 326 424 alia
338 399 459 434 jussione
469 400 507 434 (id
519 405 561 427 est
571 401 711 435 cpistola),
727 402 797 428 vobis
813 403 991 435 exposuimus,
1009 403 1157 430 Persarum
1171 403 1292 430 omnibus
1306 404 1456 438 proceribus
1473 412 1503 430 ac
1523 405 1645 430 universo
1659 412 1720 431 επεν
1730 419 1736 424 -

108 441 171 472 citu,
185 442 317 476 copiisque
333 450 365 469 ea:
381 443 462 470 variis
478 444 626 478 regionibus
641 445 787 476 conductis,
808 445 839 472 ab
854 446 1013 472 easecraudo
1026 446 1120 473 Cosroe
1132 449 1166 473 ad
1180 451 1271 482 partes
1295 446 1400 481 Sgrow,
1412 455 1471 473 cum
1487 447 1664 482 Gurdanaspa
1673 447 1737 474 Per—

107 486 154 511 sici
167 486 294 513 exercitus
309 487 382 521 prius
396 488 460 514 duce
486 489 694 517 transeuntibus.
705 490 774 516 idem
786 489 839 516 Deo
853 490 951 516 invisus
966 490 1086 522 Cosroes,
1106 491 1169 517 dum
1182 491 1272 525 fugam
1289 491 1442 522 meditatur,
1467 494 1569 526 captus,
1586 492 1738 526 vinctusque

107 529 136 555 in
151 537 246 556 novum
266 530 417 562 castellum,
437 531 469 557 ab
483 532 594 566 ipsemet
611 533 645 558 ad
657 533 836 559 recondendus
854 534 1052 568 servandasque
1062 534 1093 560 ub
1107 542 1135 560 eo
1151 533 1275 560 collectas
1290 535 1414 569 pecunias
1428 539 1587 561 exstructum
1605 535 1737 570 conjectus
1750 535 1755 538 ”

108 577 154 599 est.
170 572 296 600 Vicesima
313 575 405 608 quinta
422 579 511 601 autem
530 576 650 610 ejusdem
674 577 770 602 nunsis
785 576 912 603 Februar.
929 576 1011 612 Sgroe
1024 582 1161 609 coronato,
1173 583 1198 604 et
1210 586 1269 613 rege
1297 578 1440 604 Persarum
1462 579 1632 613 inaugurato,
1653 587 1684 605 ac
1703 578 1738 606 28

109 615 225 650 ejusdem
236 618 332 644 mensis
344 626 403 645 cum
417 618 470 644 Deo
485 627 578 645 exosus
591 620 701 646 Cosroes
713 624 839 654 quartum
848 621 908 655 jam
921 621 988 648 diem
1008 622 1035 648 in
1053 622 1175 654 vinculis,
1195 622 1313 648 omnibus
1334 622 1502 648 excruciatus
1519 620 1661 654 doloribus,
1676 630 1737 649 exc-

109 659 197 694 gisset,
214 661 350 695 ingratam
366 661 454 694 illum,
466 667 490 688 et
503 662 667 696 perduellem
683 663 741 694 Dei,
756 664 950 698 superbumque
966 673 997 691 ac
1013 665 1195 700 blasphemum
1213 665 1327 693 Cosroen
1351 665 1520 692 acerbissimo
1536 666 1627 692 mortis
1645 673 1737 700 genere

109 701 203 737 Sgroes
217 703 336 736 sustulit,
352 706 390 731 uti
402 706 478 732 sciret
493 705 586 732 Jesum
601 714 631 732 ea:
644 707 733 733 Maria
746 712 850 738 natum,
866 711 891 733 et
902 716 917 733 a
930 707 1031 735 Iudicis
1050 709 1218 743 cruciﬁxum,
1234 709 1456 744 quemadmodum
1476 709 1532 743 ipse
1546 710 1698 744 scripserat,
1714 713 1737 736 et

109 755 187 782 quem
201 749 322 775 conviciis
333 749 697 783 incesserat,omnipotentem
711 759 765 777 csse
774 750 967 785 Deum,illique
980 753 1130 785 retribuere,
1141 757 1218 788 prout
1233 761 1248 779 a
1262 754 1334 779 nobis
1346 754 1396 788 ipsi
1411 754 1567 788 rescriptum
1581 753 1737 787 fuerat,ct('.

109 790 143 818 In
156 790 211 817 alia
230 795 319 818 autem
330 801 345 819 a
358 793 430 819 nobis
451 793 513 820 datu
526 794 597 820 vobis
609 794 740 828 jussione,
755 802 786 820 ea:
803 795 898 821 castris
907 795 1005 821 nostris
1024 796 1058 822 ad
1071 795 1203 827 Cumaea,
1230 804 1289 831 qua:
1313 796 1480 822 continebant
1500 800 1560 822 acta
1585 805 1600 823 a
1618 797 1649 823 17
1665 795 1740 824 Octo-

111 835 175 867 bris,
190 844 271 871 usque
284 838 318 863 ad
331 837 364 864 15
374 837 476 869 Martii,
489 837 696 873 signiﬁcavimus
709 859 716 870 ,
732 847 782 873 quo
796 843 873 874 pacto
885 839 964 870 Deus,
981 843 1005 865 et
1026 839 1138 867 Domina
1154 843 1244 866 nostra
1258 839 1387 874 Deipara,
1401 839 1486 870 nobis.
1508 839 1661 876 Christoque
1675 840 1736 868 dilev

110 880 159 906 etis
170 880 250 914 copiis
264 881 360 907 nostris
378 882 548 914 succurrerit,
563 886 587 908 et
601 883 730 917 quomodo
740 883 767 909 in
783 883 839 917 ipso
850 887 986 917 conspectu
1001 887 1091 909 nostro
1107 883 1161 910 Deo
1176 891 1268 911 exosus
1281 902 1289 915 ,
1300 887 1325 910 et
1337 891 1350 909 e
1369 883 1470 909 tumulo
1486 884 1652 918 refodiendus
1664 884 1739 919 (sive

111 932 126 952 e
142 925 317 960 sterquilinio
331 926 457 958 cli'ossus,
470 930 501 953 ut
512 926 594 955 habet
611 927 721 962 Pagius)
741 926 851 954 Cosroes
865 935 881 953 α
896 926 1135 961 Dastagerchosate
1151 926 1186 953 ad
1202 925 1396 962 Ctesiphontem
1409 935 1492 962 usque
1505 927 1598 962 fugam
1611 928 1741 962 capessie-

112 969 156 999 rit,
169 977 270 1004 suaque
295 969 399 1004 palatia
414 971 533 1003 amiserit
548 979 607 997 cum
621 971 696 1006 regni
709 971 807 998 Persici
821 971 971 1006 provinciis,
991 977 1022 995 ac
1038 969 1150 1003 denique
1167 969 1215 995 hac
1231 969 1335 995 ratione
1347 976 1508 995 commovere
1524 969 1648 995 adversus
1663 968 1740 996 illum

110 1012 265 1040 seditionem
273 1013 368 1049 Sgroes
382 1015 507 1049 potuerit.
519 1014 583 1041 Post
592 1005 719 1049 scriptam
729 1023 790 1042 vero
803 1015 871 1042 hanc
884 1018 1002 1041 nostram
1011 1013 1170 1048 jussionem,
1182 1005 1292 1047 eamque
1302 1013 1411 1039 missam
1424 1012 1455 1039 l5
1464 1012 1505 1039 die
1517 1013 1653 1047 prasentis
1668 1021 1742 1040 men-

111 1057 146 1082 sis
159 1056 260 1088 Martii,
275 1057 337 1083 dum
352 1065 411 1092 qua:
426 1056 542 1085 Cosroen
557 1058 627 1084 inter
641 1064 666 1084 et
683 1057 784 1093 Sgroen
802 1058 966 1093 postmodum
984 1056 1140 1090 contigerint
1156 1055 1297 1090 explorare
1320 1056 1479 1091 satagimus,
1505 1056 1591 1083 missis
1611 1057 1639 1083 in
1663 1057 1740 1084 varia

114 1100 182 1132 loca,
197 1105 277 1136 atque
291 1101 326 1127 ad
336 1101 474 1134 Siarsura,
488 1110 599 1136 parvum
609 1101 708 1134 Zabas,
722 1101 834 1128 Chalcas
844 1107 868 1128 et
879 1101 995 1132 Jesdem,
1015 1105 1129 1134 utraque
1156 1100 1208 1129 via.
1225 1103 1281 1126 tum
1297 1107 1328 1126 ex
1349 1099 1503 1134 felicissimis
1517 1101 1611 1126 castris
1634 1100 1741 1134 nostris,

100 1148 170 1170 -tum
181 1152 211 1170 ex
231 1143 372 1171 Saracenis
385 1145 429 1179 pio
445 1149 534 1171 nostra
552 1145 662 1180 imperio
677 1145 812 1180 subjectis,
832 1149 861 1171 ut
883 1143 1105 1180 quemadmodum
1127 1143 1234 1178 prtefati
1256 1151 1358 1175 sumus,
1377 1148 1462 1170 motus
1478 1143 1522 1178 qui
1537 1143 1572 1169 ibi
1587 1147 1658 1175 sunt,
1672 1147 1742 1170 certo

114 1188 280 1218 resciremus,
298 1187 466 1214 adduxerunt
483 1188 518 1214 ad
534 1197 580 1214 nos
597 1189 757 1215 excubitores
773 1189 799 1215 in
814 1192 903 1215 castra
919 1188 953 1214 ad
969 1187 1092 1214 Canzaca
1116 1188 1226 1214 Persam
1247 1196 1341 1219 unum,
1362 1192 1386 1214 et
1404 1187 1519 1214 alterum
1545 1187 1709 1220 Armenium,
1724 1195 1743 1214 tt

114 1231 208 1266 quibus
219 1235 341 1265 porrecta
356 1232 427 1258 nobis
443 1236 480 1258 est
496 1231 607 1266 epistola
623 1241 638 1258 τι
653 1232 767 1265 quodam
787 1232 933 1259 Persarum
947 1233 1089 1259 sécretario
1104 1233 1145 1258 cui
1157 1240 1251 1258 nomen
1263 1236 1300 1258 est
1316 1231 1416 1259 Cosdae
1433 1237 1458 1257 et
1479 1231 1694 1262 Axiamaranan.
1708 1232 1744 1259 ad

115 1283 162 1301 nos
173 1275 282 1309 scripta,
292 1283 344 1309 qua
355 1276 463 1302 missum
476 1282 504 1301 se
517 1274 712 1309 signiﬁcabata
726 1275 809 1310 Syros
833 1276 861 1302 in
884 1275 1030 1302 Persarum
1053 1283 1139 1310 regem
1166 1275 1341 1310 proclamato,
1372 1284 1430 1302 cum
1456 1275 1516 1302 aliis
1540 1276 1699 1311 proceribus,
1720 1282 1744 1303 et

114 1318 198 1352 ipsius
221 1318 310 1353 Syrois
338 1319 372 1345 ad
396 1327 442 1345 nos
470 1319 563 1345 litteris
586 1327 723 1354 :cumque
750 1320 784 1346 ad
807 1319 909 1346 Arman
921 1319 1088 1354 pervenisset,
1102 1319 1186 1345 visum
1200 1319 1248 1345 sibi
1259 1327 1313 1345 esse
1326 1323 1354 1345 ut
1382 1319 1446 1346 duas
1475 1320 1538 1346 istos
1560 1321 1628 1346 viros
1641 1320 1675 1346 ad
1695 1328 1743 1347 nos

118 1363 242 1394 mitteret,
256 1370 307 1396 quo
333 1363 446 1389 vicissim
475 1371 553 1396 seque
578 1371 609 1389 ac
638 1364 722 1390 socios
740 1367 808 1389 tutos
822 1362 1016 1398 incolumesque
1043 1363 1211 1394 deducerent,
1240 1371 1255 1389 a
1287 1363 1360 1389 nobis
1396 1363 1572 1389 mitterentur.
1601 1363 1634 1390 Ut
1657 1369 1745 1390 autem

115 1405 193 1432 illum
217 1406 266 1432 sibi
290 1406 381 1432 timere
405 1406 592 1439 intelleximus,
622 1414 653 1433 ea:
677 1415 707 1433 eo
732 1407 802 1441 quod
830 1407 856 1433 in
884 1406 977 1433 itinere
1008 1405 1093 1432 multa
1114 1405 1255 1432 Persarum
1272 1406 1416 1438 cadavera,
1434 1414 1516 1441 eaque
1528 1415 1609 1442 usque
1627 1407 1661 1434 ad
1689 1408 1742 1434 tria

116 1449 223 1476 circiter
252 1449 337 1476 millia
362 1458 378 1476 a
402 1449 559 1484 felicissimis
584 1451 664 1485 copiis
692 1451 789 1477 nostris
813 1450 1013 1484 interfectorum
1041 1457 1130 1476 versus
1149 1449 1259 1476 Narbau
1289 1449 1396 1482 videret,
1422 1449 1519 1484 absque
1543 1451 1744 1478 conductoribus

117 1502 163 1520 nos
178 1494 314 1520 convenire
326 1497 477 1521 vereretur:
488 1494 523 1521 25
537 1494 654 1528 ejusdem
669 1494 750 1520 Mart.
764 1495 859 1520 mensis
870 1494 904 1520 ad
915 1493 975 1520 illos
988 1495 1109 1521 misimus
1123 1493 1343 1529 gloriosissimum
1360 1495 1518 1529 magistrum
1529 1495 1642 1521 militum
1655 1495 1745 1522 Etiam

116 1542 287 1572 cognomento
298 1537 425 1568 Barsoca,
444 1541 468 1563 et
481 1537 772 1571 magniﬁcentissimum
791 1537 950 1564 Theodotum
968 1538 1159 1574 Drunqarium,
1179 1546 1238 1564 cunt
1255 1537 1356 1564 delecta
1368 1538 1518 1572 juventute,
1531 1546 1562 1564 ac
1574 1539 1665 1573 viginti
1674 1540 1747 1574 equis

117 1583 259 1609 dextrariis
276 1581 343 1609 sella
361 1582 505 1611 instructis,
523 1582 568 1616 qui
594 1582 648 1608 illis
667 1586 844 1613 occurrerent.
861 1590 954 1612 easque
979 1582 1013 1609 ad
1031 1591 1077 1609 nos
1094 1582 1262 1614 deducerent,
1279 1586 1333 1608 etc.
1356 1582 1388 1609 Ut
1402 1590 1462 1608 vero
1482 1582 1546 1608 duos
1566 1581 1627 1608 illos
1644 1583 1713 1608 viros
1731 1591 1746 1608 a

120 1626 202 1661 Syros
217 1626 360 1652 Persarum
376 1633 436 1660 rege
444 1626 542 1652 missos
560 1626 704 1659 recepimus
715 1645 722 1656 ,
737 1625 851 1652 alterum
865 1634 897 1652 ex
909 1626 951 1655 iis,
970 1626 1080 1652 Persam
1092 1625 1201 1656 scilicet,
1216 1634 1269 1652 una
1279 1634 1337 1652 cum
1355 1625 1415 1652 aliis
1431 1625 1465 1652 ad
1482 1625 1665 1652 Barismauent
1677 1625 1748 1652 Can-

119 1677 244 1695 zacorum
261 1669 461 1703 tplwpnsilum)
475 1669 519 1702 qui
533 1677 548 1694 a
560 1668 741 1703 quadraginta
754 1667 912 1695 milliaribus
927 1669 1029 1700 aberat,
1043 1674 1067 1695 et
1080 1670 1107 1695 in
1121 1670 1252 1695 mtmitum
1265 1668 1405 1695 castellum
1420 1677 1447 1695 se
1461 1668 1606 1696 recluserat
1616 1669 1748 1701 misimus,

120 1713 189 1739 datis
206 1713 240 1740 ad
252 1712 328 1739 illum
344 1713 449 1743 litteris,
466 1713 557 1746 quibus
575 1712 765 1743 mundabatur,
785 1713 824 1739 uti
841 1704 920 1748 equos
938 1717 1037 1748 septem
1052 1720 1099 1747 pro
1118 1711 1211 1747 legatis
1226 1717 1346 1746 pararet,
1364 1720 1416 1746 quo
1433 1713 1552 1747 expedite
1572 1721 1603 1739 ac
1614 1714 1670 1740 sine
1691 1712 1749 1740 ullo

120 1757 307 1790 impedimento
330 1756 365 1782 ad
379 1756 479 1791 Sgroen
494 1764 578 1790 regem
595 1760 701 1790 possent
723 1756 863 1791 proﬁcisci.
878 1756 1053 1783 Barismanas
1080 1764 1176 1782 vero...
1194 1759 1218 1782 et
1235 1756 1279 1790 qui
1297 1759 1352 1782 tum
1369 1764 1428 1782 cum
1446 1755 1492 1782 illo
1506 1757 1628 1788 aderant,
1653 1765 1709 1789 nos,
1724 1761 1748 1782 et

122 1799 223 1835 Sgroen
243 1799 387 1826 Persarum
404 1808 500 1834 regem,
515 1808 561 1834 per
579 1799 677 1826 multas
690 1800 780 1831 horas,
799 1801 894 1834 faustis
910 1801 1146 1827 acclamationibus
1163 1800 1335 1835 laudibusque
1348 1802 1478 1835 prosecuti
1504 1805 1575 1828 sunt.
1604 1801 1625 1828 A
1651 1801 1749 1836 Legato

123 1844 219 1878 quippe
231 1843 277 1869 illo
292 1843 383 1874 Persa,
396 1842 558 1878 perduellem
573 1843 621 1870 Dei
635 1843 751 1870 Cosroen
768 1844 887 1878 periisse,
900 1850 1038 1878 regemque
1052 1841 1153 1876 Sgroen
1168 1841 1365 1877 proclamatum
1382 1843 1506 1869 certiores
1520 1847 1597 1869 erant
1610 1843 1683 1878 facti.
1700 1843 1750 1870 Re-

122 1887 227 1922 scripsit
244 1886 337 1913 dcinde
349 1887 421 1913 nobis
438 1886 508 1913 idem
525 1886 710 1919 Barismanas,
734 1895 812 1922 equos
825 1895 863 1919 se,
879 1887 945 1913 sicut
959 1896 974 1913 a
991 1886 1063 1913 nobis
1081 1886 1237 1912 mandatum
1261 1886 1358 1920 fuerat,
1379 1886 1551 1918 instrimisse,
1567 1891 1664 1913 etcum
1681 1886 1749 1914 alte-

125 1938 185 1957 ram
198 1934 316 1957 nostram
323 1930 472 1965 jussionem
490 1931 629 1965 acceperit,
645 1939 697 1965 qua
710 1930 859 1965 legatorum
873 1930 1000 1957 adventus
1009 1930 1056 1956 sibi
1070 1929 1314 1965 signiﬁcaretur,se
1328 1937 1407 1964 quam
1424 1930 1539 1964 primum
1553 1930 1587 1956 ad
1602 1938 1649 1957 nos
1664 1938 1750 1957 acces~

123 1983 227 2006 surum,
248 1975 372 2009 equisque
395 1974 531 2008 confectio:
557 1974 688 2005 adductis,
709 1975 792 2008 ofﬁcia
809 1983 858 2000 sua
871 1975 1029 2009 servitiaque
1055 1974 1145 2000 omnia
1170 1974 1363 2008 prwstitttrunt.
1380 1972 1447 1999 Cum
1466 1973 1548 2008 igitur
1564 1973 1590 1999 in
1608 1973 1701 2000 iisdem
1717 1974 1752 2000 ad

126 2017 250 2045 Canzaca
267 2018 358 2051 positis
367 2018 460 2044 castris
476 2025 590 2043 essemus
604 2018 701 2043 morati
718 2025 799 2051 usque
818 2017 851 2043 ad
866 2017 882 2043 5
898 2020 994 2044 mensis
1007 2017 1108 2052 Aprilis
1131 2017 1209 2049 diem,
1225 2017 1269 2051 qui
1288 2017 1316 2043 in
1336 2015 1501 2042 Dominicam
1521 2016 1624 2048 incidit,
1647 2017 1751 2043 advenit

127 2062 256 2089 Phaiacus
272 2061 326 2096 regi
341 2070 357 2088 α
371 2062 487 2094 secretis,
504 2061 549 2096 qui
564 2066 587 2087 et
600 2061 710 2087 Rhurna
725 2061 879 2092 uocabatur,
897 2062 966 2088 circa
978 2061 1072 2088 horam
1088 2061 1243 2091 secundum,
1263 2060 1435 2093 eamdemque
1448 2060 1497 2086 hac
1510 2061 1568 2093 ipsa
1589 2061 1653 2086 hora
1676 2069 1752 2087 exce-

126 2107 223 2141 pimus,
244 2105 336 2132 litteris
350 2114 366 2132 a
380 2105 480 2133 Cabata
502 2105 584 2140 Sgroe
599 2105 801 2132 clementissimo
822 2105 966 2132 Persarum
991 2113 1060 2140 rege,
1076 2112 1135 2139 qua:
1152 2105 1208 2139 ejus
1231 2104 1469 2138 inaugurationem
1494 2103 1674 2136 continebant,
1695 2105 1753 2138 qui-

128 2153 227 2186 busque
238 2151 382 2184 nobiscum,
399 2155 423 2178 ct
443 2160 502 2178 cum
513 2152 602 2186 quovis
617 2152 764 2182 hominum,
777 2159 868 2185 pacem
885 2149 981 2177 habere
994 2149 1061 2176 velle
1078 2148 1258 2184 signiﬁcabat,
1269 2148 1300 2174 ab
1316 2147 1362 2174 illo
1373 2148 1494 2182 acceptis.
1508 2148 1595 2175 Visum
1610 2156 1671 2182 ergo
1680 2148 1753 2175 nobis

126 2199 165 2223 est
176 2195 370 2222 clementissimi
387 2194 494 2221 Cabatae
508 2195 596 2230 Sgrois
616 2194 768 2222 litterarum
786 2194 924 2229 exemplar
940 2193 1000 2218 huic
1015 2196 1112 2219 nOstra:
1127 2191 1162 2218 ad
1173 2199 1217 2218 vos
1237 2191 1347 2222 iussioni
1362 2191 1532 2226 subjungere,
1543 2195 1572 2217 ut
1592 2195 1616 2217 et
1636 2192 1700 2226 quid
1718 2192 1754 2218 ad

127 2240 190 2266 illas
208 2239 301 2267 deinde
315 2239 538 2273 rescripserimus.
554 2239 700 2266 Mausimus
716 2247 776 2265 vero
790 2238 878 2265 codem
894 2239 921 2264 in
937 2238 991 2265 loco
1005 2242 1153 2264 castrorum
1167 2235 1295 2263 Canzacis
1313 2236 1456 2262 vicinorum
1471 2243 1552 2270 usque
1569 2236 1603 2262 ad
1614 2236 1753 2271 septimum

127 2283 237 2318 Aprilis,
250 2283 297 2310 hoc
308 2287 343 2309 est
353 2283 387 2309 27
396 2283 461 2309 dies.
479 2282 575 2310 Octavo
593 2287 681 2310 autem
695 2283 812 2317 ejusdem
833 2283 928 2309 mensis
943 2282 1062 2308 eumdem
1087 2280 1233 2306 Phaiacum
1247 2288 1263 2305 a
1284 2279 1400 2308 secretis,
1418 2278 1556 2305 Rharnam
1578 2279 1754 2314 appellatum,

129 2326 281 2361 honoriﬁce,
297 2332 427 2362 quantum
442 2326 524 2358 licuit,
537 2332 682 2362 acceptum,
699 2331 727 2353 ut
744 2331 767 2353 et
793 2327 838 2361 qui
852 2335 912 2353 cum
929 2326 976 2353 illo
992 2330 1079 2357 erant,
1097 2324 1255 2355 dimisimus,
1272 2327 1327 2350 etc.
1345 2323 1429 2358 Atque
1450 2323 1488 2350 ita
1506 2323 1660 2357 confidimus
1675 2323 1706 2351 D.
1719 2323 1754 2350 N.

129 2370 221 2398 Jesam
240 2370 372 2398 Christum
391 2370 487 2397 bonum
503 2374 527 2396 et
540 2372 743 2405 omnipotentem
759 2371 854 2403 Deum,
875 2374 899 2397 et
916 2370 1058 2396 Domitiani
1091 2371 1210 2395 nostrum
1232 2366 1278 2392 Dei
1300 2366 1467 2398 Genitricem,
1485 2375 1525 2393 res
1546 2375 1635 2393 omnes
1651 2371 1755 2394 nostras

130 2415 274 2442 secundum
285 2423 376 2442 eorum
389 2415 555 2441 clementiam
572 2420 721 2442 curaturos.
738 2415 791 2443 Nos
807 2424 884 2450 parra
903 2413 1018 2449 ejusdem
1035 2412 1130 2438 mensis
1149 2411 1191 2437 die
1214 2410 1230 2437 8
1250 2410 1305 2436 Dea
1324 2411 1439 2444 auspice,
1455 2415 1545 2437 castra
1567 2411 1705 2443 movimus,
1727 2411 1756 2438 in

131 2458 285 2485 Armeniam
300 2459 350 2485 iter
363 2458 470 2493 facturi.
489 2458 534 2485 Vos
551 2463 639 2485 autem
654 2459 717 2485 bene
736 2459 830 2489 valete.
845 2459 1035 2492 continuusque
1051 2465 1081 2484 ac
1095 2456 1240 2490 indefessas
1260 2455 1393 2482 orationes
1412 2455 1447 2482 ad
1463 2455 1545 2482 Deum
1567 2454 1676 2489 fundite,
1693 2463 1754 2490 quo,

132 2503 197 2528 sicut
211 2506 390 2536 peroptamus,
406 2510 542 2537 vosquam
558 2502 673 2536 primum
691 2503 801 2528 revisere
824 2502 896 2528 nobis
918 2501 1061 2537 largiatur.
1080 2500 1150 2527 Huic
1167 2499 1284 2526 lleraclii
1315 2499 1438 2534 cpistola:
1470 2499 1598 2526 subditur
1613 2499 1640 2526 in
1658 2499 1756 2526 eodem

134 2544 230 2572 Chron.
242 2544 389 2571 Alexandr.
404 2553 465 2580 pag.
480 2545 542 2576 402,
559 2553 622 2579 pars
645 2545 769 2579 cpistola:
785 2546 878 2580 Syrois
892 2546 925 2572 ad
938 2545 1045 2572 lleracl.
1057 2544 1165 2571 Titulus
1173 2548 1215 2570 est.
1228 2552 1234 2570 :
1252 2543 1398 2578 Exemplar
1411 2543 1604 2570 commonitorii
1615 2552 1630 2569 a
1643 2543 1755 2575 Cabata,

133 2587 179 2623 qui
191 2591 216 2613 et
230 2586 324 2623 Sgroes
337 2588 422 2615 dictus
436 2592 484 2620 est,
497 2588 697 2615 clementissimo
712 2597 772 2624 rege
786 2589 941 2622 Persarum,
954 2589 1025 2616 missi
1042 2588 1076 2614 ad
1091 2587 1245 2614 Heracliam
1263 2587 1409 2622 piissimum
1424 2591 1448 2613 et
1459 2596 1474 2614 a
1491 2587 1546 2613 Deo
1558 2592 1690 2613 servatum
1707 2595 1756 2613 no—

133 2635 219 2658 strum
230 2632 426 2666 imperatorem.
443 2632 462 2658 Α
479 2631 580 2659 Cabata
591 2631 792 2664 ,Sadasadas’ac,
807 2633 930 2660 Heraclio
951 2631 1163 2662 clementissimo,
1181 2635 1205 2656 et
1218 2639 1234 2656 a
1252 2631 1305 2656 Deo
1331 2634 1434 2657 servato
1452 2631 1607 2665 imperatori
1623 2629 1757 2656 Romano-

135 2683 205 2706 rum,
220 2674 299 2709 fratri
310 2679 410 2707 nostro,
424 2674 569 2710 plurimam
585 2675 701 2709 gratiam
714 2676 891 2710 impertimur.
906 2675 1113 2703 Clementissimo
1127 2675 1282 2709 imperatori
1300 2674 1491 2705 Romanorum,
1510 2679 1534 2700 et
1558 2674 1637 2709 fratri
1657 2678 1756 2700 nostra.

134 2717 188 2745 l’v'os
199 2717 247 2745 Dei
256 2719 420 2754 providentia
431 2720 527 2755 absque
541 2720 595 2746 ullo
606 2720 696 2747 labore
709 2721 807 2756 insigni
819 2722 968 2747 diademate
976 2720 1079 2751 donati,
1091 2724 1197 2753 patrum
1207 2727 1237 2745 ac
1249 2719 1382 2753 majorum
1397 2722 1546 2745 nostrorum
1558 2718 1653 2745 solium
1665 2726 1755 2745 sumus

135 2764 277 2789 consecuti.
289 2763 323 2789 At
336 2772 394 2790 cum
404 2767 458 2791 tam
471 2764 583 2798 benefice
598 2765 629 2791 ab
643 2766 698 2800 ipso
714 2765 769 2792 Deo
782 2774 828 2792 nos
844 2765 963 2800 dignatas
977 2771 1161 2798 agnoscamus,
1176 2768 1204 2789 ut
1218 2762 1350 2789 illustrem
1361 2763 1426 2789 adeo
1441 2763 1564 2789 thronum
1579 2763 1756 2797 exceperimus

137 2814 169 2834 ac
182 2806 435 2839 dominationemvsi
446 2808 508 2843 quid
519 2811 583 2835 esset
598 2809 667 2843 quod
674 2809 784 2835 humani
797 2810 900 2844 generis
915 2808 1025 2836 utilitati
1037 2816 1068 2834 ac
1080 2807 1176 2833 solatio
1185 2807 1350 2838 conduceret,
1369 2810 1498 2842 quantum
1517 2807 1545 2832 in
1566 2806 1638 2833 nobis
1650 2805 1709 2841 fuit,
1732 2811 1757 2833 et

136 2854 214 2886 prout
230 2850 325 2882 decuit,
346 2851 373 2877 id
391 2852 516 2878 continuo
537 2851 595 2885 ﬁeri
621 2852 765 2879 liberaliter
783 2851 1155 2888 beneﬁeequcimperavinms.
1173 2850 1390 2886 Quandoquidem
1403 2850 1482 2885 igitur
1491 2849 1525 2876 ad
1545 2858 1677 2876 summam
1689 2851 1759 2877 hanc

136 2894 291 2930 dignitatem
306 2899 330 2921 ct
342 2895 480 2932 imperium
499 2903 544 2923 nos
560 2895 628 2923 Deus
641 2896 733 2931 erexit,
748 2895 774 2923 id
785 2897 903 2932 protinus
921 2897 946 2924 in
968 2896 1056 2923 animo
1076 2898 1205 2922 statutum
1219 2894 1286 2933 fuit,
1297 2898 1458 2930 utquotquot
1471 2894 1587 2922 homines
1600 2893 1756 2922 detineam-
