1952 3066
199 160 270 193 5227
657 164 856 194 ZAClIARLE
876 166 1128 195 PATRIARCIIE
1147 165 1349 195 lllEROSOL.
1759 162 1833 195 3228

200 223 244 246 tur
257 219 282 246 in
298 219 418 253 uinculis,
436 219 641 247 dimitterentur.
656 219 708 247 Sed
724 226 748 248 cl
762 222 784 248 si
799 223 861 256 quid
877 227 934 249 erat
950 223 1019 257 quod
1031 223 1156 250 humana:
1169 223 1326 250 conditionis
1343 230 1374 249 ac
1392 221 1498 256 hujusce
1510 221 1569 248 rite
1585 221 1694 248 utilitati
1705 230 1738 249 ac
1755 231 1828 250 com-

199 265 278 291 modo
292 264 407 298 fructum
421 264 536 299 afferret,
551 263 675 298 nobisque
689 269 807 292 statuere
823 265 921 298 liceret,
935 267 961 292 id
982 266 1042 300 ﬁeri
1066 276 1118 294 non
1139 268 1214 295 modo
1227 268 1408 303 prazcepimns,
1424 266 1469 292 sed
1490 269 1515 292 et
1531 267 1675 300 confectum
1694 272 1742 294 est.
1757 268 1829 301 Quin

199 309 279 335 etiam
287 307 358 335 nobis
373 308 546 335 deliberatum
557 312 595 335 est
610 317 641 336 ac
659 311 842 343 constitutum,
855 311 894 337 uti
904 311 1034 338 uobiscum
1057 311 1237 338 Romanorum
1251 311 1408 346 imperator,
1423 310 1508 344 frater
1530 315 1627 342 noster,
1642 319 1752 345 cumque
1772 311 1827 339 Ro-

199 360 281 378 mana
298 351 443 386 republica,
456 353 609 388 cwtcrisque
634 353 749 388 populis,
766 353 878 390 aliisque
897 354 995 389 regulis
1007 355 1051 390 qui
1073 355 1142 382 circa
1156 355 1297 389 imperium
1320 358 1438 380 nostrum
1455 354 1572 388 undique
1591 354 1720 386 habitant,
1735 364 1828 390 pacem

199 399 223 420 et
238 395 382 422 amicitiam
396 395 513 430 deinceps
525 395 653 424 colamus.
665 396 740 429 Quod
752 402 841 424 autem
857 398 1012 432 fraternitas
1036 402 1135 429 vestra,
1163 398 1346 425 Romanorum
1367 397 1513 432 imperator
1523 417 1530 429 ,
1546 397 1666 432 affectam
1690 406 1718 424 se
1729 400 1827 433 gauaio

198 438 275 470 dixit,
290 439 359 473 quod
374 446 420 465 nos
438 439 556 466 eumdem
569 440 692 466 thronum
704 441 951 469 obtinuerimus.....
967 442 1081 474 Caetera,
1104 441 1193 476 inquit
1214 441 1330 469 Carolus
1349 440 1390 468 Du
1404 439 1506 476 Gange,
1527 448 1582 475 pm
1597 445 1733 468 vetustate
1751 441 1826 469 desi-

200 482 336 508 derantur
357 482 384 509 in
400 490 452 509 ms.
469 483 575 510 codice.
810 482 814 493 ’

233 526 319 553 Periit
331 526 423 561 itaque
438 527 566 559 Cosroes,
582 528 657 562 justo
671 528 718 555 Dei
734 528 850 563 judicio,
872 537 954 556 manu
977 530 1072 564 Syrois
1090 529 1137 557 filii
1159 529 1202 556 sui
1217 533 1283 556 natu
1302 529 1427 564 majoris,
1442 536 1516 556 anno
1530 527 1634 556 Christi
1655 529 1717 561 628,
1732 529 1777 556 die
1791 528 1827 556 28

199 569 334 596 Februar.
355 570 423 597 Cum
444 571 519 597 enim
535 571 667 598 Seleucia.-
683 572 710 598 in
727 572 890 607 dysenteria:
908 574 1032 599 morbum
1050 571 1202 602 incidisset,
1219 577 1330 604 operam
1349 570 1425 597 dedit
1437 573 1466 597 ut
1481 570 1533 597 sibi
1552 570 1828 598 succederetllledar-

198 621 241 640 ses
257 614 327 640 alter
347 613 419 641 [ilius
437 621 514 647 suns,
529 622 610 648 quem
628 623 660 641 ex
678 615 744 650 Syra
761 615 859 643 dilecta
886 617 1002 651 conjuge
1016 618 1188 648 susceperat.
1213 614 1292 647 Quod
1311 614 1358 640 ubi
1376 614 1512 648 comperit
1531 613 1643 649 Syroes,
1664 621 1726 642 cum
1752 616 1827 648 opti-

199 657 321 683 matibus
339 657 414 692 regni
433 658 499 692 egit,
516 663 546 685 ut
562 658 595 685 de
610 659 713 685 mundo
731 664 808 694 pater
822 660 975 687 tolleretur.
992 668 1057 687 usus
1072 659 1155 685 etiam
1176 657 1208 684 ad
1233 657 1285 684 hoc
1302 658 1489 684 Romanorum
1504 657 1615 684 auxilio.
1632 657 1748 684 Cosroes
1765 655 1827 692 qui-

198 702 260 727 dem
279 700 374 735 fugere
388 703 515 734 tentavit,
536 702 583 729 sed
600 706 697 737 captus
713 708 764 735 est,
785 704 873 730 valide
890 704 1009 734 vinetus,
1021 708 1048 729 et
1063 703 1163 729 missus
1183 701 1209 728 in
1221 701 1333 728 domum
1350 700 1538 732 tenebrarum,
1555 708 1637 735 quam
1657 708 1754 727 recens
1767 700 1827 734 ipse

196 744 228 770 .‘ld
249 745 439 772 recondendas
454 746 586 780 pecunias
599 751 785 774 exstruxerat.
806 747 898 774 Aiebat
915 748 1010 782 quippe
1029 745 1134 780 Syroxs,
1147 745 1236 779 inquit
1254 743 1379 778 Theoph.
1398 744 1501 778 pp.27l
1521 748 1549 770 et
1562 744 1624 776 272,
1635 749 1663 771 et
1678 743 1752 778 apud
1773 743 1826 769 Ba-

199 795 259 814 ron.
274 788 307 815 ad
328 796 429 815 annum
444 789 505 821 6'27,
522 798 550 816 n.
571 791 604 817 17
622 799 628 816 :
645 790 772 816 Comedat
785 799 880 817 aurum
900 791 968 825 quod
982 791 1114 817 incessitur
1124 788 1239 823 collegit,
1253 793 1359 823 propter
1373 787 1443 822 quod
1458 788 1538 814 etiam
1553 787 1648 814 multos
1661 788 1732 823 fame
1746 795 1826 814 neca-

198 831 243 860 uit.
259 831 439 865 mundumque
455 832 558 859 delevit.
574 833 645 860 illisit
660 834 769 868 insuper
788 838 913 868 satrapas
935 833 969 860 ad
992 841 1051 860 eum
1075 833 1181 868 injuriis
1202 832 1381 867 impetendum
1402 836 1426 858 et
1453 831 1669 866 conspuendum;
1685 831 1827 858 abductum

198 875 277 900 etiam
291 873 493 906 Mardazanem,
507 876 566 903 sive
582 876 738 908 Medarzen,
756 885 830 911 quem
846 885 972 903 coronare
988 877 1089 904 volebat
1108 877 1194 910 ﬁlium
1211 877 1267 911 ejus
1285 885 1374 903 coram
1391 877 1447 911 ipso
1466 875 1570 908 occidit,
1586 880 1610 902 et
1625 875 1739 909 reliquos
1755 875 1827 909 ﬁlios

196 916 252 950 ejus
269 917 297 944 in
312 923 449 952 conspectu
464 919 545 954 ipsius
561 928 573 946 e
584 920 668 947 medio
684 920 808 947 sustulit:
825 925 849 946 et
863 921 980 955 permisit
995 921 1112 947 erunibus
1126 921 1169 955 qui
1181 920 1280 946 inimici
1299 919 1355 954 ejus
1366 923 1460 951 essent,
1477 923 1506 945 ut
1519 919 1590 946 omni
1601 919 1765 953 injuriarum
1780 926 1828 953 ge-

198 968 260 987 nere
271 969 331 988 eum
349 963 490 996 officerent,
508 972 538 990 ac
550 964 697 991 verberibus
713 969 864 991 onerarent.
879 965 995 999 Denique
1010 972 1056 999 per
1067 964 1183 999 quinque
1198 964 1252 990 dies
1267 964 1314 990 hoc
1331 963 1411 997 facto,
1423 963 1502 998 jussit
1517 962 1611 997 Syroes
1624 963 1709 997 ipsum
1723 961 1830 996 sagittis

198 1004 311 1038 confodi,
328 1013 379 1039 quo
396 1006 422 1032 in
436 1007 564 1041 supplicio
575 1008 655 1033 vitam
670 1007 764 1040 ﬁnivit.
780 1007 825 1034 Sic
842 1008 945 1042 potitus
961 1015 1044 1042 regno
1059 1008 1168 1042 Syrocs.
1186 1015 1239 1034 non
1258 1006 1403 1033 immemor
1418 1006 1493 1040 pacis
1516 1013 1597 1040 quam
1622 1013 1683 1032 eum
1700 1004 1828 1032 Heraclio

200 1048 307 1079 inierat,
323 1049 463 1077 “mutulos
486 1058 582 1078 omnes
598 1051 723 1086 captivos
737 1051 866 1078 libertate
880 1052 1002 1084 donavit,
1020 1052 1091 1078 inter
1105 1059 1176 1086 quos
1196 1051 1248 1078 fuit
1271 1050 1418 1077 Zacharias
1436 1049 1601 1084 patriarcha,
1615 1047 1827 1083 quatuordecim

199 1093 255 1118 fere
273 1092 352 1120 annis
364 1101 396 1120 ex
415 1102 470 1128 quo
486 1094 513 1120 in
527 1095 671 1121 Persidem
701 1095 802 1122 ductus
825 1095 924 1127 fuerat,
941 1100 969 1122 et
990 1100 1196 1122 sacrosanctum
1210 1094 1300 1122 crucis
1325 1094 1429 1128 lignum
1448 1093 1580 1120 restituit.
1597 1092 1677 1119 Anno
1697 1099 1757 1125 seq.
1778 1090 1827 1125 qui

198 1135 316 1163 lleraelii
344 1137 468 1164 decimus
487 1146 577 1165 nonus
594 1143 663 1170 erat,
685 1139 787 1166 Christi
810 1139 870 1166 629.
892 1139 919 1166 Is
935 1139 1057 1166 recedens
1073 1137 1320 1172 Constantinopoli,
1336 1137 1426 1171 inquit
1438 1136 1633 1170 Theophanes,
1647 1143 1708 1170 pag.
1723 1134 1787 1165 275,
1800 1138 1829 1161 et

197 1180 270 1215 apud
296 1180 395 1207 liaron.
410 1181 443 1208 ad
464 1190 566 1209 annum
583 1183 643 1213 (328.
657 1191 686 1210 η.
702 1184 727 1210 1.
747 1184 808 1218 Ipso
820 1184 888 1210 veris
905 1184 980 1211 initio
1001 1183 1175 1218 proﬁciscitur
1192 1182 1416 1216 Hierosolymam,
1442 1181 1556 1215 pretiosa
1575 1188 1606 1206 ac
1625 1179 1727 1212 viviﬁca
1743 1178 1828 1204 crucis

198 1223 270 1258 ligna
286 1230 423 1259 reportans
442 1226 475 1252 ad
490 1227 640 1260 gratiarum
666 1227 782 1254 actiones
797 1227 952 1254 reddendas.
970 1226 1087 1262 Cumque
1108 1226 1270 1253 Tiberiadem
1286 1225 1405 1256 adiisset,
1424 1231 1579 1250 accusavere
1601 1222 1746 1250 Chris'iani
1776 1221 1830 1248 lle-

197 1268 295 1295 brazum
309 1269 448 1303 quemdam
463 1271 568 1296 nomine
583 1270 734 1305 Benjamin,
751 1273 827 1306 quasi
837 1272 886 1298 sibi
899 1271 970 1298 mala
987 1271 1127 1306 facientem
1141 1278 1151 1296 :
1169 1274 1225 1296 erat
1241 1269 1309 1296 enim
1330 1268 1473 1296 admodum
1486 1267 1639 1302 opulentus,
1653 1267 1697 1302 qui
1705 1272 1828 1300 suscepe-

196 1316 239 1338 rat
254 1312 441 1347 imperatorem
453 1317 477 1340 at
493 1314 635 1341 exercitum
648 1315 715 1349 ejus.
731 1315 763 1342 In
776 1324 835 1341 eum
849 1320 991 1342 coturnatas
1003 1317 1148 1350 imperator
1163 1315 1200 1341 ait
1212 1323 1220 1341 :
1233 1314 1285 1341 Cur
1297 1313 1421 1340 molestus
1435 1321 1461 1339 es
1474 1312 1634 1339 Christianis
1647 1317 1671 1337 et
1682 1310 1830 1344 ﬁdeiC/tri—

196 1356 292 1383 stianaz
304 1365 384 1391 quam
398 1357 454 1384 colo
465 1358 476 1383 ?
486 1359 659 1393 eamdemque
673 1359 837 1385 admonitum
850 1364 878 1385 nt
889 1360 1018 1392 crederet,
1030 1359 1214 1393 redditumque
1227 1358 1417 1390 Christianum,
1435 1357 1462 1384 in
1478 1357 1555 1383 domo
1569 1355 1707 1382 Eustachii
1722 1354 1830 1390 Neapo-

197 1399 287 1428 litani.
308 1401 345 1426 ita
364 1409 433 1426 nunc
444 1400 569 1428 Samaria
591 1402 644 1435 (vel
658 1402 749 1435 potius
764 1401 877 1435 Sichem)
899 1403 1004 1434 dicitur,
1022 1403 1153 1436 baptizari
1165 1401 1261 1433 voluit;
1279 1401 1349 1436 apud
1360 1409 1420 1427 eum
1441 1401 1510 1427 enim
1528 1401 1672 1434 imperator
1687 1404 1724 1426 est
1737 1399 1828 1433 hospi-

196 1449 279 1470 tatus.
292 1444 429 1478 Ingressus
444 1445 538 1471 deinde
548 1446 692 1479 imperator
721 1445 942 1480 Hierosolymam,
955 1446 1074 1473 restituto
1084 1448 1144 1480 jam
1160 1446 1292 1473 Zacharia
1305 1445 1438 1480 pontiﬁce,
1455 1444 1612 1471 ueneranda:
1627 1444 1710 1470 crucis
1725 1443 1829 1476 viviﬁca

197 1487 269 1521 ligna
285 1488 312 1514 in
328 1489 465 1522 proprium
482 1487 568 1514 locum
584 1490 707 1523 reposuit,
721 1489 902 1524 plurimasque
919 1490 971 1516 Deo
991 1491 1041 1524 egit
1059 1492 1162 1526 gratias
1181 1499 1189 1517 :
1203 1492 1266 1526 quin
1291 1495 1315 1517 et
1333 1490 1416 1525 pulsis
1432 1489 1532 1516 Juda'is
1550 1490 1582 1516 ab
1602 1488 1664 1515 urbe
1676 1491 1781 1518 sancta,
1797 1495 1829 1513 ne

197 1532 231 1557 arl
252 1532 357 1558 tertium
371 1540 453 1564 usque
466 1531 622 1558 milliarium
635 1533 656 1559 ei
676 1534 926 1568 appropinquarent
940 1535 1056 1560 districto
1069 1535 1208 1568 prohibuit.
1225 1534 1266 1561 Ad
1278 1541 1337 1560 eam
1355 1533 1529 1560 occasionem
1545 1530 1828 1564 revocandum,un

196 1575 295 1610 legitur
315 1576 341 1601 in
358 1575 495 1602 Breuiario
509 1575 630 1603 Romano
659 1576 702 1603 die
732 1577 765 1603 14
780 1577 923 1611 Septemb.
941 1578 1122 1606 Exaltationis
1139 1584 1240 1607 sancte:
1257 1578 1349 1605 crucis
1376 1578 1516 1604 memoriae
1534 1581 1707 1606 consecrata,
1723 1575 1829 1602 seilicot

197 1627 259 1646 Cum
277 1619 420 1646 lleraelius
440 1627 508 1646 auro
531 1625 559 1646 et
573 1621 687 1654 gemmis
716 1626 829 1648 ornatus
857 1621 960 1655 lignum
978 1623 1070 1650 crucis
1089 1626 1254 1657 reportaret,
1270 1623 1360 1657 ipsum
1381 1621 1510 1648 insistere
1527 1624 1654 1648 coactum
1683 1618 1736 1645 sub
1750 1623 1827 1652 porta

197 1671 250 1696 qua
266 1662 299 1689 ad
313 1662 444 1690 Calvarize
458 1669 579 1690 montem
591 1668 649 1691 erat
663 1664 733 1697 iter;
751 1665 940 1700 monitumque
957 1671 1101 1700 propterea
1116 1674 1129 1693 a
1139 1666 1281 1698 Zacharia,
1297 1669 1327 1692 ut
1337 1672 1370 1692 eo
1383 1664 1483 1692 vestitu
1497 1663 1632 1698 deposito,
1651 1662 1828 1689 humiliorem

197 1711 360 1739 asamneret,
376 1708 501 1741 paruisse.
519 1708 726 1742 imperatorem,
741 1713 769 1736 et
793 1709 928 1744 reliquum
945 1710 995 1736 vim
1022 1711 1091 1737 citra
1112 1710 1193 1736 ullam
1213 1709 1400 1736 difficultatem
1429 1707 1592 1734 confecisse.
1620 1706 1721 1733 Suidas
1745 1705 1830 1732 refert

197 1750 221 1777 Μ
235 1751 348 1777 mlestum
365 1751 449 1778 fuisse
467 1752 745 1786 Hierosolymitanum
759 1753 953 1787 patriarcham,
969 1754 1080 1788 quando
1094 1753 1236 1781 Heraclius
1257 1760 1366 1780 crucem
1383 1756 1506 1779 sanctam
1526 1751 1554 1777 in
1570 1750 1718 1784 pristinum
1736 1749 1828 1776 locum

199 1795 334 1828 reposuit,
350 1796 428 1828 quasi
439 1796 494 1830 jam
514 1801 579 1823 tunc
597 1796 763 1824 decessisset
777 1797 936 1828 Zacharias,
951 1798 997 1825 sed
1011 1797 1172 1832 Theophani
1186 1797 1233 1831 qui
1249 1797 1295 1823 illo
1308 1795 1448 1830 antiquior
1465 1794 1527 1825 fuit,
1543 1794 1636 1829 potius
1653 1792 1826 1820 credendum

196 1844 249 1865 est.
264 1839 323 1865 Non
335 1844 423 1865 tamen
433 1839 480 1865 diu
496 1840 648 1874 supervixit
660 1840 815 1868 Zacharias.
836 1841 980 1875 Nicephori
998 1841 1142 1876 Catalogus
1161 1841 1186 1867 ei
1206 1840 1302 1875 viginti
1314 1840 1383 1866 duos
1398 1846 1484 1866 annos
1498 1838 1640 1873 regiminis
1657 1836 1766 1868 tribuit,
1781 1836 1829 1870 qui

197 1882 232 1908 ab
248 1890 319 1908 anno
337 1881 388 1908 609
401 1882 435 1908 ad
450 1882 496 1909 651
527 1887 600 1910 recte
627 1888 833 1918 computantur,
845 1885 882 1911 ita
898 1890 928 1912 ut
944 1886 1045 1912 obierit
1059 1893 1092 1911 eo
1107 1891 1180 1911 anno
1193 1883 1255 1911 (‘51.
1273 1883 1357 1910 Addit
1371 1882 1586 1917 Papebrochius,
1599 1881 1691 1908 Tracl.
1712 1879 1828 1914 prtelim.

196 1926 230 1952 ad
255 1930 273 1951 t.
288 1925 321 1952 Ill
341 1925 430 1952 Actor.
442 1931 594 1953 sanctorum
621 1927 694 1958 Maii,
713 1935 739 1962 p.
753 1928 836 1959 31.“.
859 1928 919 1960 157,
933 1929 986 1955 col.
998 1929 1024 1958 2,
1041 1929 1123 1955 vitam
1141 1928 1201 1962 ejus
1219 1927 1329 1957 extendi
1354 1934 1435 1961 posse
1453 1933 1539 1960 usque
1557 1925 1591 1952 ad
1607 1931 1709 1952 annum
1726 1923 1787 1953 653,
1805 1923 1828 1949 si

197 1976 340 1996 successor
352 1970 412 2004 ejus
424 1969 562 1997 Modestus
584 1978 639 1997 uno
657 1971 745 1998 solutn
761 1979 832 1998 anno
849 1976 896 2009 aut
917 1972 1030 1999 biennio
1052 1979 1105 1998 non
1126 1971 1233 2005 integro
1252 1970 1344 2001 sedem
1365 1969 1495 1997 tenuerit.
1513 1969 1614 1996 Verum
1633 1967 1661 1994 hi
1676 1967 1722 1998 22,
1736 1966 1778 1993 vel
1799 1970 1831 1992 ut

197 2012 301 2040 Latina:
319 2013 443 2048 quaedam
462 2015 578 2049 catalogi
595 2015 743 2049 Nicephori
759 2016 952 2042 translationes
972 2016 1084 2047 habent,
1109 2015 1144 2041 24
1161 2014 1301 2041 Zacharias
1311 2013 1487 2048 episcopatus
1509 2012 1586 2043 anni,
1607 2017 1752 2046 perperam
1767 2017 1829 2036 om-

198 2057 265 2085 nino
276 2057 377 2084 ibidem
391 2063 556 2084 revocantur
566 2058 600 2085 ad
616 2063 723 2093 tempus
740 2058 813 2093 quod
822 2059 883 2094 ejus
898 2059 1085 2093 captivitatem
1101 2057 1253 2093 praecessit.
1271 2056 1378 2084 Colitur
1387 2055 1535 2083 Zacharias
1548 2055 1576 2082 in
1595 2054 1701 2082 Menwis
1717 2053 1830 2081 Grasco-

198 2108 259 2130 runt
275 2100 320 2128 die
332 2101 364 2128 2t
379 2101 514 2128 Februar.

321 2263 633 2309 ZACHARI/E
686 2266 792 2310 HIE
805 2263 1260 2311 ROSOLYMITANI
1316 2261 1715 2307 ΡΑΤΒΙᾹΒΟΗᾹΕ

809 2363 1217 2428 EPISTOLA.

235 2475 405 2504 (Bibliotheca
422 2478 550 2508 Patrum,
569 2479 635 2503 tom.
653 2475 712 2507 XII,
731 2483 758 2509 p.
772 2475 833 2502 985..
849 2473 952 2500 Textus
962 2471 1182 2509 autem‘Grzecus
1197 2471 1360 2509 desumptus
1375 2473 1417 2497 est
1436 2476 1576 2509 ex_op.ere
1596 2468 1696 2509 Fesso:
1723 2468 1830 2509 Count:-

193 2519 258 2540 rlsu
274 2512 318 2538 cui
336 2511 433 2538 titulus
451 2520 457 2538 :
477 2503 569 2538 Sancti
585 2510 697 2538 Joannis
708 2503 924 2545 Clu-ysostomide
937 2507 1078 2534 educandis
1089 2506 1176 2534 liberis
1192 2506 1256 2533 liber
1269 2503 1376 2538 aureus,
1387 2509 1454 2538 etc.,
1471 2504 1583 2532 Parisiis
1602 2503 1678 2535 1655,
1690 2504 1728 2530 in.
1746 2503 1774 2531 8.

201 2617 288 2645 Viduit-
314 2625 429 2650 sponsw,
443 2618 543 2645 civitati
573 2617 639 2652 regis
658 2617 747 2652 Magni
774 2617 860 2643 liberis
876 2617 972 2644 orbatis

1059 2616 1080 2650 ’ᾗ
1107 2614 1284 2652 χηρευσάοξῃ
1315 2615 1416 2652 νύμφῃ
1431 2620 1437 2625 ·
1514 2611 1715 2652 ἀτεκνῳθςίσῃ
1742 2611 1830 2652 ἦιὲλει

233 2645 472 2687 llierosolymitano
490 2653 562 2687 gregi
575 2645 713 2686 pri/storem”
731 2660 782 2678 non
799 2652 922 2684 habenti;
940 2645 984 2680 scil

1065 2645 1303 2682 ’ὶοῧᾎέασιλέὦς
1331 2645 1383 2687 rod
1402 2645 1555 2687 ilaj‘fl-JOU"
1581 2645 1617 2678 τῇ
1644 2645 1818 2687 (ξςεοιμιὶντιρ

233 2693 256 2714 et
274 2679 381 2722 reliquis
392 2679 510 2714 omnibus
524 2679 550 2713 ni
566 2679 668 2714 Christo
678 2687 810 2718 Ecclesiis,
823 2679 984 2722 residuisqne

1073 2679 1184 2719 reo/Irim
1206 2679 1419 2722 'tspooo'qltiu'
1436 2679 1483 2708 uul
1507 2681 1628 2722 ςιάεζαις
1644 2680 1692 2722 δὲ⁷
1706 2679 1831 2719 larga/2-

233 2723 260 2748 in
276 2715 335 2758 illis,
345 2723 407 2756 ﬁliis
422 2723 556 2757 orphanis,
571 2727 662 2756 pastor
676 2723 792 2756 humilis,
805 2715 887 2755 solus,
903 2715 989 2758 capti-

1073 2722 1107 2747 ἑν
1123 2715 1451 2758 ΧρὶλῖτῷνἜνξκλησίιξιις,
1466 2717 1517 2756 καὶ
1537 2715 1598 2747 τοῖς
1611 2715 1644 2758 si;
1659 2715 1763 2747 αὐτοῖς
1775 2723 1830 2758 κρ-

233 2765 290 2789 uus,
312 2749 458 2784 Zu'churias'
481 2749 613 2784 minimus.
786 2749 791 2756 ’
881 2749 886 2755 ’
937 2749 942 2758 ’

1074 2749 1256 2790 nauigaui-0'1
1266 2749 1382 2792 τέχνας
1391 2751 1542 2792 ὀρξιινοῖᾳ
1556 2749 1668 2792 nequitis
1678 2750 1829 2781 ταπεινὸς.

1073 2786 1194 2824 ἔρημός,
1210 2789 1405 2823 αἰχμάλωτος,
1421 2787 1571 2820 Ζαχαρίας
1581 2786 1755 2818 ἐλάχιστος.

236 2833 330 2862 Gratia
345 2836 433 2869 vobis.
449 2836 508 2869 filii,
529 2840 556 2864 et
567 2836 740 2872 benignitas,
757 2841 784 2864 et
799 2836 988 2864 misericordia

1075 2836 1161 2871 Χάρις
1177 2835 1251 2869 ὑμῖν,
1270 2834 1352 2860 τέκνα
1377 2833 1424 2859 καὶ
1448 2830 1642 2865 εὐσπλαγχνία,
1668 2830 1716 2856 καὶ
1743 2830 1829 2862 ἕλεος,

206 2883 221 2904 a
237 2877 291 2918 υθέ)
301 2880 381 2909 Patre
393 2887 505 2916 nostro,
531 2883 682 2911 animatum
705 2891 738 2911 ac
764 2883 876 2910 humani
903 2883 973 2919 ipsiu

1058 2882 1115 2918 rapit
1126 2881 1194 2909 Θευῦ
1204 2881 1309 2917 Πατρδς
1325 2879 1404 2916 ἡμῶν
1429 2877 1588 2914 φιλοψύχου,
1610 2877 1659 2905 καὶ
1674 2876 1829 2912 φιλανορὼη
