1952 3066
87 159 154 191 3220

808 150 1001 189 EPISTOLZX.

1646 158 1717 191 8230

91 223 146 246 που,
163 213 236 246 ἄξιον
251 213 346 246 ὅντως,
361 212 407 240 καὶ
421 213 468 240 νῦν
483 213 580 242 εἰπεῖν,
598 212 645 239 καὶ
657 211 686 244 ἐξ
700 212 875 248 εὐχαριστίας

933 213 1035 247 generis
1049 216 1169 246 amante,
1188 213 1472 248 clementissimoque.
1489 217 1558 240 utet
1578 222 1651 242 nttnc
1676 215 1719 242 di-

87 262 135 296 τῆς
155 259 222 295 πρὸς
237 259 308 294 ὑμᾶς
322 259 467 294 ἐπιπολῆς
481 258 625 294 ἄρξασθαι.

122 349 177 384 Εῐη
189 351 222 377 τὸ
237 349 332 385 ὄνομα
343 350 453 384 Κυρίου
466 349 682 383 εὐλογημένον,
695 349 739 375 ὅτι
752 349 787 375 οὐ
804 348 879 375 κατὰ

88 398 138 429 τὰς
149 396 294 429 ἁμαρτίας
306 394 390 429 ἡμῶν
402 395 548 428 ἐποίησεν
561 394 643 428 ἡμῖν.
657 394 728 420 οὐδὲ
739 395 813 420 κατὰ
826 395 878 427 τὰς

87 441 210 474 ἀνομίας
233 440 318 474 ἡμῶν
338 439 550 467 ἁνταπέὂωκεν
564 440 644 473 ἡμῖν.
665 439 771 472 Ὅμως,
796 439 878 472 Οἴμοι

89 488 130 514 ὅτι
145 487 193 521 τῆς
207 487 276 514 Σιὼν
289 487 490 520 ἐμακρύνθην,
505 486 552 513 καὶ
568 485 785 519 κατεσκήνωσα
805 487 879 519 μετὰ

88 532 145 559 τῶν
159 532 361 566 σκηνωμάτων
376 532 490 565 Κηδύρ·
512 532 549 563 ὡς
574 531 655 558 Δαῧὶδ
679 532 769 557 ποθῶν
789 531 876 565 κάγὼ,

86 578 193 610 ψάλλων
214 578 310 608 νυκτὸς
330 577 375 604 καὶ
398 577 514 612 ἡμέρας,
540 577 633 603 τοῦτον
652 577 680 604 ὲν
704 579 759 607 τοῖς
776 577 878 612 χείλεσι

89 636 138 661 μου
162 627 207 653 τὸν
229 627 318 660 στίχον
342 626 508 660 περιφέρων·
531 625 793 659 Ἐὰνὲπιλάθωμαί
808 633 876 656 σου,

94 672 299 706 Ἰερουσαλὴμ.
317 671 467 705 ἐπιλησθῇ
483 672 502 706 ἠ
519 671 603 704 δεξιά
614 680 684 706 μου,
699 671 714 707 ἥ
730 671 777 698 τοῦ
793 672 822 698 ἐν
836 671 877 698 σοὶ

88 717 228 752 ἐλαχίστου
245 716 321 743 λαοῦ.
701 728 705 731 -

123 762 243 789 Γνωστὸν
267 761 336 788 ἔστω
358 761 431 796 ὑμῖν,
453 760 572 795 ἀδελψοὶ,
597 761 637 787 ὅτι
660 762 706 788 καὶ
723 762 804 797 ἡμεῖς
827 761 876 788 ἐπὶ

89 807 148 835 τῶν
172 807 312 841 ποταμῶν
331 806 520 838 Βαϐυλῶνος,
532 806 596 832 ἐκεῖ
618 806 809 839 ἐκαθίσαμεν,
826 806 876 832 καὶ

88 853 290 887 ἑκλαύσαμεν,
298 852 333 878 ἐν
343 851 382 884 τῷ
391 851 564 885 μνησθῆναι
572 850 650 885 ἡμᾶς
661 851 713 883 τῆς
728 851 814 883 Σιὼν,
828 850 874 877 τοῦ

89 899 222 932 Γολγοθὰ.
241 899 289 925 τοῦ
307 897 439 930 ζωοποιοῦ
472 898 622 932 μνήματος,
647 898 695 932 τῆς
712 897 875 932 ἀειμνήστου

89 944 221 979 Βηθλεέμ.
240 944 304 970 Ἰδοὺ
327 944 445 978 ἀδελφοὶ,
464 945 592 977 ’Ἡραμεν
613 944 682 976 τοὺς
706 945 877 978 ὀφθαλμοὺς

89 990 172 1024 ἡμῶν
182 991 228 1022 εὶς
240 990 275 1016 τὰ
288 989 339 1024 ὄρη
352 989 438 1021 Σιὼν,
455 989 524 1016 ὅθεν
537 989 600 1024 ἦξε(
613 990 631 1023 ἡ
645 990 772 1022 ,βοήθεια
782 990 875 1024 ἡμῶν.

87 1033 507 1068 Ἀκούσατε,οίλελυτρωμένοι
528 1034 586 1061 ὑπὸ
604 1035 725 1068 Κυρίου,
740 1034 793 1067 οῖ’-ς
806 1035 876 1061 ἐλυ-

89 1079 222 1113 τρώσατο
236 1080 270 1106 ἐκ
286 1080 385 1113 χειρὸς
409 1080 534 1113 ἐχθρῶν,
554 1079 602 1106 καὶ
628 1081 660 1106 ἐκ
683 1081 736 1106 τῶν
762 1081 878 1114 θλίψεων

90 1126 190 1152 ἔσωσεν
199 1126 307 1157 αὐτούς·
322 1126 455 1153 ἀκούσατε
466 1126 515 1160 τῆς
525 1126 595 1160 ἐμῆς
607 1127 698 1160 φωνῆς
710 1126 756 1153 τοῦ
767 1127 878 1161 δεσμίου

89 1171 236 1206 Ζαχαρίου.
252 1172 297 1205 Μὴ
310 1171 381 1206 μέγα
393 1172 555 1206 φρονήσητε,
569 1172 608 1198 ὅτι
621 1172 736 1206 Χριστὸς
750 1172 820 1206 ὑμᾶς
830 1173 878 1206 τῆς

89 1216 211 1248 δουλείας
233 1217 287 1243 τῶν
308 1216 413 1252 ἐχθρῶν
438 1217 581 1251 apponte.
602 1217 708 1252 Ὁρᾶτε,
729 1218 827 1252 μήπως
841 1217 878 1248 ὡς

89 1262 169 1293 νόθοι,
187 1263 234 1288 καὶ
252 1262 300 1297 οὐχ
321 1262 358 1292 ὡς
381 1263 433 1288 uio!
457 1263 662 1296 κατελείφθητε.
681 1264 750 1297 Φησὶ
764 1264 827 1298 γάρ’
847 1264 879 1290 El

90 1308 175 1341 ἐκτὸς
187 1308 321 1341 παιδείας
335 1308 416 1341 ἐστὲ,
432 1309 487 1342 ἄρα
501 1310 581 1335 νόθοι
596 1309 643 1335 καὶ
659 1310 715 1343 οὐχ
726 1309 786 1335 υἱοί
797 1309 877 1335 ἐστε.

126 1353 256 1383 Βλέπετε,
285 1354 433 1388 φοϐηθῆτε,
458 1354 505 1379 καὶ
533 1353 646 1383 ἑαυτοὺς
673 1353 877 1387 ἀσφαλίσασθεσ

90 1400 188 1435 μήπως
199 1398 314 1425 ἐνταῦθα
326 1399 363 1430 ὡς
378 1399 480 1430 ἐκεῖνος
495 1399 508 1425 ὁ
521 1398 591 1425 κατὰ
602 1398 726 1434 Λάζαρον
740 1398 877 1431 πλούσιος,

88 1445 118 1471 ὲν
131 1445 232 1479 τρυφῇ,
251 1444 296 1471 καὶ
312 1444 403 1471 ἀνέσει
420 1443 563 1477 ζήσαντες,
578 1445 624 1471 καὶ
646 1444 729 1479 μηδὲν
756 1444 878 1480 θλιϐερὺν

89 1490 296 1524 ὑπομείναντες,
313 1490 372 1516 ἐκεῖ
386 1489 435 1520 τὰς
451 1489 602 1521 ἀθανάτους
614 1490 749 1525 τιμωρίας
776 1490 879 1517 ἀπολά-

88 1536 165 1570 6ητε.
187 1535 294 1570 Ὁρᾶτε,
318 1536 416 1571 μήπως
429 1535 545 1562 ἐνταῦθα
563 1535 601 1569 τῷ
616 1535 679 1571 οἴνῳ
696 1536 742 1562 καὶ
756 1537 788 1571 τῇ
806 1545 878 1563 σπα-

86 1580 156 1616 τάλῃ
166 1581 317 1615 χαίροντες,
347 1581 406 1607 ἐκεῖ
432 1581 562 1615 σταγόνος
578 1581 673 1614 ὕδατος
700 1581 874 1617 δεηθήσεσθε.

86 1625 212 1660 Νήψατε,
231 1626 330 1660 μήπως
339 1625 456 1652 ἐνταῦθα
473 1627 520 1660 τῆς
529 1626 650 1658 δουλείας
663 1627 876 1661 ἀπαλλαγέντες,

87 1671 148 1696 ἐκεῖ
158 1670 208 1703 τῆς
221 1670 267 1696 τοῦ
294 1669 362 1696 Θεοῦ
379 1669 467 1704 ὅψεως
480 1671 642 1705 χωρισθῆτε.
662 1672 707 1706 Μὴ
723 1671 793 1706 μέγα
811 1681 878 1706 φρο-

86 1716 169 1748 νεῖτε,
186 1715 312 1750 ἀδελφοί·
335 1715 364 1741 οὐ
383 1715 436 1750 γὰρ
458 1716 494 1747 ὼς
515 1716 636 1748 δικαίους
651 1717 724 1751 ὑμᾶς
740 1719 753 1744 ὁ
779 1717 880 1753 Κύριος

86 1761 271 1801 ἐλυτρώσμτο,
292 1761 349 1787 ἀλλ’
369 1762 406 1793 ὡς
419 1762 558 1797 ῥᾳθύμους
588 1763 635 1789 καὶ
651 1763 810 1798 ἀδοκίμους,
826 1763 880 1790 δώ-

88 1815 139 1838 σας
152 1807 216 1841 ὑμῖν
227 1807 323 1841 καιρὸν
337 1807 404 1842 πρὸς
416 1808 570 1842 μετάνοιαν,
587 1808 656 1844 πλὴν
681 1809 721 1835 ὅτι
735 1809 764 1835 τὸ
784 1809 880 1844 μέλλον

85 1852 201 1887 ἄῑηλον·
232 1851 361 1882 πολλάκις
394 1852 446 1888 γὰρ
489 1853 609 1888 σήμερον
637 1853 808 1889 μακροθυμεῖ
837 1854 879 1888 ἐφ’

86 1897 177 1932 ὑμᾶς·
193 1896 286 1932 αὔριον
305 1897 332 1923 δὲ
346 1897 513 1932 παραδίδωσι
529 1898 576 1924 καὶ
587 1898 671 1933 ὑμᾶς.
685 1899 740 1925 Καὶ
748 1899 802 1935 γὰρ
813 1907 881 1934 συγ-

86 1942 202 1978 γνώμης
219 1943 309 1977 πάσης
322 1943 395 1969 έστὶν
411 1943 531 1976 ἀνάξιον⁷
543 1944 607 1971 ὅταν
620 1945 683 1976 τοὺς
691 1943 824 1979 ἑταίρους,
833 1944 882 1971 καὶ

85 1988 219 2022 ἀδελφοὺς
244 1987 321 2022 ὑμῶν
342 1987 459 2023 ὁρῶντες
486 1989 515 2015 ὲν
543 1987 682 2023 βασάνοις,
707 1989 745 2023 μὴ
766 1989 880 2020 ἑαυτοὺς

84 2034 283 2070 διορθώσησθε.
296 2034 352 2069 Οὐχ
369 2034 451 2069 ὁρᾶτε
470 2034 528 2065 πῶς
544 2034 591 2061 ἐπὶ
607 2033 660 2060 τῶν
683 2034 879 2069 δικαστηρίων,

86 2080 170 2108 ἄλλον
186 2079 393 2114 ὲξεταζομένου,
412 2080 513 2111 πάντες
529 2080 553 2106 οἱ
584 2079 717 2114 παρόντες
736 2080 782 2106 καὶ
798 2079 879 2115 ὀρῶν·

84 2134 146 2157 τες,
157 2125 226 2159 τάχα
239 2125 268 2151 δὲ
283 2125 365 2152 κοιὶοὶ
381 2126 536 2158 ἀκούοντες,
551 2125 691 2160 φρίττουσι
705 2125 753 2151 καὶ
765 2124 881 2159 φοϐοῦν-

83 2179 142 2203 ται,
160 2171 207 2198 καὶ
221 2170 275 2197 τῶν
301 2171 394 2198 κακῶν
413 2172 560 2206 ἀπέχονται
576 2181 583 2205 ;
598 2171 644 2207 Μὴ
670 2171 805 2204 ξενίζεσθε
825 2172 882 2199 ὅτι.

931 266 1035 290 camus,
1054 266 1103 293 par
1118 266 1214 285 revera
1235 259 1329 290 etiam,
1348 263 1378 286 ut
1399 263 1519 286 nostram
1540 259 1574 286 ad
1591 267 1640 287 vos
1663 262 1720 295 epi-

931 305 1029 332 stolam
1044 313 1060 331 a
1075 305 1224 339 gratiarum
1238 305 1346 332 actione
1364 305 1516 332 ordiamttr.

965 349 1005 377 Sit
1017 358 1109 376 nomen
1127 350 1231 377 Domini
1241 351 1403 377 benedictum
1416 351 1498 384 ‘,quiu
1512 359 1562 378 non
1577 352 1720 378 secundum

930 400 1036 430 peccata
1057 401 1146 421 nostra
1161 396 1221 430 fecit
1237 397 1318 427 nobis,
1338 405 1421 431 neque
1440 397 1581 423 secundum
1598 397 1721 431 iniquita-

930 447 966 468 tes
987 447 1090 468 nostras
1108 442 1255 468 rctt'ibuit'.
1278 442 1471 468 Verumtamen
1495 450 1503 468 :
1525 442 1580 468 "cu
1597 443 1719 476 nunquid

930 488 1004 522 longe
1017 488 1101 522 factus
1122 495 1136 513 a
1159 487 1251 517 Sione,
1267 488 1382 514 habitari
1405 496 1463 514 cum
1479 487 1656 514 tabernaculis
1671 487 1719 514 Ce‘

929 534 1012 565 dar";
1031 533 1170 561 desiderio
1199 537 1227 559 et
1251 533 1318 567 ipsn,
1337 534 1374 559 uti
1391 533 1493 564 David,
1510 534 1556 560 ditt
1583 539 1720 568 noctuque

929 579 1058 614 psallens,
1084 583 1166 612 atque
1181 587 1292 605 versum
1318 579 1391 605 ltunc
1414 579 1494 605 labiis
1508 580 1719 611 circumferens,

929 633 961 652 ac
976 632 1025 651 ore
1044 631 1160 650 versans
1180 633 1186 650 :
1202 623 1230 650 Si
1244 625 1337 651 oblitus
1350 625 1422 658 {uero
1438 625 1486 656 tui,
1507 625 1653 651 Jerusalem
1664 629 1722 658 (aut

928 670 1055 705 pauxilla:
1067 670 1155 704 plebis
1165 678 1225 705 qua:
1242 671 1269 697 in
1279 675 1304 697 te
1316 671 1510 706 est),oblivioui
1525 671 1601 697 detur
1613 671 1721 698 dextera

929 725 987 744 mea
999 717 1019 743 ".

963 762 1063 788 Notum
1078 761 1114 788 sit
1132 761 1210 788 vobis
1222 782 1229 794 ,
1244 761 1352 793 fratres,
1374 762 1447 796 quod
1468 766 1496 788 et
1511 770 1561 789 nos
1582 771 1661 797 super
1675 763 1725 798 ﬂu-

928 808 1000 834 mina
1013 807 1153 842 Babylonis
1167 807 1222 833 illic
1237 807 1361 838 sedimus,
1376 812 1400 833 et
1412 808 1542 842 ﬂevimus,
1558 808 1621 834 dum
1636 817 1724 835 recor—

928 853 1055 879 daremur
1079 852 1164 880 Siom‘s
1175 854 1200 884 ³,
1212 853 1355 887 Golgollta,
1373 853 1473 880 viviﬁci
1494 854 1612 888 sepulcri
1626 875 1632 884 ,
1652 854 1719 881 nulli

930 906 1049 933 unquam
1068 899 1200 925 oblivioni
1216 898 1352 925 tradendae
1367 899 1518 925 Bethleem.
1536 899 1575 926 En
1598 899 1697 925 fratres
1713 906 1721 925 :

929 945 1083 971 chavimns
1098 944 1185 970 oculos
1204 949 1304 970 nostros
1324 945 1350 970 in
1367 943 1454 971 Sionis
1481 949 1591 977 montes,
1603 946 1672 971 unde
1680 953 1723 971 ve-

930 991 980 1017 niet
994 990 1123 1016 auxilium
1137 989 1344 1021 nobis“.Audile,
1359 990 1486 1024 redempti
1496 999 1511 1016 ιι
1523 990 1643 1022 DominoI
1658 998 1722 1025 quos

930 1036 1037 1062 redemit
1051 1036 1082 1061 (le
1094 1043 1174 1061 manu
1188 1035 1356 1061 inimicorum
1369 1035 1389 1066 ⁷,
1404 1039 1432 1061 et
1448 1043 1480 1061 ex
1496 1035 1723 1064 tribulationibus

929 1081 1044 1108 salvavit
1061 1088 1118 1106 eos.
1133 1079 1232 1106 Audite
1263 1087 1358 1106 vocem
1382 1087 1482 1110 meam,
1507 1080 1592 1106 vineti
1619 1080 1720 1108 Zacha-

929 1127 986 1154 τῖε.
1001 1126 1089 1153 Nolite
1107 1127 1213 1152 animos
1237 1125 1344 1156 tollere,
1365 1125 1436 1159 quod
1453 1133 1500 1152 vos
1510 1121 1637 1152 Christtis
1652 1125 1721 1152 libe-

930 1173 1032 1199 raverit
1046 1172 1080 1198 ab
1095 1171 1215 1198 hostium
1236 1172 1379 1198 servitute.
1400 1171 1495 1198 Videte
1513 1178 1547 1197 ne
1572 1170 1641 1196 forte
1661 1175 1720 1198 tan-

930 1225 1012 1252 quam
1040 1217 1138 1251 spurii,
1154 1224 1208 1242 non
1234 1221 1363 1250 tanquam
1392 1215 1441 1242 ﬁlii
1467 1215 1555 1242 relicti
1582 1215 1652 1242 sitis.
1676 1216 1723 1242 Ait

930 1264 1003 1290 enim
1024 1272 1030 1290 :
1047 1262 1075 1290 Si
1090 1267 1165 1290 extra
1180 1263 1349 1297 disciplinam
1369 1263 1440 1294 estis,
1462 1269 1523 1297 ergo
1546 1261 1671 1294 adulteri,
1696 1264 1722 1288 et

930 1316 986 1335 non
997 1308 1048 1342 ﬁlii
1065 1309 1126 1335 estis
1136 1307 1158 1335 ⁸.

968 1355 1074 1386 Videte,
1095 1355 1200 1386 titnete,
1217 1354 1295 1381 vobis
1312 1353 1364 1389 ipsi
1387 1357 1493 1386 cavete,
1525 1361 1560 1381 ne
1579 1353 1649 1380 forte
1664 1353 1720 1386 hic,

930 1401 1006 1429 velut
1023 1401 1069 1428 ille
1085 1401 1181 1428 Lazari
1198 1400 1276 1428 dives
1289 1401 1310 1433 ³,
1328 1400 1355 1427 in
1373 1399 1481 1428 deliciis
1497 1407 1530 1427 ac
1557 1399 1722 1426 remissione

929 1448 1014 1474 vitam
1031 1451 1155 1481 agentes,
1187 1454 1219 1473 ac
1235 1454 1298 1473 cum
1316 1446 1386 1473 nihil
1415 1446 1563 1472 molestum
1590 1444 1721 1477 tuleritis,

930 1499 1032 1521 interna
1048 1493 1103 1520 illic
1115 1493 1249 1527 supplicia
1265 1493 1414 1527 recipiatis.
1427 1491 1534 1523 Videte,
1552 1499 1585 1518 ne
1596 1491 1666 1518 forte
1677 1490 1720 1518 hic

930 1540 996 1566 vino
1022 1539 1159 1573 lautisquc
1175 1539 1294 1573 dapibus
1319 1538 1502 1568 luxuriantes,
1536 1538 1592 1564 illic
1618 1541 1722 1572 guttam

929 1593 1007 1620 aqua:
1022 1585 1195 1612 desiderelis.
1231 1584 1382 1619 Diligenter
1415 1584 1560 1616 attendite,
1576 1584 1723 1620 nequando

931 1632 976 1659 hic
992 1631 1125 1658 servitute
1141 1630 1262 1662 liberati,
1289 1630 1345 1657 illic
1367 1637 1382 1656 a
1400 1630 1447 1656 Dci
1473 1630 1577 1657 visione
1598 1635 1723 1656 extorres

930 1678 1002 1705 sitis.
1013 1677 1114 1708 Nolite,
1127 1676 1237 1707 fratres,
1265 1676 1349 1702 altum
1369 1681 1484 1709 sapere;
1516 1683 1571 1702 non
1590 1675 1722 1702 enimvos

930 1723 1064 1751 Dominus
1082 1721 1307 1756 tanquamjttstos
1318 1720 1456 1753 liberavit,
1471 1720 1519 1747 sed
1534 1721 1609 1747 velut
1625 1727 1723 1755 segnes

930 1777 962 1797 ac
979 1768 1122 1803 reprobos,
1141 1767 1298 1794 concedens
1330 1770 1440 1801 tempus
1468 1771 1500 1793 ut.
1529 1766 1721 1802 pcenitentiam

931 1814 1026 1850 agatis.
1041 1813 1143 1841 Verum
1160 1813 1225 1847 quia
1241 1812 1346 1840 incerta
1374 1812 1460 1839 futuri
1480 1812 1539 1839 alea
1563 1816 1615 1844 est,
1639 1811 1723 1839 hodie

930 1867 993 1887 cum
1007 1859 1090 1886 invos
1101 1859 1239 1893 patienter
1250 1863 1322 1893 agat,
1338 1866 1388 1885 vos
1402 1865 1513 1892 quoque
1526 1857 1554 1884 in
1570 1857 1722 1884 crastinum

931 1903 1024 1930 tradit.
1043 1903 1152 1929 Etenim
1168 1902 1243 1929 nulla
1261 1909 1376 1936 prorsus
1385 1902 1466 1928 venia
1482 1901 1557 1936 digni
1569 1901 1653 1934 estis;
1674 1901 1722 1935 qui

931 1949 1051 1980 scilicet,
1069 1956 1132 1975 cum
1153 1948 1253 1975 fratres
1268 1952 1374 1974 vestros
1392 1947 1420 1974 in
1437 1947 1584 1974 tormentis
1593 1946 1721 1978 videatis,

930 1994 1073 2022 emendari
1090 1994 1143 2029 ipsi
1161 1994 1274 2020 minime
1287 1993 1435 2021 studentis.
1460 1993 1558 2020 Nonne
1581 1992 1681 2020 videtis
1692 1996 1723 2019 ul

932 2042 960 2069 itt
978 2041 1176 2073 tribunalibus,
1197 2044 1338 2075 quaerente
1368 2044 1485 2074 praetore
1501 2039 1585 2066 unius
1600 2046 1723 2071 causam,

932 2088 979 2122 qui
993 2091 1084 2115 astant
1099 2093 1205 2119 omnes,
1219 2093 1251 2113 ac
1266 2086 1313 2120 qui
1335 2085 1442 2117 vident,
1471 2085 1537 2120 quin
1552 2089 1580 2112 et
1592 2084 1662 2111 forte
1674 2092 1724 2111 au-

932 2134 1052 2166 dientes,
1064 2134 1189 2165 timcant,
1205 2140 1237 2159 ac
1255 2132 1485 2163 contremiscunt,
1511 2135 1595 2166 atque
1607 2139 1621 2158 a
1643 2130 1722 2158 malis

932 2179 1109 2207 abstineant?
1121 2178 1160 2206 Ne
1175 2178 1276 2205 mirutn
1291 2178 1429 2210 videatur,
1447 2177 1521 2212 quod
1534 2185 1549 2204 e
1565 2181 1722 2204 sanctorum

85 2216 222 2250 πέρτινες
242 2217 310 2245 ὅσιοι
336 2216 604 2252 ᾐχμαλωτίσθησαν·
629 2216 702 2249 τινὲς
728 2217 757 2244 δὲ
785 2217 878 2252 ἄνομοι

934 2233 1052 2254 numero
1064 2224 1176 2259 quidam
1189 2224 1291 2259 captivi
1308 2225 1361 2251 acti
1375 2228 1449 2256 sunt,
1475 2227 1558 2258 atque
1571 2231 1605 2250 ex
1619 2223 1722 2256 impro-

85 2261 290 2297 ὲλυτρώθησαν.
322 2261 495 2297 Ἀκούσωμεν
522 2263 568 2289 τοῦ
596 2263 700 2297 Κυρίου
737 2263 878 2298 λέγοντος·

84 2307 137 2341 Μὴ
148 2307 203 2342 γὰρ
215 2304 258 2334 ὧν
271 2307 305 2334 τὸ
318 2305 388 2342 allia
399 2307 518 2342 ἐξέχεεν
530 2308 659 2342 Πιλᾶτος
669 2309 746 2344 μετὰ
759 2309 819 2336 τῶν
830 2312 881 2337 θυ-

85 2353 164 2382 σιῶν
176 2353 411 2388 ἀμαρτωλότεροι
425 2353 547 2381 πάντων
557 2355 742 2390 ἐτύγχανον;
756 2357 791 2383 σὺ
803 2357 881 2391 λέγω

84 2399 170 2432 ὑμῖν,
195 2398 240 2425 ὅτι
263 2398 316 2425 ἐὰν
338 2399 418 2435 [ἀλλ’
443 2399 507 2435 ἐὰν]
529 2400 572 2435 μὴ
592 2401 814 2435 μετανοήσητε,
831 2402 881 2429 καὶ

83 2443 173 2478 ὑμεῖς
185 2444 327 2477 ὡσαύτως
348 2445 520 2473 ἀπολεῖσθε.
532 2447 587 2473 Καὶ
601 2447 689 2480 πάλιν,
703 2450 734 2475 Ol
745 2447 818 2476 δέκα
831 2448 882 2475 καὶ

84 2490 164 2515 ὀκτὼ
177 2489 222 2523 ἐφ’
236 2487 281 2522 οἷς
291 2491 402 2518 ἔπεσεν
415 2493 431 2518 ὁ
446 2492 559 2527 πύργος
570 2494 623 2520 τοῦ
643 2494 774 2529 Σιλωὴμ,
790 2495 884 2530 ἁμαρ-

84 2536 245 2569 τωλότεροι
263 2534 344 2570 ἦσαν
356 2538 437 2569 παρά
446 2537 561 2572 πάντας
575 2539 646 2572 τοὺς
661 2542 820 2573 οἰκοῦντας
839 2541 886 2568 Ἰε-

80 2581 266 2616 ρουσαλήμ;
289 2583 357 2617 οὐχὶ
387 2583 465 2618 λέγω
487 2584 568 2619 ὑμῖν,
585 2585 629 2612 ὅτι
654 2587 708 2613 ἐὰν
724 2585 804 2623 [ἀλλ’
819 2587 885 2624 ἐὰν]

80 2626 127 2661 μὴ
139 2627 357 2661 μετανοήσητε,
370 2629 419 2656 καὶ
440 2629 525 2664 ὑμεῖς
546 2631 688 2664 ὡσαύτως
710 2632 883 2660 ἀπολεῖσθε.

129 2672 286 2704 Ἀκούσατε,
300 2674 347 2700 καὶ
361 2675 508 2710 φοϐήθητε,
525 2678 573 2704 καὶ
587 2679 625 2714 μὴ
654 2679 732 2714 ἡμῶν
762 2679 816 2706 τῶν
840 2679 884 2706 δε-

83 2717 176 2752 ῑῖμίων
191 2718 420 2754 ὲπιλάθησθε.Ἒν
429 2721 509 2756 σῶμά
523 2724 607 2758 ἐσμεν
620 2725 769 2760 ἀμφότεροι
781 2734 787 2740 ·
798 2725 882 2752 ἀκού-

85 2771 179 2797 σωμεν
196 2763 243 2790 τοῦ
261 2764 421 2792 Ἀποστόλου
435 2767 559 2801 λέγοντος
571 2777 578 2785 ·
588 2767 658 2796 Ἐὰν
674 2769 708 2797 ἐν
717 2771 811 2805 μέλος
822 2771 881 2798 πά-

124 2821 133 2836 ¹
153 2820 225 2848 Psal.
241 2827 304 2852 cxtt,
316 2822 344 2849 2.

390 2823 400 2838 ¹
412 2823 482 2852 Psal.
497 2825 598 2860 9",“).
637 2826 647 2842 ³
667 2827 738 2854 Psal.
754 2836 825 2860 cxtx,
842 2828 867 2855 5.
908 2828 918 2844 δ
935 2829 1005 2857 Psal.
1025 2837 1132 2860 cxxxvi,
1150 2829 1177 2856 ii.
1214 2831 1224 2847 ⁵
1239 2830 1306 2858 ibid.
1320 2831 1345 2857 i.

930 2270 1094 2305 bisquidam
1120 2270 1266 2304 redempti.
1289 2269 1444 2296 Audiamus
1461 2269 1609 2296 Dotninum
1627 2268 1723 2296 dicen—
1756 2301 1762 2309 ι

932 2320 1006 2344 tem:
1023 2316 1130 2343 Putatis
1152 2316 1221 2351 quod
1235 2317 1286 2348 his,
1304 2324 1416 2351 quorum
1436 2316 1593 2350 sanguinem
1618 2314 1722 2342 Pilatus

932 2362 1038 2390 miscuit
1050 2371 1110 2389 cum
1125 2361 1276 2396 sacriﬁciis,
1293 2369 1348 2396 pra:
1367 2361 1486 2388 omnibus
1504 2365 1651 2396 peccatores
1667 2360 1723 2395 fue-

931 2411 992 2434 runt
1006 2407 1018 2433 ἵ)
1046 2406 1116 2438 Νοη,
1130 2406 1187 2432 dico
1199 2406 1270 2433 vobis
1284 2413 1292 2432 :
1308 2405 1353 2432 sed
1365 2405 1388 2432 si
1401 2406 1584 2440 pwnitentiam
1603 2413 1655 2431 non
1669 2405 1721 2431 Im-

933 2452 1184 2484 bueritis,similitcr
1208 2457 1232 2478 et
1260 2452 1310 2486 ipsi
1339 2451 1455 2487 peribitis
1474 2451 1507 2477 ¹⁰.
1544 2451 1578 2478 Ει
1596 2450 1719 2477 iterum:

932 2498 978 2525 Illi
986 2499 1072 2525 decem
1088 2502 1111 2524 et
1124 2502 1190 2531 octo,
1207 2506 1288 2533 supra
1304 2506 1367 2533 quos
1385 2498 1476 2524 cecidit
1491 2497 1571 2523 turris
1586 2497 1613 2523 in
1640 2495 1720 2530 Siloe,

933 2545 1032 2580 putatis
1051 2545 1120 2580 quod
1133 2549 1281 2579 peccatores
1299 2545 1396 2579 fuerint
1409 2552 1464 2580 prie
1472 2543 1591 2570 omnibus
1600 2542 1722 2570 habitan-

934 2591 1001 2618 tibus
1016 2592 1044 2617 in
1058 2590 1230 2618 Jerusalmt?
1245 2590 1304 2617 Non
1320 2591 1377 2617 dico
1394 2591 1486 2621 vobis;
1510 2589 1555 2616 sed
1575 2589 1624 2615 nisi
1639 2589 1721 2624 pumi-

935 2635 1044 2661 tenliam
1059 2635 1174 2670 egeritis,
1188 2635 1297 2670 perinde
1309 2640 1332 2662 et
1348 2635 1398 2669 ipsi
1420 2634 1536 2668 pet-ibitis
1551 2633 1584 2660 “.

969 2681 1080 2713 Audite,
1090 2685 1118 2708 et
1131 2682 1236 2713 timete,
1263 2688 1315 2708 nec
1329 2689 1380 2707 nos
1394 2681 1502 2708 vinctos
1514 2678 1646 2707 oblivioni
1663 2682 1720 2705 tra-

931 2727 998 2754 dite.
1015 2727 1104 2754 Unum
1122 2728 1231 2762 utrique
1248 2735 1349 2762 corptts
1364 2734 1468 2754 sumus.
1481 2726 1633 2753 Audiamus
1647 2724 1720 2759 Apo-

931 2773 1032 2801 stolum
1049 2773 1186 2800 dicentem
1206 2781 1213 2800 :
1235 2772 1263 2801 Si
1277 2775 1380 2809 patitur
1395 2782 1476 2800 unum
1492 2773 1648 2804 membrum,
1663 2778 1720 2798 om-

1384 2830 1394 2847 ⁶
1409 2830 1481 2858 Psal.
1495 2837 1558 2864 cxx,
1576 2830 1600 2858 1.
1624 2830 1634 2846 ⁷
1645 2829 1719 2861 Psal.

84 2863 142 2891 cu,
161 2856 189 2883 Ξ.
226 2856 236 2872 ⁸
250 2856 335 2887 Hebr.
348 2866 396 2890 ιιι,
411 2860 440 2888 8.
477 2860 488 2876 ⁹
502 2856 572 2889 Luc.
591 2869 646 2897 xvi,
662 2862 706 2891 19.
745 2863 766 2879 ¹⁰
779 2856 848 2893 Luc.
863 2872 878 2891 x

937 2856 965 2892 οξ
1003 2865 1023 2881 ἰ
1041 2864 1110 2893 ibid.
1126 2856 1186 2901 1,5.
