1952 3066
196 110 266 142 3239

940 107 1097 139 INCERTI

1759 105 1826 137 3244')

196 172 284 200 roque
297 165 488 197 versabantur,
517 163 674 192 indcsertis
696 163 776 191 sedes
807 163 880 190 nacti
902 167 987 195 sunt;

1046 161 1207 196 ιατέλαχον·
1224 161 1271 187 καὶ
1286 161 1310 188 οἱ
1322 161 1417 196 πρώην
1443 160 1493 192 τὰς
1508 160 1627 196 ἐρήμους
1635 159 1781 192 οἰκοῦντες,
1797 161 1826 188 ὲν

197 216 230 236 ac
247 209 294 243 qui
310 217 399 244 nuper
411 209 519 236 deserta
533 208 699 240 incolebant,
731 208 759 234 in
772 207 856 234 urbes
869 206 986 234 commi-

198 257 356 287 graverunt.
371 252 462 279 Sancti
485 252 609 286 quidam,
639 251 686 286 qui
719 256 792 278 caste
811 251 895 278 vitam
922 258 987 285 ege-

199 301 271 330 rant,
295 298 326 325 in
340 297 466 324 crudeles
493 297 574 324 heros
601 297 777 330 inciderunt;
807 297 987 330 nonnullique

197 348 355 377 peceatores
373 351 404 370 ae
433 343 544 370 obsceni
571 342 763 370 remissionem
786 343 901 378 vitaeque
920 342 987 369 deli-

198 389 254 416 cias
270 389 462 417 obtinuerunt.

232 434 404 462 Erubescant
421 436 575 464 Samaritae.
587 436 627 464 En
638 437 774 472 judicium
792 445 854 464 cum
867 435 986 464 necdum

194 480 329 515 judlcium
347 481 392 508 sit.
404 481 442 508 En
456 486 519 508 ante
534 483 766 510 resurrectionem
794 483 869 510 illius
886 483 987 518 proba-

199 526 247 553 tio.
261 526 359 559 Quaeso
374 532 411 559 te,
421 528 603 562 quamobrem
616 529 721 563 negasti
735 529 988 557 resurrectionem?

196 571 286 604 Quare
302 573 341 599 illi
356 572 438 600 [idem
455 573 595 600 detrahis?
618 574 747 609 Nunquid
765 583 820 602 non
837 575 930 610 justus
943 577 989 610 ju-

197 617 249 642 dex
261 615 410 644 Christus?
422 617 471 644 Est
484 618 576 651 plane.
597 618 668 644 Num
685 619 820 654 iniustitia
828 619 899 653 apud
911 627 986 651 eum,

197 669 229 688 ac
245 669 426 696 personarum
442 663 586 697 acceptio?
612 664 839 699 Haudquaquam.
857 665 987 698 Qmenam

197 713 273 738 vero,
295 713 360 741 rogo
375 711 412 738 te,
424 707 522 742 judicii
539 708 664 741 aequitas,
678 713 708 735 ut
724 708 831 742 ego-qui
851 713 934 735 totam
948 709 989 735 νὶ-

198 754 254 777 tam
268 749 387 784 justitia,
403 750 462 777 sine
480 750 607 783 crimine,
635 750 771 778 nmnditia
784 754 904 786 egerim;
932 760 988 779 non

198 793 358 826 occiderint,
374 801 428 820 non
444 793 495 821 sim
518 793 636 826 iuratus,
659 803 714 822 non
728 796 921 831 pejeraverim,
938 796 985 823 sed

1043 209 1105 239 ταῖς
1133 208 1243 239 πόλεσιν
1271 208 1402 243 ἔφθασαν.
1420 208 1498 234 Ὅσοι
1521 207 1592 238 τινὲς
1606 206 1687 240 ἁγνὸν
1700 205 1756 240 βίον
1773 207 1827 233 δια-

1040 254 1204 288 πράξαντες,
1213 255 1252 285 εὶς
1260 254 1351 289 ὠμοὺς
1361 254 1493 285 δεσπότας
1503 254 1676 289 περιέπεσον,
1687 256 1734 279 καὶ
1740 253 1828 288 ἀμαρ-

1039 300 1120 326 τωλοί
1134 309 1207 332 τινες
1228 300 1277 327 καὶ
1288 300 1447 336 ἀκάθαρτοι,
1467 301 1495 326 ἐν
1506 299 1599 327 ἀνέσει
1613 299 1774 334 κατέλαχον.

1076 425 1302 463 Λὶσχυνέσθωσαν
1319 426 1496 463 Σαμαρειτῶν
1514 428 1616 458 παῖδες.
1638 427 1702 454 Ἰδοὺ
1717 426 1827 463 πρὸτῆς

1040 475 1158 509 κρίσεως
1172 475 1270 508 κρίσις.
1291 474 1356 500 Ἰδοὺ
1374 474 1428 509 πρὸ
1443 474 1492 509 τῆς
1507 474 1681 505 ἀναστάσεως
1696 475 1712 509 ἡ
1727 474 1827 509 ταύτης

1041 520 1187 553 ἀπόδειξις.
1199 520 1265 546 Εἰπέ
1277 529 1321 555 μοι
1336 521 1380 553 σὺ,
1394 520 1438 547 διὰ
1447 520 1472 547 τι
1485 521 1533 556 τὴν
1542 521 1690 548 ἀνάστασιν
1702 521 1826 555 ἠρνήσω

1041 567 1085 593 διὰ
1110 568 1136 593 τί
1151 566 1236 602 ταύτῃ
1258 567 1399 601 ἁπιστεῖςς
1417 567 1474 593 Οὐκ
1506 566 1580 592 ἔστιν
1605 566 1792 601 δικαιοκρίτης
1813 565 1827 591 ὁ

1041 612 1157 647 Χριστός
1171 621 1177 644 ;
1192 613 1256 644 Ναὶ,
1271 612 1348 647 φησι.
1366 613 1411 647 Μὴ
1428 613 1529 645 ἀδικία,
1544 613 1589 639 καὶ
1616 611 1828 648 προσωποληψια

1041 657 1106 692 παρ’
1116 657 1190 691 αὐτῷ
1201 666 1207 689 ;
1222 657 1365 693 Οὐδαμῶς,
1375 658 1449 693 φησί.
1462 659 1515 684 Καὶ
1525 659 1588 685 ποία
1600 657 1692 684 λοιπὸν
1703 658 1762 684 εἱπέ
1774 666 1826 693 μοι,

1041 703 1234 739 δικαιοκρισία,
1250 705 1292 731 ἵνα.
1309 705 1364 739 ἐγὼ
1380 705 1467 732 πάντα
1484 706 1530 732 τὸν
1546 705 1639 740 χρόνον
1651 714 1701 740 μου
1715 705 1827 736 δίκαιον,

1043 750 1089 777 καὶ
1111 751 1264 786 ἄμεμπτον,
1289 751 1335 777 καὶ
1359 752 1478 785 καθαρὸν
1502 752 1602 785 δείξας·
1629 752 1665 786 μὴ
1688 751 1828 785 φονεύσας,

1043 797 1080 831 μὴ
1093 796 1205 831 κλέψας,
1220 797 1257 832 μὴ
1274 798 1453 833 ἐπιορκήσας,
1475 797 1543 824 ἀλλὰ
1558 798 1606 828 τὰς
1622 797 1731 828 ἐντολὰς
1747 796 1829 823 αὐτοῦ

198 841 257 875 ejus
271 841 439 867 servaverim
452 841 590 873 mandata,
607 841 634 868 in
649 842 829 869 necessitates
855 841 987 874 incidam,

1046 844 1172 878 φυλάξαις,
1191 845 1220 871 ὲν
1244 845 1378 879 ἀνάγκαις
1395 846 1545 880 περιπέσω,
1564 845 1611 871 καὶ
1628 846 1657 871 ὲν
1676 844 1788 876 ταύταις
1802 843 1831 870 τὸ

198 884 282 919 inque
297 884 352 910 illis
367 884 476 911 vivendi
497 884 594 911 faciam
619 885 717 917 finem;
748 885 854 920 virique
880 886 986 920 sangui-

198 936 276 961 num,
292 929 486 963 fornicatores,
502 929 631 962 adulteri,
646 931 734 965 impii,
763 932 848 958 Deum
862 933 989 959 nescien-

200 981 252 1007 tes,
273 980 320 1003 aut
333 976 405 1004 forte
426 977 510 1004 etiam
533 977 669 1005 idolorum
696 979 827 1011 cultores,
860 980 888 1006 in
914 979 990 1006 onmi

198 1019 330 1047 ltzlicitate
346 1024 468 1055 agentes,
486 1028 521 1048 ne
537 1021 680 1048 minimam
701 1029 759 1049 :cvo
786 1022 839 1049 hoc
864 1023 990 1050 attlictio-

198 1073 261 1092 nem
271 1066 425 1093 sustineant
435 1066 446 1092 ?
458 1066 550 1094 llocne
560 1067 684 1102 justum?
698 1068 887 1102 Nequaquam.
897 1069 991 1096 llocne

198 1119 212 1136 ιι
234 1117 412 1144 personarum
440 1112 600 1146 acceptione
620 1113 716 1140 vacat?
735 1113 844 1141 lllinime
858 1114 990 1149 gentium,

200 1156 253 1184 nisi
267 1163 309 1185 est
325 1163 432 1193 tempus
445 1159 597 1193 quoddam,
616 1167 648 1186 ac
661 1160 792 1186 saxulum
802 1160 888 1191 aliud,
900 1161 927 1187 in
937 1168 992 1195 quo

202 1204 319 1239 recipiet
331 1205 520 1240 unusquisque.
537 1213 586 1240 pro
596 1213 629 1232 eo
644 1213 676 1232 ac
691 1206 786 1240 gessit.
805 1206 992 1239 Quamobrem

199 1249 354 1275 necessaria
372 1250 552 1283 resurrectio,
569 1257 603 1278 ne
613 1250 687 1278 Deus
698 1251 812 1286 iniquus
823 1251 908 1287 judex
920 1251 990 1287 apud

199 1293 306 1328 aliquos
325 1293 511 1321 existimetur.

234 1350 368 1385 Equidem
378 1351 519 1379 hominem
531 1359 574 1379 me
587 1351 676 1380 fateor
691 1357 878 1388 peccatorem,
891 1353 993 1381 animal

199 1396 344 1428 mutabile,
361 1405 394 1424 ac
408 1397 488 1425 ﬂuxa:
503 1403 632 1431 naturae;
659 1399 798 1433 credoque
812 1399 995 1426 resurrectio—

198 1447 273 1473 nem,
293 1449 325 1468 ac
338 1441 515 1470 Conditorem
530 1442 626 1470 adoro.
657 1443 716 1470 Jam
733 1451 798 1471 vero
818 1443 949 1478 deinceps
958 1443 994 1471 ad

199 1485 357 1519 sepulcrum
366 1486 446 1519 vado,
471 1488 584 1521 scioque
601 1486 658 1515 fore
675 1491 705 1515 ut
730 1495 784 1515 non
800 1497 946 1524 exsurgant
960 1496 993 1516 ex

198 1537 261 1557 meo
272 1530 374 1558 lectulo
391 1539 397 1557 ε
418 1532 560 1560 tristitiam
578 1538 672 1561 autem
689 1541 721 1560 ac
734 1534 855 1561 laborem
871 1535 995 1569 captivo-

199 1583 261 1602 rum
275 1596 282 1606 ,
298 1577 491 1609 ecclesiarum,
507 1578 692 1610 sacerdotum,
710 1579 818 1606 itineris
829 1579 934 1606 sociutn
944 1580 994 1606 ba-

199 1621 262 1648 beo.
275 1621 334 1648 Heu
346 1621 444 1649 ﬁnem!
463 1631 518 1658 quo
533 1628 606 1650 statu
631 1624 715 1652 miser
723 1631 774 1660 ego
789 1632 833 1652 res
852 1625 992 1659 relinquo!

198 1665 301 1693 Vadam
317 1667 350 1694 ad
370 1667 516 1696 Dominum
531 1668 654 1696 :idcirco
671 1677 727 1696 non
744 1670 822 1696 renui
836 1669 926 1696 facere
944 1677 993 1697 ve~

198 1717 283 1740 stram
294 1713 457 1749 iussionem.
472 1714 541 1747 Quia
563 1719 654 1742 tamen
670 1719 864 1743 testamentum
878 1716 904 1742 in
919 1724 994 1743 mor-

200 1759 254 1786 tuis
266 1763 354 1786 ratum
366 1764 426 1793 est;
445 1765 591 1795 argentum
614 1765 642 1788 et
666 1769 764 1788 aurum
776 1769 831 1788 non
845 1767 888 1789 est
904 1762 971 1789 mihi
985 1770 992 1795 ;

200 1805 248 1832 sed
267 1805 340 1840 quod
354 1806 510 1833 immeritus
520 1815 570 1842 ego
583 1808 677 1843 accepi
693 1815 709 1835 a
723 1809 851 1841 Domino,
876 1809 930 1836 hoc
945 1816 994 1836 vo—

198 1851 242 1878 bis
255 1851 415 1884 relicturus,
440 1852 474 1880 ad
487 1861 584 1880 omnes
597 1861 646 1881 vos
656 1854 752 1888 paucis
767 1862 841 1882 nunc
849 1854 992 1882 disseram.

201 1897 349 1925 Enimvero
366 1898 420 1926 hoc
451 1906 530 1934 rogo,
557 1907 592 1926 ne
619 1899 751 1927 humilem
767 1900 942 1933 avorsemini,
964 1908 996 1927 ac

201 1948 398 1982 conl'undalis;
424 1949 472 1976 sed
503 1949 596 1984 potius
624 1949 745 1977 libentes
768 1950 904 1978 habeatis.
938 1950 995 1977 Nec

199 1992 274 2019 enim
293 1993 376 2020 ullam
404 1994 522 2029 amplius
551 1993 630 2021 vobis
658 1994 812 2022 molestiam
850 1995 993 2022 l‘accssam.

200 2032 263 2064 Haec
275 2037 348 2064 enim
364 2045 492 2072 suprema
504 2038 538 2065 ad
555 2046 603 2066 vos
624 2046 684 2065 mea
697 2038 855 2066 adhortatio
868 2042 928 2066 est:
942 2039 995 2065 hoc

201 2085 396 2108 testamentum
409 2082 442 2109 ad
464 2083 563 2110 fratres
577 2091 663 2110 meos.
681 2082 731 2110 llic
744 2084 806 2110 ﬁnis
821 2091 888 2110 meae
900 2083 995 2118 dispu—

201 2127 324 2160 tationis,
343 2135 374 2154 ac
390 2128 558 2163 principium
579 2137 646 2156 mea:
660 2129 694 2157 ad
714 2138 763 2157 vos
774 2129 992 2156 coutestationis.

202 2173 314 2205 Verum,
326 2181 435 2208 quaeso,
451 2182 517 2210 rogo
529 2182 563 2202 ne
583 2179 710 2210 tanquam
722 2183 737 2202 e
753 2175 891 2210 magistro,
905 2175 952 2202 sed
964 2178 994 2202 ut

201 2226 233 2245 ex
248 2219 332 2246 fratre
343 2220 485 2254 accipiatis
499 2229 505 2246 :
528 2229 584 2247 non
601 2225 729 2255 tanquam
743 2221 834 2256 justus
854 2221 993 2255 loquatur,

201 2264 250 2291 sed
264 2265 340 2291 velut
357 2270 499 2299 peccator,
511 2266 558 2300 qui
577 2266 604 2293 in
625 2266 830 2300 iniquitatibus,
847 2265 997 2300 impietati—

203 2310 452 2345 l:its,negiigentiis
464 2312 593 2344 vixerim,
624 2312 717 2339 tristes
739 2320 805 2339 meae
833 2311 897 2338 vita:
923 2311 994 2339 dies.

203 2345 323 2385 Etenii'n,
341 2362 395 2381 non
409 2355 441 2382 ad
455 2363 550 2390 opera,
566 2355 613 2384 sed
626 2356 659 2382 ad
671 2363 839 2387 sermonem,
857 2355 998 2389 verbaque

203 2404 344 2439 respicite.
356 2404 458 2432 Audite
470 2406 628 2439 Dominum,
658 2414 690 2433 ac
706 2407 866 2440 loquentem
885 2413 995 2432 revere-

205 2455 285 2487 nlini,
302 2455 367 2483 dum
385 2456 423 2482 ait
450 2465 456 2483 :
484 2458 580 2484 Omnia
596 2464 758 2492 quaminiqua
781 2456 896 2482 dixerint
926 2455 995 2482 vobis

204 2498 303 2527 Scribit
330 2505 354 2527 et
380 2500 508 2529 Phariswi
534 2507 562 2528 ut
586 2502 702 2537 faciatis,
728 2501 807 2535 facile
824 2508 832 2527 :
851 2501 994 2527 srrttndum

205 2551 284 2578 opera
296 2552 357 2571 vero
378 2553 468 2572 eorum
486 2545 567 2572 nolite
587 2546 674 2580 facere
687 2545 721 2571 ’³.

242 2674 311 2702 Ecce
328 2683 401 2702 nunc
415 2681 477 2703 ante
491 2684 540 2704 VOS
554 2677 658 2704 vadens
680 2667 711 2703 ad
736 2684 785 2703 VOS
801 2680 994 2703 testamentum

206 2729 266 2748 sum
292 2722 473 2750 conditurus:
496 2732 544 2751 vos
567 2729 658 2752 autem
684 2729 813 2758 tanquam
841 2723 936 2751 fideles
963 2731 996 2750 ac

239 2813 262 2829 ¹³
273 2814 367 2841 Matth.
382 2823 457 2847 χχιιι,
474 2817 499 2844 5.

1041 890 1129 924 πέρας
1136 890 1184 917 τοῦ
1198 890 1254 926 βίον
1269 891 1374 926 ποιήσω
1384 899 1391 906 θ
1408 892 1455 918 καὶ
1470 891 1565 926 ἄνδρες
1580 890 1716 924 αἱμάτων,
1726 890 1830 924 πὸρνοι,

1042 937 1144 972 μοιχοὶ,
1162 937 1280 969 ἀσεϐεῖς,
1294 937 1380 969 ἄθεοι,
1406 937 1422 972 ἢ
1446 938 1515 972 τάχα
1533 938 1579 963 καὶ
1590 936 1781 971 εἰδωλολάτραι
1803 937 1831 962 ἐν

1041 983 1132 1009 ἀνέσει
1149 984 1233 1020 πάσῃ,
1251 983 1383 1019 μηδεμίαν
1398 983 1486 1017 θλίψιν
1502 983 1616 1009 ἐνταῦθα
1635 983 1828 1016 ὑπομένοντεςς

1042 1029 1127 1055 Τοῦτο
1144 1029 1262 1063 δίκαιονς
1291 1029 1427 1064 οὐδαμῶς.
1447 1027 1533 1055 Τοῦτο
1561 1028 1830 1064 ἀπροσωπάληπτον;

1042 1074 1095 1100 οὐδ’
1113 1074 1191 1106 ὅλως,
1207 1075 1254 1101 ἐὰν
1271 1075 1308 1110 μὴ
1325 1075 1382 1101 ἔστι
1400 1076 1495 1110 καιρός
1510 1084 1551 1106 τις
1574 1075 1621 1101 καὶ
1643 1074 1710 1100 αἰὼν
1727 1075 1830 1109 ἕτερος,

1043 1120 1070 1146 ἐν
1087 1116 1109 1154 ᾧ
1125 1120 1294 1155 ἀπολήψεται
1315 1120 1431 1151 ἕκαστος
1458 1120 1528 1147 κατὰ
1542 1120 1591 1154 τὴν
1616 1119 1716 1155 πρᾶξιν
1736 1119 1830 1145 αὑτοῦ.

1043 1166 1092 1193 Διὰ
1101 1166 1180 1193 τοῦτο
1196 1167 1359 1202 ἁναγκαὶαή
1375 1167 1532 1198 ἀνάστασις,
1549 1167 1592 1192 ἴνα
1609 1166 1647 1202 μὴ
1661 1168 1675 1192 ὁ
1689 1166 1756 1197 Θεὸς
1773 1165 1832 1192 ἁδι-

1043 1222 1091 1245 κος
1101 1214 1198 1250 κριτὴς
1206 1215 1282 1250 παρά
1293 1223 1374 1241 τινων
1387 1214 1618 1250 ὑπονοηοήσηται.

1086 1344 1157 1380 Ἐγὼ
1171 1345 1220 1380 μὲν
1227 1343 1284 1379 οὖν,
1295 1346 1344 1373 ἄνθ
1347 1355 1438 1382 ρωπος
1446 1343 1516 1374 εἶναι
1526 1346 1649 1382 ὁμολογῶ
1659 1347 1832 1382 ἁμαρτωλὸς,

1045 1390 1115 1423 ζῶον
1137 1392 1265 1428 τρε-κτον,
1285 1394 1334 1419 καὶ
1352 1395 1470 1429 ῥευστῆς
1494 1393 1612 1427 φύσεως,
1639 1395 1685 1420 καὶ
1713 1395 1836 1421 πιστεύω

1043 1438 1077 1472 τῇ
1105 1438 1262 1471 ἀναστάσει,
1290 1439 1337 1466 καὶ
1353 1439 1496 1475 προσκυνῶ
1513 1440 1559 1466 τὸν
1582 1441 1746 1475 Ποιήσαντα.
1765 1441 1834 1476 Ἤδη

1044 1484 1073 1511 δὲ
1093 1484 1186 1511 λοιπὸν
1212 1486 1280 1521 πρὸς
1296 1485 1327 1511 τὸ
1342 1485 1438 1520 μνῆμα
1460 1485 1640 1521 πορεύσομαι,
1663 1488 1709 1514 καὶ
1728 1487 1833 1522 ταύτης

1047 1539 1098 1565 μου
1113 1530 1162 1565 τῆς
1179 1530 1273 1566 κλίνης
1301 1529 1359 1557 οἶδα
1376 1531 1417 1558 ὅτι
1433 1532 1483 1557 οὐκ
1505 1533 1693 1568 ἐγερθήσομαι
1705 1541 1711 1547 ·
1723 1533 1774 1568 τὴν
1788 1534 1836 1560 λύ-

1035 1582 1100 1610 ’πην
1115 1574 1144 1601 δὲ
1158 1576 1204 1602 καὶ
1224 1575 1270 1602 τὴν
1290 1577 1370 1603 πόνον
1383 1576 1437 1603 τῶν
1462 1576 1654 1611 αἰχμαλώτων,
1669 1577 1724 1604 τῶν
1738 1579 1837 1612 ἐκκλη-

1046 1621 1123 1654 σιῶν,
1141 1622 1194 1649 τῶν
1222 1622 1327 1657 ἱερέων,
1353 1622 1546 1657 συνοδοιπόρον
1565 1624 1763 1658 κέκτημαι.“Ω
1788 1624 1836 1650 τοῦ

1045 1665 1148 1698 τέλους,
1176 1667 1205 1693 ὲν
1230 1667 1317 1698 ποίοις
1342 1667 1541 1702 καταλιμπάνω
1556 1668 1589 1694 τὰ
1614 1669 1768 1703 πράγματα
1783 1669 1837 1702 ἐγὼ

1046 1711 1148 1744 ἄθλιος.
1163 1712 1235 1747 Πρὸς
1251 1713 1296 1739 τὸν
1309 1713 1449 1748 Δεσπότην
1463 1713 1644 1749 πορεύσομαι.
1661 1714 1707 1740 Διὸ
1727 1715 1775 1741 καὶ
1789 1715 1838 1750 τὴν

1046 1759 1182 1794 ὑμετέραν
1192 1759 1315 1786 κέλευσιν
1332 1760 1443 1795 ποιῆσαι
1459 1761 1509 1786 οὑκ
1520 1759 1642 1796 ὤκνησα.
1658 1761 1755 1797 Ὅμως
1768 1763 1839 1788 ἐπεί-

1047 1813 1099 1839 περ
1110 1804 1224 1841 διαθήκη
1241 1806 1288 1831 ἐπὶ
1303 1807 1410 1841 νεκροῖς
1425 1805 1523 1840 βεϐαία
1533 1814 1539 1820 ·
1555 1806 1699 1842 ἀργύριον,
1715 1808 1762 1833 καὶ
1771 1815 1838 1842 χρυ-

1048 1853 1104 1878 σίον
1121 1852 1169 1887 οὐχ
1187 1852 1305 1888 ὑπάρχει
1318 1861 1364 1887 μοι
1374 1860 1381 1866 ·
1397 1851 1454 1878 ἀλλ’
1467 1851 1481 1878 ὃ
1496 1853 1573 1888 παρὰ
1587 1853 1690 1888 Κυρὶου
1706 1853 1720 1879 ὁ
1731 1853 1839 1884 ἀνάξιος

1046 1898 1154 1932 εἴληφα,
1172 1897 1252 1924 τοῦτο
1265 1898 1329 1932 ὑμῖν
1344 1897 1555 1932 καταλείψομαι,
1569 1899 1616 1924 καί
1635 1897 1704 1932 πρὸς
1714 1897 1839 1929 ἅπαντας

1047 1944 1118 1978 ὑμᾶς
1129 1943 1188 1970 νυνὶ
1201 1943 1287 1978 μικρὰ
1303 1942 1469 1978 διαλέξομαι.
1480 1943 1561 1972 Ἀλλὰ
1568 1943 1643 1971 τοῦτο
1653 1943 1782 1975 δυσωπῶ,
1800 1944 1838 1978 μή

1045 1989 1299 2024 ἁποστραφὴσωμαι
1308 1989 1372 2023 παρ’
1385 1987 1707 2024 ὑμῶντεταπεινωμένος,
1719 1990 1768 2016 καὶ
1775 1997 1841 2016 κατε

1045 2034 1220 2071 ῃσχυμμένος
1234 2053 1240 2065 ,
1262 2033 1329 2060 ἀλλὰ
1348 2033 1447 2067 μᾶλλον
1464 2033 1676 2068 προσδεχθείην’
1695 2033 1756 2059 οὐδὲ
1786 2034 1841 2068 γὰρ

1045 2080 1142 2115 ἑτέραν
1157 2079 1221 2114 ὑμῖν
1233 2078 1280 2105 τοῦ
1295 2077 1390 2104 λοιποῦ
1404 2078 1514 2113 ὄχλησιν
1524 2079 1684 2113 ποιήσομαι.
1698 2078 1775 2114 Αὒτη
1786 2079 1841 2112 γάρ

1046 2127 1121 2153 ἐστιν
1139 2126 1240 2161 ἐσχάτη
1263 2134 1313 2160 μου
1331 2125 1399 2161 πρὸς
1420 2125 1494 2160 ὑμᾶς
1521 2124 1694 2160 παράκλησις
1706 2131 1713 2139 ·
1729 2124 1803 2159 αὓτη
1826 2127 1842 2159 ἡ

1047 2172 1114 2207 πρὸς
1132 2173 1195 2203 τοὺς
1213 2171 1345 2205 ἀδελφούς
1376 2179 1426 2206 μου
1446 2170 1575 2204 διαθήκη.
1602 2170 1688 2196 Τοῦτο
1712 2170 1744 2196 τὸ
1767 2171 1845 2200 τέλος

1048 2218 1097 2252 τῆς
1107 2217 1176 2252 ἐμῆς
1195 2216 1350 2248 διαλέξεως,
1368 2216 1414 2242 καὶ
1430 2215 1501 2251 ἀρχὴ
1520 2215 1569 2250 τῆς
1583 2215 1651 2250 πρὸς
1664 2215 1738 2250 ὑμᾶς
1752 2223 1846 2250 παρα-

1048 2262 1182 2298 κλήσεως.
1195 2261 1265 2288 Ἀλλ’
1281 2260 1419 2296 αἰτοῦμαι,
1433 2260 1481 2286 καὶ
1495 2260 1603 2294 δέομαι,
1625 2259 1663 2294 μὴ
1678 2259 1715 2290 ὡς
1744 2261 1778 2285 ἐκ
1806 2259 1847 2285 δι-

1048 2308 1193 2340 δασκάλου,
1217 2308 1273 2334 ἀλλ’
1297 2308 1335 2338 ὡς
1358 2307 1387 2339 ἐξ
1407 2305 1521 2340 ἀδελφοῦ
1538 2306 1666 2338 δέξασθαι
1678 2313 1686 2321 ·
1705 2308 1745 2340 μὴ
1761 2305 1802 2337 ὼς
1817 2307 1849 2332 ὲκ

1048 2354 1166 2386 δικαίου,
1179 2354 1237 2381 ἀλλ’
1253 2354 1291 2385 ὼς
1305 2353 1333 2385 ἐξ
1350 2352 1526 2388 ἁμαρτωλοῦ,
1543 2352 1591 2378 καὶ
1605 2353 1634 2378 ὲν
1648 2352 1791 2386 ἀνομίαιζ,
1801 2352 1850 2377 καὶ

1049 2401 1197 2434 ἀσεϐείαις,
1218 2400 1266 2427 καὶ
1282 2400 1448 2435 ἀμερίμναις
1474 2398 1619 2433 ζήσαντος,
1632 2397 1682 2429 τὰς
1706 2398 1850 2433 ὀῦυνηρᾷς

1050 2447 1156 2483 ἡμέρας
1165 2446 1214 2472 τοῦ
1232 2446 1290 2481 βίον
1309 2454 1370 2480 μου.
1391 2443 1472 2471 ’Λλλὰ
1488 2445 1525 2479 μὴ
1542 2443 1610 2478 πρὸς
1627 2444 1660 2469 τὰ
1676 2442 1758 2478 ἔργα,
1779 2443 1852 2469 ἀλλὰ

1049 2493 1117 2529 πρὸς
1130 2493 1192 2524 τοὺς
1206 2492 1301 2526 λόγους
1318 2491 1471 2526 ὲμῦ).έῲ;ιτε
1486 2498 1492 2504 “
1511 2489 1646 2515 ἀκούσατε
1663 2489 1710 2515 τοῦ
1729 2489 1851 2524 Κυρεου,

1049 2540 1095 2566 καὶ
1108 2534 1299 2574 δυσωπῆθητε,
1315 2538 1450 2572 λέγοντος·
1465 2537 1568 2564 Πάντα
1585 2536 1643 2563 ὅσα
1658 2536 1698 2563 ἂν
1712 2537 1854 2570 λέγωσιν

1049 2584 1120 2618 ὑμῖν
1134 2586 1161 2611 οὶ
1174 2584 1369 2618 Γραμματεῖς,
1384 2583 1432 2610 καὶ
1448 2584 1475 2610 οὶ
1488 2583 1643 2617 Φαρισαῖοι
1657 2583 1770 2616 ποιεῖν,
1788 2592 1855 2610 ποι-

1049 2629 1118 2656 εῖτε*
1137 2631 1212 2656 κατὰ
1228 2629 1262 2655 δὲ
1277 2630 1312 2655 τὰ
1324 2629 1394 2662 ἔργα
1408 2627 1508 2654 αὐτῶν
1520 2627 1563 2662 μὴ
1579 2627 1701 2654 ποιεῖτε.

1091 2675 1156 2702 Ἱδοῦ
1170 2675 1217 2702 νῦν
1233 2674 1471 2710 προπορευόμενος
1485 2674 1561 2709 ὑμῶν
1575 2674 1643 2709 πρὸς
1656 2674 1730 2708 ὑμᾶς
1751 2673 1855 2708 διαθή-

1051 2730 1148 2757 σομαι·
1167 2722 1245 2757 ὑμεῖς
1257 2721 1332 2753 δὲὼς
1346 2721 1436 2748 πιστοὶ
1447 2721 1494 2748 καὶ
1507 2721 1681 2756 εὐγνώμονες
1700 2722 1739 2757 μὴ
1762 2729 1859 2756 παρα-
