1952 3066
202 119 272 152 3253

835 116 989 147 INCERTI
1013 116 1197 147 AUCTORIS

1749 115 1824 148 32“

236 175 306 209 Quid
318 175 390 202 enim
401 176 412 202 '.'
422 176 451 202 lu
464 175 577 203 macello
589 180 672 207 astas,
694 173 800 200 homo?
821 173 875 200 Eos
891 173 981 201 saltem

1073 173 1105 198 Τί
1119 173 1187 208 γάρ;
1204 173 1249 199 Ἐν
1264 173 1391 209 μακέλλῳ
1422 173 1597 209 παρίστασαι,
1612 174 1736 209 ἄνθρωπε
1749 183 1756 206 ;
1771 175 1826 202 Μί-

201 221 310 248 imitare
323 221 371 254 qui
393 220 475 255 regiae
499 227 600 247 mensae
626 219 781 251 assistunt;
809 217 983 252 corruptibili

200 266 250 298 illi.
264 273 295 293 ac
309 266 435 293 sensibus
463 266 604 300 expositae.
625 265 694 292 Num
709 264 782 291 enim
801 271 914 298 prorsus
941 263 986 289 hic

201 316 339 340 terrenum
354 311 419 346 quid
436 312 526 346 agitur
539 311 628 339 ?Num
651 317 764 345 prorsus
787 309 913 336 sublimis
929 308 985 335 eili-

174 360 175 363 ‘
199 358 290 384 ceris?
302 356 418 384 Omnino
432 356 459 383 in
471 361 554 389 terra,
563 363 617 382 non
628 356 654 382 in
661 363 729 384 .aere
742 354 870 382 eonsistis
881 355 892 380 ?
904 355 984 388 quin-

199 403 255 430 imo
268 403 293 430 in
308 403 388 434 cmlo,
405 409 455 429 nec
472 402 499 429 id
517 402 608 434 modo,
631 401 679 429 sed
701 407 830 436 tanquam
842 400 984 427 Dominico

199 449 259 483 ipso
282 449 382 475 throno
407 448 549 479 assistens,
559 446 598 473 sic
615 451 640 473 te
664 448 779 474 horrore
801 455 833 474 ac
863 451 982 473 tremore

198 493 266 520 allici
281 493 436 527 oportebat.
451 493 484 519 Et
496 493 562 527 quid
582 493 656 524 dico,
673 496 802 526 tauquam
817 491 917 518 throno
928 491 983 516 Do-

198 539 299 565 minieo
309 539 320 565 ?
332 538 394 565 Scio
409 539 503 573 plures
516 538 641 565 mordere
656 546 717 572 qua:
729 538 857 568 dicimus,
873 536 920 563 sed
929 535 983 562 dici

197 590 229 608 ea
247 589 358 609 necesse
375 587 417 608 est
432 582 466 608 ob
478 590 510 608 ea
522 590 582 616 qum
598 586 742 616 geruntur.
757 581 804 608 Est
817 581 890 608 enim
910 587 984 606 nunc

197 628 280 654 animi
294 635 482 659 commonere,
494 628 583 662 deque
602 628 695 655 divina
714 628 765 655 hac
790 636 822 655 ac
840 628 983 654 incruenta

197 675 286 702 hostia
301 671 494 705 disserentem,
507 674 650 701 horrorem
665 674 797 700 incutere.
815 674 894 700 Forte
909 673 982 700 enim

197 719 388 754 quibusdame
403 726 432 746 re
448 723 522 746 esset
540 718 574 745 ab
597 726 628 745 ea
655 719 750 753 procul
773 718 914 745 absistere.
939 717 982 745 Si-

197 765 307 799 quidem
321 764 395 791 enim
412 764 445 796 is,
458 764 504 798 qui
521 764 630 799 indigne
644 763 827 791 manducatel
843 763 913 790 bibit
929 763 981 790 Do-

196 811 326 838 minicum
342 819 452 846 corpus,
467 811 601 846 judicium
617 810 669 838 sibi
697 811 842 839 manducat
855 815 882 838 et
893 811 980 844 bibit;

196 857 261 892 quid
275 859 330 893 jam
348 858 392 884 ille
408 858 455 892 qui
470 857 580 893 indigne
595 865 658 884 cum
674 857 822 889 ministrat,
848 861 904 884 tum
932 864 980 884 su-

196 903 263 930 mit?
278 903 338 930 Non
360 902 454 937 pudet,
472 903 519 937 qui
546 902 668 929 exterius
687 906 776 929 vestes
799 909 980 934 assumamus,

196 955 292 975 manus
306 948 440 979 lavemus,
454 946 554 974 calceis
580 953 712 973 ornemus
725 945 820 980 pedes,
847 944 927 971 faciei
950 951 982 971 ac

196 993 278 1028 capiti
309 993 436 1020 decorem
476 993 652 1024 asciseamus,
689 991 792 1019 mundo
827 991 981 1025 fulgeamus

196 1039 309 1070 amictu,
325 1037 455 1071 intusque
469 1036 571 1063 diaboli
588 1037 651 1065 vitia
667 1036 752 1063 induti
769 1036 865 1067 simus,
881 1039 981 1062 totum-

195 1091 249 1119 que
265 1083 492 1111 eontenebratum
506 1082 639 1114 animum,
659 1088 692 1108 ac
709 1086 811 1108 vestem
834 1081 893 1115 ejus
916 1087 982 1107 con-

196 1134 352 1164 spurcatam
369 1129 537 1160 habeamus;
553 1128 600 1162 qui
618 1127 748 1154 nimirum
761 1127 815 1162 jam
830 1127 856 1152 in
867 1133 981 1160 corpore

195 1182 228 1202 ac
247 1174 377 1201 exteriori
392 1181 502 1208 pompa,
513 1180 569 1200 non
582 1172 609 1199 in
623 1172 721 1206 spiritu
738 1179 770 1198 ac
786 1171 902 1198 veritate
927 1170 981 1197 Do—

196 1219 271 1246 mino
284 1218 458 1246 serviamus?

234 1265 354 1292 Vultiset
363 1264 441 1292 aliam
456 1260 982 1291 nostrorumsacerdotummiserabilio-

197 1317 257 1337 rem
274 1309 456 1336 calamitatem
481 1314 628 1341 casumque
643 1313 835 1341 exsequamur,
850 1305 928 1340 cujus
939 1305 982 1331 vel

196 1353 255 1388 ipsa
269 1353 375 1385 auditio
391 1356 494 1380 metum
517 1359 549 1378 ac
567 1356 700 1378 terrorem
713 1350 793 1377 facit?
805 1349 923 1376 Audiant
935 1349 981 1383 qui

195 1400 332 1430 laborant,
346 1406 377 1425 ac
391 1398 582 1425 emendentur.
601 1397 714 1424 Praestat
727 1396 799 1423 enim
816 1403 831 1422 a
845 1404 873 1422 re
891 1395 982 1422 divina

196 1445 340 1475 absistere,
358 1451 453 1478 quam,
472 1450 534 1469 cum
546 1441 585 1469 illi
608 1442 728 1474 intersis,
742 1441 837 1468 oculos
853 1441 878 1467 in
901 1439 983 1467 iacies

196 1490 312 1517 decoras
343 1489 531 1523 formososque
559 1488 651 1514 vultus
669 1494 752 1521 vagos
772 1488 885 1523 jactare.
911 1485 983 1512 Con—
996 1506 1016 1533 α

197 1536 334 1566 tremisce,
355 1535 438 1562 homo
451 1543 458 1565 ;
472 1534 499 1561 in
513 1538 591 1561 terrze
610 1532 797 1568 penetralibus
814 1531 925 1562 abdere,
947 1539 981 1558 ne

196 1582 267 1616 ignis
294 1580 466 1608 descendens
496 1583 640 1606 consumat
675 1583 710 1604 te.
738 1577 878 1611 Siquidem
908 1577 981 1603 enim

195 1629 282 1656 Moses
303 1635 364 1653 eum
388 1626 422 1653 ad
443 1630 584 1653 terrenum
609 1624 708 1651 rubum
738 1623 818 1650 \ellet
839 1622 980 1654 accedere,

194 1675 328 1701 hactenus
341 1671 611 1707 prohibetur,donec
621 1670 709 1697 solvat
718 1669 934 1696 calceamentum
947 1668 980 1701 ‘7;

194 1719 294 1754 potiori
310 1726 360 1745 nos
383 1719 463 1752 longe
494 1717 601 1743 ratione
630 1715 678 1750 qui
704 1714 808 1749 angelis
831 1714 982 1748 inaspecta-

194 1767 276 1792 bilem
288 1771 444 1795 cernamus,
456 1766 669 1794 contrectemus,
681 1767 831 1790 sumamus,
845 1759 982 1786 solvamus

195 1818 305 1838 necesse
322 1814 362 1836 est
379 1813 485 1835 mortua
515 1807 597 1834 animi
614 1814 695 1841 opera
716 1814 747 1833 ac
764 1805 871 1833 faetoris
888 1805 978 1840 plena.

196 1856 291 1883 llubus
307 1854 380 1881 enim
400 1853 521 1888 mystica:
538 1852 620 1887 hujus
645 1859 745 1878 mensae
762 1851 844 1885 ﬁgura
856 1859 862 1877 :
874 1851 980 1877 calcea-

195 1909 287 1930 menta
305 1910 381 1932 vero,
395 1900 479 1936 ﬁgura
497 1904 685 1934 peccatorum.
706 1898 886 1925 Tremendam
910 1898 981 1925 hanc

195 1956 253 1975 rem
270 1955 375 1974 sacram
396 1946 532 1974 reveritus
551 1944 648 1976 David,
665 1944 769 1971 aiebat:
789 1943 893 1970 Luvabo
911 1944 980 1970 inter

194 1995 342 2020 innocentes
357 1999 451 2018 ηιαιιιιε
468 1998 549 2019 nicas.
572 1994 595 2016 et
615 1989 779 2016 circumdabo
799 1988 885 2015 altare
896 1992 979 2020 tuum,

194 2039 305 2065 Domine
323 2037 356 2063 "‘.

230 2082 436 2118 Expergiscere,
455 2081 547 2108 homo.
577 2080 611 2107 Ut
633 2079 699 2114 quid
714 2078 757 2105 his
783 2078 828 2112 qui
847 2076 980 2105 accedunt

193 2129 254 2156 ais:
271 2128 371 2162 Carpus
388 2131 411 2153 ιιι
429 2127 537 2161 sanguis
548 2126 616 2160 Agni
633 2125 689 2155 Dei,
705 2124 774 2159 quod
790 2124 835 2150 tibi
850 2126 931 2150 datur
950 2123 978 2149 in

194 2174 374 2202 remissionem
390 2171 577 2207 peccatorum?
588 2170 657 2204 Quid
677 2170 768 2197 dicis?
787 2170 878 2196 Alium
892 2177 976 2196 cona-
996 2176 1015 2203 ι)

195 2221 233 2247 ris
244 2219 405 2249 emundare,
417 2225 468 2244 nec
478 2217 524 2244 tibi
535 2224 628 2243 curam
641 2215 732 2250 geris?
745 2214 776 2241 In
789 2214 978 2246 remissionem,

194 2265 273 2296 dicis,
295 2268 475 2299 peccatorum;
494 2270 526 2290 ac
539 2267 578 2294 tu,
602 2261 658 2296 ipsa
672 2260 864 2296 mysteriorum
878 2260 981 2294 imper-

195 2312 304 2341 titione,
327 2310 376 2336 tibi
406 2309 464 2343 ipse
489 2311 662 2343 peccatorum
690 2307 819 2341 majorem
845 2306 980 2332 sarcinam

193 2358 278 2386 facis?
293 2358 385 2392 Cogita
404 2355 572 2384 tremendam
596 2354 668 2380 illam
681 2361 802 2381 mensam
825 2360 909 2379 ﬂente
922 2360 980 2387 my-

193 2405 277 2435 stieae,
289 2403 466 2436 inveniesque
476 2405 575 2428 cuneta
587 2399 666 2426 nobis
677 2400 702 2426 in
714 2407 745 2426 ea
758 2399 862 2434 ﬁgurati
875 2398 978 2425 ratione

193 2450 322 2485 praedicta
333 2446 590 2478 l'uis~e.Videamus,
604 2445 730 2476 obsecro,
738 2444 847 2478 singuli,
855 2451 907 2478 qua
916 2443 979 2470 huic

193 2496 298 2523 ratione
313 2495 481 2523 assistamus.
497 2501 531 2519 ne
543 2492 612 2519 forte
622 2499 672 2519 nos
682 2498 791 2525 quoque
810 2490 884 2516 velut
895 2489 979 2516 .ludas

192 2542 330 2571 Christum
345 2539 516 2575 spiritalibus
525 2537 630 2566 Judmis
646 2537 805 2572 prodamus.
822 2535 890 2563 Cum
907 2535 980 2562 enim

193 2597 255 2617 cum
269 2595 301 2616 co
317 2591 455 2615 morantes
472 2585 543 2612 inter
561 2585 599 2612 rei
622 2592 706 2611 sacra:
732 2583 902 2611 tremendam
918 2582 981 2609 fun-

193 2641 312 2663 ctionem
336 2633 571 2666 saerilieiumque,
601 2632 690 2658 locum
712 2630 818 2657 Satanas
845 2630 873 2656 in
899 2628 981 2656 corde

194 2685 288 2707 nostro
299 2678 467 2709 dederimus,
479 2676 548 2703 nihil
560 2676 652 2703 minus
663 2674 714 2708 ipsi
727 2673 899 2701 tradidimus.
909 2673 981 2706 Quid

196 2733 259 2750 vero
281 2724 364 2751 etiam
388 2721 475 2757 pelvis
500 2721 546 2749 ille
571 2719 753 2748 formidabilis
779 2719 922 2752 admonet,
950 2726 981 2745 ac

249 2814 270 2828 ³⁷
283 2812 369 2841 Εκοᾱ.
385 2819 424 2846 ιιι,
441 2813 469 2840 5.
527 2812 549 2827 ¹⁹
567 2811 644 2839 Psal.
662 2818 723 2843 xxv,
740 2809 765 2837 6.

1038 227 1123 253 μησαι
1139 219 1190 245 κᾶν
1203 220 1264 250 τοὺς
1272 220 1300 245 ἐν
1311 220 1435 255 τραπέζῃ
1449 219 1574 255 βασιλικῇ
1590 220 1822 255 παρισταμένους,

1037 266 1069 300 τῇ
1088 265 1204 300 φθαρτῇ,
1218 267 1250 300 τῇ
1266 265 1392 300 αἱσθητῇ.
1412 266 1500 297 "Oho;
1517 266 1572 301 γὰρ
1590 263 1640 292 ὦδε
1653 265 1774 300 ἐπίγειόν
1795 274 1822 292 τι

1035 311 1169 342 ποιεῖται;
1201 309 1310 346 [ἐννοῶν
1337 310 1490 346 opsnatu]
1520 311 1588 342 ὅλως
1618 311 1761 346 μετάρσιος
1789 311 1820 336 οὺ

1035 354 1096 390 γίνῃ
1110 362 1117 387 ;
1130 354 1198 385 ὂλως
1211 355 1257 381 ἐπὶ
1275 356 1336 390 γῆς,
1352 356 1398 381 καὶ
1412 351 1463 381 οὐκ
1477 357 1504 380 ἐν
1518 354 1557 388 τῷ
1574 355 1633 388 ἀέρι
1645 363 1653 387 ;
1680 354 1778 389 μᾶλλον
1791 353 1821 381 δὲ

1034 401 1063 427 ὲν
1076 400 1115 427 τῶ
1126 400 1248 435 οὐρανῷ·
1261 402 1308 427 καὶ
1325 401 1355 427 οὺ
1389 401 1479 435 μόνον,
1492 401 1549 428 ἀλλ’
1567 401 1605 432 ὼς
1630 401 1704 436 αὐτῷ
1721 400 1758 435 τῷ
1774 402 1822 427 Δε-

1036 446 1156 481 σποτικῷ
1176 446 1261 482 θρόνῳ
1285 447 1498 482 παριστάμενος,
1513 447 1598 478 οὕτως
1626 447 1747 482 φρίττειν
1774 447 1822 473 καὶ

1035 493 1147 527 τρέμειν
1172 493 1264 527 ἐχρῆν.
1282 493 1336 518 Καὶ
1356 493 1382 519 τί
1402 493 1484 526 λέγω,
1497 493 1535 523 ὼς
1557 493 1586 518 ὲν
1603 492 1641 527 τῷ
1665 492 1750 527 θρόνῳ
1772 493 1822 518 Δε-

1036 536 1172 571 σποτικῷ;
1203 535 1269 563 υἷδα
1295 537 1336 563 ὅτι
1364 537 1476 568 πολλοὺς
1510 537 1602 569 δάκνει
1621 536 1655 562 τὰ
1677 536 1821 570 λεγόμενα,

1034 581 1092 608 ἀλλ’
1117 582 1222 618 ἀνάγκη
1251 582 1368 618 ῥηθῆναι
1393 582 1439 609 διὰ
1465 583 1500 609 τὰ
1524 582 1655 617 λεγόμενα
1679 582 1733 617 [ἲσ.
1749 583 1823 614 γινό-

1036 625 1123 661 pavet].
1137 627 1272 662 Βούλομαι
1289 628 1342 663 γὰρ
1354 629 1506 664 ὑπομνῆσαι
1521 628 1580 659 νῦν,
1597 628 1645 654 καὶ
1664 628 1821 662 δυσωπῆσαι

1034 673 1097 707 περὶ
1111 673 1210 708 ταύτης
1223 674 1271 708 τῆς
1285 674 1360 706 θείας
1379 675 1426 701 καὶ
1439 674 1608 709 ἀναιμάκτου
1626 674 1729 704 θυσίας.
1745 674 1822 708 Τάχα

1033 717 1086 752 γάρ
1106 725 1159 743 τισι
1182 718 1330 753 συνέφερεν
1355 719 1463 754 μακρὰν
1484 719 1585 754 ταύτης
1607 718 1765 753 ἀπέχεσθαι.
1790 718 1820 744 Εί

1033 762 1086 797 γὰρ
1100 763 1114 788 ὁ
1129 763 1246 795 ἀναξίως
1261 764 1357 790 ἐσθίων
1372 766 1418 791 καὶ
1433 765 1517 791 πίνων
1537 765 1567 791 τὸ
1580 764 1627 791 τοῦ
1645 764 1745 799 Κυρίου
1768 764 1822 790 σῶ-

1036 817 1083 843 μα,
1096 810 1181 844 κρῖμα
1191 810 1280 845 ἑαυτῷ
1289 811 1372 837 ἐσθίει
1387 811 1433 837 καὶ
1444 811 1526 837 πίνει⁶
1541 810 1567 836 τί
1578 810 1670 836 λοιπὸν
1679 811 1693 836 ὁ
1707 810 1822 842 ἀναξίως

1032 854 1173 886 διακονῶν,
1200 855 1248 881 καὶ
1267 856 1502 891 μεταλαμϐάνων;
1516 857 1570 883 Καὶ
1592 856 1642 882 οὐκ
1663 855 1820 890 αίδούμεθα,

1033 900 1131 932 ἔξωθεν
1148 901 1197 936 μὲν
1210 901 1249 937 τῷ
1263 902 1369 936 σώματι
1382 901 1598 934 ἐξαλλάττοντες,
1615 902 1661 928 καὶ
1672 903 1764 936 χεῖρας
1782 901 1822 927 νί-

1034 954 1156 979 πτοντες,
1182 947 1229 973 καὶ
1248 947 1330 980 πόδας
1347 948 1502 982 ὑποδήμασι
1527 947 1701 980 κοσμοῦντες,
1717 948 1763 973 καὶ
1787 947 1824 973 τὰ.

1034 992 1176 1026 πρόσωπα,
1194 993 1242 1019 καὶ
1258 993 1308 1028 τὴν
1333 993 1454 1028 κεφαλὴν
1473 992 1703 1024 καλλωπίζοντες·
1717 992 1822 1018 ἔνδυσιν

1034 1037 1155 1072 καθαρὰν
1173 1038 1220 1064 καὶ
1235 1038 1444 1073 ἁστρὰπτουσαν
1467 1039 1588 1074 ἔχοντες·
1615 1038 1716 1065 ἔσωθεν
1730 1038 1769 1068 δὲ,
1787 1039 1823 1073 τῇ

1032 1081 1103 1117 ψυχῇ
1121 1083 1156 1109 τὰ
1175 1083 1248 1116 πάθη
1272 1084 1318 1110 τοῦ
1343 1083 1466 1110 διαϐόλου
1486 1084 1680 1119 ἠμφιεσμένοι,
1696 1083 1742 1110 καὶ
1757 1083 1825 1118 ὃλην

1032 1127 1080 1162 τὴν
1093 1127 1179 1163 ψυχὴν
1193 1129 1399 1163 ὲσκοτισμὲνην,
1417 1129 1464 1155 καί
1490 1129 1538 1164 τὴν
1554 1129 1656 1163 ἰσθῆτα
1670 1129 1756 1163 αὐτῆς
1775 1137 1824 1163 με,

1034 1173 1206 1207 μολυσμένην
1221 1173 1342 1208 ἔχοντες·
1364 1175 1394 1201 ἐν
1409 1174 1516 1210 σώματι
1538 1174 1630 1201 λοιπὸν
1645 1174 1693 1200 καὶ
1708 1174 1823 1210 θεωρία,

1033 1219 1081 1244 οὐκ
1093 1219 1121 1245 ὲν
1135 1219 1270 1253 πνεύματι
1291 1221 1337 1246 καὶ
1352 1220 1464 1256 ἀληθείᾳ
1476 1221 1514 1255 τῷ
1526 1220 1621 1255 Κυρίῳ
1633 1219 1822 1252 δουλεύοντεςς

1070 1263 1202 1290 Βούλεσθε
1230 1264 1380 1299 γυμνὼσω,
1397 1266 1443 1292 καὶ
1468 1265 1564 1301 ἑτέραν
1583 1265 1638 1291 τῶν
1663 1265 1724 1291 καθ’
1745 1265 1823 1299 ἡμᾶς

1033 1309 1095 1340 τοὺς
1109 1309 1190 1343 ἱερεῖς
1204 1309 1388 1345 ὲλεεινοτάτην
1400 1319 1451 1345 συμ
1457 1310 1552 1345 φορὰν,
1563 1311 1634 1344 καὶὴ
1649 1311 1717 1344 ἀκοὴ
1727 1310 1824 1344 φόϐος,

1034 1354 1081 1380 καὶ
1111 1355 1211 1389 τρόμος
1240 1355 1406 1390 καθέστηκε;
1429 1355 1649 1381 ’Λκουέτωσανοί
1668 1354 1822 1385 νοσοῦιτες,

1035 1400 1081 1426 καὶ
1095 1399 1320 1434 διορθούσθωσαν.
1343 1401 1470 1435 Ἀμεινον
1493 1401 1548 1435 γὰρ
1575 1402 1625 1435 τῆς
1650 1399 1824 1434 λειτουργίας

1033 1445 1212 1479 ἀφίστασθαι,
1223 1446 1240 1481 ἢ
1255 1447 1284 1472 ἐν
1298 1446 1367 1481 αὐτῇ
1386 1446 1452 1473 ὅντα
1460 1446 1524 1477 τοὺς
1534 1445 1690 1480 ὀφθαλμοὺς
1718 1445 1758 1476 είς
1773 1445 1824 1476 τὰς

1033 1490 1088 1517 τῶν
1105 1490 1256 1525 προσώπων
1280 1491 1432 1527 εὐμορφίας
1463 1491 1623 1527 ῥέμϐεσθαι.
1641 1491 1747 1527 Φρίξον,
1775 1491 1824 1517 ἀν-

1035 1535 1127 1571 θρωπε
1138 1544 1145 1551 ·
1158 1537 1199 1568 είς
1208 1536 1260 1570 γῆν
1273 1536 1448 1571 καταδύθητι,
1462 1537 1499 1572 μὴ
1511 1537 1638 1563 κατελθὸν
1650 1537 1705 1572 πῦρ
1717 1536 1823 1563 ἀναλώ-

1035 1590 1076 1607 σει
1093 1590 1132 1608 σε.
1149 1582 1179 1607 Et
1199 1582 1255 1617 γὰρ
1265 1584 1296 1617 τῇ
1315 1582 1429 1617 ὲπιγείῳ
1443 1583 1516 1618 βάτῳ
1535 1582 1716 1617 προσεγγίσαι
1741 1582 1823 1617 θελή-

1036 1634 1085 1658 σας
1097 1626 1217 1662 Μωῦσῆς
1227 1646 1234 1659 ,
1251 1627 1385 1653 κωλύεται
1401 1628 1479 1663 amt,-
1491 1624 1521 1654 οὖ
1536 1627 1612 1654 λύσει
1631 1628 1662 1654 τὸ
1680 1627 1821 1661 ὐπῶημα,

1034 1671 1109 1706 πόσῳ
1122 1680 1153 1706 γε
1167 1672 1266 1706 μᾶλλον
1275 1673 1355 1707 ἡμεῖς
1367 1673 1413 1700 τὸν
1421 1673 1548 1707 ἀγγέλοις
1566 1673 1681 1699 ἀθέατον
1691 1672 1821 1707 ὁρῶντες,

1034 1717 1080 1742 καὶ
1107 1716 1298 1751 ψηλαφῶντες,
1327 1718 1374 1744 καὶ
1390 1718 1656 1753 μεταλαμϐάνοντες,
1674 1717 1822 1752 ὀφείλομεν

1032 1760 1111 1788 λῦσαι
1129 1762 1163 1788 τὰ
1182 1762 1266 1798 νεκρὰ
1288 1763 1334 1789 καὶ
1345 1763 1451 1795 ὀζοδίας
1465 1763 1584 1799 γέμοντα
1610 1762 1680 1797 ἔργα
1700 1761 1750 1796 τῆς
1770 1761 1823 1796 ψυ-

1029 1812 1091 1848 χῆς.
1106 1812 1198 1844 Τύπος
1218 1812 1268 1847 τῆς
1287 1811 1426 1847 τραπέζης
1452 1811 1502 1846 τῆς
1531 1811 1669 1846 μυστικῆς
1685 1811 1701 1845 ὴ
1717 1810 1818 1845 βάτοςί

1029 1857 1112 1888 τύπος
1124 1857 1152 1883 δὲ
1167 1857 1222 1882 τῶν
1241 1857 1449 1892 ἁμαρτημάτων
1463 1856 1498 1882 τὰ
1519 1855 1691 1890 ὑποδήματα.
1708 1854 1821 1888 Ταύτην

1029 1903 1079 1936 τὴν
1093 1902 1211 1937 φοϐερὰν
1226 1902 1396 1938 λειτουργίαν
1421 1900 1502 1928 Δαϐὶδ
1516 1901 1626 1936 τρέμων
1643 1900 1753 1934 ἔλεγεν·
1769 1900 1823 1926 Νί-

1030 1949 1124 1982 ψομιιι
1135 1948 1169 1974 ἐν
1183 1942 1291 1981 ἀθώοις
1307 1948 1360 1980 τὰς
1385 1947 1488 1982 χεῖράς
1501 1955 1571 1982 μου.
1596 1946 1645 1973 καί
1671 1944 1825 1972 κυκλώσω

1031 1993 1064 2020 τὸ
1080 1994 1299 2029 θυσιαστήριον
1313 2001 1384 2026 σου,
1404 1995 1503 2029 Κύριε.

1071 2079 1232 2114 ’Λνάνηψον,
1250 2079 1386 2114 ἄνθρωπε.
1404 2079 1436 2105 Τί
1452 2079 1506 2108 τοῖς
1532 2077 1764 2114 προσερχομένας
1776 2078 1824 2104 λέ-

1032 2133 1101 2159 γεις,
1109 2125 1194 2159 Σῶμα
1205 2125 1253 2151 καὶ
1265 2123 1335 2159 αἷμα
1346 2124 1399 2151 τοῦ
1407 2124 1510 2158 Ἀμνοῦ
1519 2123 1655 2150 τοῦθεοῦ
1664 2123 1825 2157 διδόμενόο·

1030 2178 1079 2197 σοι
1090 2170 1134 2201 είς
1147 2169 1257 2203 ἄφεσιν
1271 2167 1430 2202 ἁμαρτιῶν;
1446 2168 1478 2194 Τί
1495 2168 1584 2202 λέγεις
1598 2176 1605 2200 ;
1620 2167 1716 2194 Ἀλλον
1728 2167 1826 2193 καθαίο

1029 2224 1084 2251 ρειν
1094 2215 1253 2250 ἐπιχειρεῖς.
1267 2215 1311 2240 καὶ
1323 2214 1410 2248 ἑαυτῴ
1422 2213 1452 2239 οὐ
1464 2213 1614 2248 φροντίζεις
1626 2222 1633 2245 ;
1643 2214 1694 2244 Εἰς
1710 2211 1827 2246 ἄξει-ιν·

1028 2260 1178 2294 ἁμαρτιῶν
1190 2260 1288 2293 λέγεις,
1298 2260 1343 2286 καὶ
1355 2260 1387 2286 σὺ
1399 2259 1555 2293 προσθήκην
1567 2258 1708 2293 ἁμαρτιῶν
1734 2258 1784 2284 καὶ
1799 2259 1828 2284 ὲν

1030 2306 1099 2340 αὐτῇ
1110 2306 1143 2340 τῇ
1155 2306 1295 2340 μεταδόσει
1314 2305 1433 2340 ὲργάζῃ;
1455 2304 1594 2338 Ἐννόησον
1615 2303 1664 2338 τῆς
1681 2304 1828 2338 τραπέζης

1032 2352 1138 2387 ἐκείνης
1155 2352 1205 2386 τῆς
1220 2352 1338 2386 φοόερᾶς
1354 2351 1399 2378 τοῦ
1414 2350 1522 2378 δείπνου
1542 2350 1590 2376 τοῦ
1607 2349 1738 2384 μυστικοῦ
1753 2349 1828 2385 [κατ’

1033 2397 1149 2433 ἔλλειψιν
1158 2397 1215 2430 τοῦ,
1225 2396 1310 2432 napi],
1318 2396 1495 2431 καὶεύρήσεις
1502 2396 1530 2421 ὲν
1539 2396 1634 2428 ἐκείνῳ
1640 2394 1751 2420 ἅπαντα
1760 2395 1829 2428 ἡμῖν

1032 2444 1155 2474 τυπικῶς
1165 2450 1278 2478 προειρη
1283 2441 1478 2477 μένα.”1δωμεν
1485 2440 1601 2466 δυσωπῶ
1608 2440 1723 2471 ἕκαστος
1734 2441 1752 2474 ἡ
1757 2440 1828 2474 μῶν,

1033 2489 1091 2520 πῶς
1116 2490 1145 2515 ἐν
1169 2489 1255 2524 ταύτῃ
1280 2487 1479 2522 παριστάμεθα,
1499 2487 1596 2520 μήπως
1613 2486 1659 2512 καὶ
1684 2486 1770 2519 ἡμεῖς
1792 2485 1829 2517 ὡς

1040 2535 1140 2566 Ἰούδας
1153 2535 1198 2560 τὴν
1215 2533 1332 2568 Χριστὸν
1345 2534 1400 2564 τοῖς
1417 2534 1520 2566 νοητοῖς
1539 2531 1676 2562 Ἰουδαίοις
1689 2532 1830 2566 προδίδωο

1036 2589 1095 2617 μεν.
1107 2582 1191 2607 Ὅταν
1208 2580 1262 2614 γὰρ
1274 2579 1322 2605 σὺν
1340 2578 1414 2612 αὐτῷ
1426 2577 1606 2612 διατρίϐοντες
1624 2577 1652 2602 ἐν
1668 2578 1700 2610 τῇ
1720 2571 1831 2612 ᾧοῦερᾷ

1033 2625 1187 2661 λειτουργίᾳ
1201 2625 1247 2650 καὶ
1262 2624 1352 2659 θυσίᾳ,
1365 2623 1456 2658 χώραν
1469 2622 1507 2656 τῷ
1521 2622 1627 2656 Σατανᾷ
1646 2621 1783 2656 δώσωμεν
1802 2623 1830 2648 ιν

1033 2673 1067 2708 τῇ
1085 2671 1182 2706 καρδίᾳ
1201 2672 1235 2706 τῇ
1249 2670 1382 2705 ἡμετέρᾳ,
1394 2669 1468 2696 οὐδὲν
1487 2663 1568 2700 ἦττον
1582 2667 1630 2693 καὶ
1654 2668 1736 2702 ἡμεῖς
1756 2676 1829 2699 παρ-

1036 2717 1188 2752 εδώκαμεν.
1201 2716 1233 2742 Τί
1242 2716 1269 2742 δὲ
1284 2715 1330 2742 καλ.
1340 2714 1462 2750 όνιπτὴρ
1475 2713 1489 2738 ό
1502 2713 1616 2748 φοϐερὸς
1632 2713 1705 2748 ἡμᾶς
1718 2714 1827 2744 ἐκεῖνος
