1952 3066
231 145 300 182 89.59

865 147 1024 180 ‘INCERTI
1043 147 1234 181 AUCTORIS

1791 150 1865 184 3260

227 210 291 230 eum
316 207 428 237 peccato
449 202 477 230 in
499 205 638 230 vetustum
661 202 821 230 abierimus.
845 203 1021 231 lnunutemus

1077 205 1212 240 νισθῶμεν
1227 205 1278 231 πά)
1286 215 1309 231 ιν
1321 204 1363 231 διὰ
1381 205 1537 239 μετανοίας,
1551 203 1643 240 ἐπειδὴ
1653 203 1864 241 ὲπαλαιώθημεν

228 249 322 280 vitam,
336 249 460 275 utDeum
476 248 636 283 placabilem
649 248 805 276 reddamus.
824 249 949 282 Quonam
969 258 1018 277 au-

229 299 283 322 tem
298 295 379 322 modo
396 295 468 322 istud
493 295 549 327 ﬁet,
565 295 691 322 dicturus
708 295 810 323 accedo
831 305 838 323 :

264 341 408 368 Scrutetnr
419 342 607 376 unusquisque
619 342 826 374 conscientiam;
842 350 912 369 onus
927 351 1017 374 suum,

229 393 261 412 ac
283 386 354 413 mala
378 387 497 421 plangat.
517 387 569 419 Qui
594 386 752 419 iurabatur,
772 387 946 423 ingruentem
970 389 1018 415 Dei

229 431 308 463 iram,
325 440 356 459 ac
371 433 494 459 futurum
509 433 676 468 supplicium
689 433 823 468 cogimus,
848 433 935 461 furari
947 434 1019 460 desi-

229 480 286 502 nat.
307 476 468 504 Fornicator
499 478 692 512 pmnitentiam
718 483 790 511 agat,
824 485 856 505 ac
882 486 944 505 eum
967 479 1021 506 Duo

230 521 384 554 paciscatur
400 522 459 550 fore
476 527 532 550 uta
553 523 651 550 fanore
670 523 807 558 ejusmodi
824 531 853 550 se
874 523 1020 550 abstineat.

229 567 391 603 Quanquam
418 578 485 597 vero
507 571 607 597 iterum
631 572 730 603 cadat,
757 575 881 606 resurgat
907 571 1018 600 iterum,

230 620 406 648 pugnantque
431 615 567 643 instauret
589 617 722 644 adversus
740 616 892 649 diabolum,
915 623 966 642 nec
988 616 1022 642 ad

232 664 348 686 mortem
374 669 461 695 usque
485 662 524 688 illi
545 663 636 690 cedat.
663 663 795 695 Mendax,
823 671 878 689 non
907 663 1024 697 amplius

231 705 351 738 priorem
369 714 471 734 morem
485 707 611 740 retineat,
624 709 747 743 cogitans
757 708 830 742 quod
847 708 950 735 dictum
965 712 1022 735 est:

230 751 329 778 Perdes
347 761 437 780 omnes
456 755 500 789 qui
528 754 671 789 loquuntur
695 755 863 781 mendacium
877 755 911 780 "‘.
931 752 1037 781 llonii?

232 796 292 823 cida
309 798 498 832 pmnitentiam
515 804 594 834 agat:
614 799 703 826 Virmn
719 800 792 826 enim
812 801 974 835 sanguinum
1002 804 1027 826 et

231 841 352 868 dolosam
374 842 573 869 abominabitur
590 843 759 870 Durnium".
787 844 920 870 Ebriosus
951 845 1026 879 cogi-

1068 250 1101 277 δι’
1111 252 1258 286 ἁμαρτίας.
1276 249 1484 286 Ἐναλλάξωμεν
1513 251 1558 277 τδν
1574 251 1641 285 βίον,
1658 250 1702 277 ἴνα
1730 250 1863 277 καταλλά-

1070 296 1159 329 ξωμεν
1170 297 1201 322 τὸ
1214 297 1293 324 θεῖον.
1310 297 1371 328 Πῶς
1381 297 1411 323 δὲ
1427 297 1506 323 τοῦτο
1519 297 1562 323 ἵνα
1575 297 1702 332 γένηται,
1716 296 1770 331 ἐγὼ
1781 296 1862 330 λέγω·

1112 342 1300 377 Ἐρευνησὰτω
1312 342 1426 374 ἕκαστος
1441 342 1472 369 τὸ
1489 342 1585 369 ἑαυτοῦ
1606 342 1723 373 συνειδός
1733 350 1740 358 ·
1758 341 1788 368 τὺ
1798 342 1863 368 ἐαυ-

1070 389 1116 415 τοῦ
1141 389 1260 423 φορτίον,
1279 389 1324 415 καὶ
1349 388 1384 414 τὰ
1399 388 1495 416 ἑαυτοῦ
1517 388 1590 414 κακὰ
1605 388 1738 414 κοπτέτω.
1761 387 1789 413 '0
1800 387 1862 414 κλέ-

1073 443 1143 468 πτης
1171 434 1268 461 ἐννοῶν
1279 434 1326 469 τὴν
1344 435 1523 468 ἐπικειμένην
1533 434 1659 468 ἀπειλὴν.
1673 433 1719 459 καὶ
1731 433 1780 468 τὴν
1797 433 1861 466 μὲλ-

1072 481 1172 507 λουσαν
1187 480 1307 511 κόλασιν,
1329 480 1479 507 παυσάσθω
1504 480 1551 506 τοῦ
1567 479 1710 505 κλέπτειν·
1731 481 1745 504 ό
1766 480 1863 513 πόρνος

1073 527 1248 557 κατανοείτω,
1268 527 1315 552 καὶ
1333 527 1458 561 στησάτω
1479 526 1546 562 πρὸς
1572 525 1638 551 Θεὸν
1663 524 1809 559 συνθήκας,
1822 525 1862 550 ὅτι

1073 572 1122 606 τῆς
1140 572 1268 607 τοιαύτης
1279 572 1411 603 δυσωδίας
1428 572 1554 599 παύεται.
1568 572 1626 598 Κᾶν
1643 571 1672 598 δὲ
1685 570 1765 597 πάλιν
1778 571 1858 606 πέσῃ,

1075 616 1155 642 πάλιν
1171 617 1326 651 ἀναστήτω,
1348 617 1395 643 καὶ
1418 616 1458 651 τῷ
1484 616 1600 651 διαϐόλῳ
1619 616 1792 650 πολεμείτω·
1815 616 1862 641 καὶ

1074 661 1126 692 ἕως
1145 661 1260 688 θανάτου
1286 661 1373 695 τούτῳ
1404 662 1441 697 μὴ
1474 661 1659 697 συγχωρείτω.
1681 662 1712 687 '(l
1730 661 1859 695 ψεύστης,

1077 707 1175 742 μηκέτι
1197 708 1231 743 τῇ
1254 707 1375 743 προτέρᾳ
1414 707 1543 742 συνηθείᾳ
1571 707 1724 742 ὲμμενὲτω,
1762 707 1860 734 ἐννοῶν

1075 751 1120 778 τοῦ
1133 752 1267 786 λέγοντος·
1288 753 1420 786 Ἄπολεῖς
1433 753 1549 785 πάντας
1560 753 1630 786 τοὺς
1643 753 1818 787 λαλοῦντας
1831 755 1862 780 τὸ

1077 797 1198 831 ψεῦδος.
1223 798 1251 824 Ὀ
1265 799 1408 832 φονεύσας,
1424 799 1603 833 μετανοείτω·
1626 798 1738 832 Ἄνδρα
1753 800 1806 834 γὰρ
1821 802 1863 826 α]-

1075 842 1178 876 μάτων
1185 843 1233 869 καὶ
1241 843 1554 875 δόλιονβδελύσσετίιι
1565 844 1682 878 Κύριος,
1693 845 1721 870 Ὀ
1735 844 1863 879 μέθυσος,

233 889 271 911 tet.
284 887 455 920 captivorum
465 888 596 920 esuriem,
616 896 647 915 ac
662 888 735 922 quod
757 897 790 915 ex
812 889 876 914 vino
899 889 1021 916 nascitur

1077 889 1199 915 ἐννοείτω
1208 889 1257 924 τὴν
1270 889 1323 915 τῶν
1335 889 1516 924 αἰχμαλώτων
1532 890 1637 919 πεῖναν,
1650 890 1697 916 καὶ
1710 889 1759 924 τὴν
1775 891 1806 916 ὲκ
1817 890 1862 916 τοῦ

232 930 376 963 damnum,
390 939 474 966 seque
504 933 561 967 ipse
578 934 716 960 emendet.
731 934 846 961 Adulter
861 943 914 961 non
928 935 1022 969 despe-

232 979 285 1008 rcl,
308 976 356 1003 sed
383 982 526 1011 peccaturi]
561 975 720 1014 deplangat.
738 987 770 1006 ne
793 979 899 1006 veniant
925 988 1022 1007 eonse~

232 1027 342 1055 quetur.

267 1074 332 1101 Heri
347 1075 500 1109 proximum
517 1076 649 1103 conviciis
672 1077 847 1110 petebamus;
863 1077 944 1104 hodie
961 1077 1020 1104 fau-

231 1119 282 1146 stis
298 1127 362 1147 eum
384 1121 455 1147 votis
479 1129 688 1156 prosequamur.
713 1122 775 1150 lleri
789 1123 1020 1157 detrahebamus,

231 1165 314 1192 tinem
331 1166 412 1194 hodie
428 1167 589 1195 detrahendi
607 1169 749 1195 faciamus.
768 1168 831 1196 lleri
849 1169 942 1205 injurii
958 1178 1019 1198 era-

230 1219 303 1243 mus,
325 1220 358 1239 co
375 1213 485 1240 nomine
502 1214 584 1240 hodie
607 1214 799 1248 poeniteamus.
822 1215 885 1242 lleri
906 1216 1020 1251 injuria~

231 1265 291 1284 rum
306 1266 442 1286 memores
462 1268 608 1287 rancorem
631 1260 782 1294 aiebamus,
801 1261 882 1288 hodie
898 1262 1021 1297 ignosca—

230 1310 302 1330 mus.
320 1304 384 1331 lleri
407 1305 552 1332 thesauros
574 1306 793 1337 cumulabamus,
818 1307 901 1334 hodie
915 1308 1022 1342 disper-

230 1357 336 1383 gamus.
356 1350 421 1377 Heri
444 1351 556 1386 superbi
576 1352 767 1384 tumebamus,
794 1352 876 1379 hodie
898 1353 1020 1381 modeste

230 1395 379 1429 sapiamus.
389 1396 451 1424 Heri
464 1397 566 1432 injusto
583 1397 688 1425 foenore
697 1403 831 1433 quaestum
843 1398 1020 1432 faciebamus,

231 1438 314 1466 hodie
333 1448 376 1466 res
389 1445 496 1468 nostras
509 1441 536 1468 in
557 1449 692 1477 pauperes
708 1450 863 1477 erogcmus.
880 1443 932 1474 Ne.
945 1451 1020 1479 rogo,

231 1485 305 1518 quod
321 1493 427 1518 sumus,
443 1495 663 1521 perseveremus,
673 1496 707 1515 ne
721 1492 750 1515 et
763 1488 845 1515 mina:
858 1489 885 1515 in
897 1496 947 1516 nos
961 1497 1018 1515 mar-

231 1535 324 1557 neant.
339 1531 416 1564 Quod
435 1540 532 1559 sumus
545 1533 736 1565 immutemur,
754 1538 783 1560 ut
796 1538 886 1561 cesset
905 1534 956 1561 ira.

268 1575 306 1602 Ne
318 1575 393 1603 dicas
411 1585 418 1602 ε
437 1577 567 1604 Peccator
581 1585 653 1610 sum,
670 1578 822 1605 sceleratus
834 1595 841 1609 ,
869 1578 1019 1611 homicida,

231 1620 382 1653 veneficus,
409 1622 491 1654 latro.
520 1630 610 1657 neque
635 1630 678 1650 me
695 1623 838 1657 suscipiet.
863 1624 936 1651 Nihil
957 1625 1020 1656 tale,

232 1665 326 1699 homo,
340 1667 472 1702 loquaris.
486 1668 557 1701 Quid
572 1669 645 1697 enim
658 1669 669 1695 ?
683 1669 754 1696 Num
765 1670 838 1697 Deus
852 1675 966 1704 propter
978 1671 1023 1705 ju-

232 1715 290 1739 stos
302 1713 399 1740 venit?
419 1714 544 1746 Minime,
576 1715 624 1742 sed
645 1720 759 1750 propter
776 1723 827 1743 nos
853 1716 1021 1748 luxuriosos,

233 1756 385 1792 improbos,
401 1759 585 1794 blasphemas,
598 1761 765 1793 immundos,
783 1762 886 1797 pigros,
903 1761 1023 1789 fornica-

235 1806 320 1834 tores,
335 1804 490 1832 mendaces.
517 1805 605 1833 Nostri
631 1814 712 1834 causa
727 1815 743 1834 e
767 1808 839 1834 caalo
862 1807 1021 1840 descendit;

235 1847 320 1873 nostri
340 1849 427 1882 gratia
444 1849 470 1875 in
486 1854 565 1877 utero
581 1850 727 1884 habitavit,
745 1852 834 1886 sputis
849 1852 953 1879 oblitus
969 1857 1021 1885 est,

234 1892 320 1926 virgis
328 1900 426 1925 CIBSUS,
437 1894 511 1921 cruci
523 1894 628 1922 aiiixus.
638 1895 811 1930 Quapropter
818 1897 1022 1931 resipiscamus,

233 1945 339 1972 nosque
349 1939 417 1966 adeo
429 1940 529 1967 horum
544 1941 667 1968 omnium
682 1942 792 1970 nomine
809 1942 1021 1976 confessionem,

234 1991 267 2010 ac
281 1984 373 2012 cordis
387 1986 595 2014 conversionem
615 1987 654 2013 illi
669 1987 829 2019 otIeramus,
837 1996 872 2014 ne
886 1987 957 2015 forte
973 1997 1022 2015 no-

235 2030 277 2057 bis
291 2030 363 2058 inter
374 2031 553 2066 iudicandum
570 2032 729 2067 exprobret,
754 2032 849 2059 dicens
870 2041 877 2060 :
892 2033 914 2060 0
927 2040 1024 2067 pecca-

234 2080 319 2108 tores,
331 2084 362 2104 ac
377 2077 482 2110 miseri,
503 2078 682 2112 quamobrem
700 2086 743 2105 me
753 2078 915 2112 sprevistis?
925 2078 1022 2105 Nonne

234 2125 353 2147 vestram
367 2120 394 2147 in
407 2122 521 2156 gratiam
534 2122 617 2149 homo
632 2122 722 2150 factus
738 2130 798 2150 sum
810 2123 821 2148 ?
834 2123 931 2149 Nonne
943 2123 1021 2150 dice-

234 2163 307 2198 bam,
318 2166 393 2200 quia,
404 2166 463 2193 Non
475 2168 533 2194 ueni
548 2175 643 2194 vocare
651 2168 748 2202 justas,
765 2168 811 2194 sed
821 2168 996 2202 peccatores"
1014 2169 1025 2194 ?

1074 933 1146 959 οἴνου
1161 933 1323 969 τικτομένην
1337 934 1448 968 βλάὸην,
1462 934 1508 960 καὶ
1521 934 1617 960 ἑαυτὸν
1630 934 1827 968 σωῳρονιζέτω.
1835 934 1864 960 '0

1077 979 1232 1014 μοιχεύσας,
1247 979 1284 1014 μὴ
1293 980 1388 1006 ἑαυτὸν
1399 980 1621 1013 ἀπογινωσκὲτω,
1632 979 1701 1006 ἀλλὰ
1711 980 1762 1014 τὴν
1774 979 1864 1014 ἁμαρ-

1074 1025 1134 1051 τίαν
1147 1026 1345 1060 περικοπτέτω,
1361 1026 1408 1052 καὶ
1416 1026 1540 1059 τεύξεται
1559 1025 1735 1062 συγγνώμης.

1110 1069 1179 1100 Χθὲς
1193 1071 1380 1105 ἐλοιδοροῦμεν
1393 1071 1438 1097 τὸν
1449 1071 1561 1106 πλήσιον
1572 1080 1579 1086 ·
1593 1072 1712 1106 σήμερον
1723 1071 1808 1098 αὑτὸν
1825 1072 1865 1097 εὖ.

1075 1116 1244 1151 λογήσωμεν.
1263 1114 1334 1148 Χθὲς
1348 1117 1589 1152 κατελαλήσαμεν·
1607 1119 1726 1152 σήμερον
1753 1119 1863 1144 παυσώ-

1077 1162 1157 1198 μεθα.
1170 1163 1241 1194 Χθὲς
1258 1163 1438 1198 ὲνυϐρίσαμεν
1451 1171 1456 1178 ·
1477 1164 1596 1198 σήμερον
1611 1163 1708 1198 [αὐτῷ]
1730 1164 1863 1198 μετανοή-

1076 1217 1177 1242 σωμεν.
1190 1208 1260 1239 Χθὲς
1281 1209 1545 1244 ἐμνησικακήσαμεν
1556 1217 1562 1223 ·
1579 1209 1699 1243 σήμερον
1717 1211 1863 1243 συγχωρή-

1076 1262 1177 1288 σωμεν.
1187 1254 1258 1285 Χθὲς
1269 1254 1408 1289 ὲθησαυρή
1414 1262 1500 1288 σαμεν
1510 1262 1516 1268 ·
1529 1254 1648 1289 σήμερον
1659 1254 1862 1289 σκορπίσωμεν.

1074 1299 1145 1330 Χθὲς
1159 1299 1422 1334 ὑπερηφανευόμεθα
1432 1308 1439 1314 ·
1465 1300 1586 1334 σήμερον
1603 1299 1862 1334 ταπεινοφρονήσω-

1077 1353 1136 1379 μεν.
1154 1345 1224 1376 Χθὲς
1239 1345 1338 1376 ἀδίκως
1351 1345 1508 1380 ἐτοκίζομεν
1519 1353 1526 1360 ·
1543 1346 1664 1381 σήμερον
1687 1347 1735 1372 καὶ
1752 1346 1791 1372 τὰ
1803 1347 1864 1372 ἐαυ-

1074 1391 1128 1418 τῶν
1136 1391 1334 1426 μεταδώσωμεν
1342 1392 1464 1426 πένησιν.
1473 1392 1517 1426 Μὴ
1532 1392 1668 1427 μείνωμεν
1687 1393 1758 1426 ὅπερ
1769 1392 1864 1426 ἐσμὲν,

1074 1439 1202 1469 δυσωπῶ.
1219 1439 1263 1465 ἵνα
1279 1439 1315 1474 μὴ
1333 1439 1379 1465 καὶ
1394 1440 1410 1473 ἡ
1422 1439 1521 1473 ἀπειλὴ
1536 1439 1615 1474 μείνῃ
1628 1439 1670 1472 ἐφ’
1686 1439 1865 1474 ὴμᾶς.”οπερ

1075 1484 1149 1510 ἐστὶν
1159 1483 1359 1518 ὲναλλάξωμεν,
1378 1484 1425 1510 καὶ
1439 1485 1456 1519 ἡ
1466 1484 1535 1519 ὀργὴ
1551 1484 1702 1510 πέπαυται.

1111 1575 1156 1610 Μὴ
1172 1574 1263 1610 εἴπῃς,
1279 1574 1455 1610 ’Δμαρτωλός
1486 1575 1553 1610 ειμι,
1573 1575 1744 1610 παράνομος,
1758 1575 1864 1608 ςονεὺς,

1074 1621 1229 1656 φαρμακὸς,
1253 1620 1366 1655 λῃστὴς,
1394 1620 1442 1647 καί
1459 1620 1489 1646 οὐ
1507 1621 1688 1655 προσδέχεταί
1712 1629 1757 1654 με.
1771 1621 1864 1654 Μηδὲν

1072 1667 1191 1693 τοιοῦτον
1202 1667 1292 1701 εἴπῃς,
1306 1666 1443 1701 ἄνθρωπε.
1459 1666 1553 1702 Τίγάρ
1563 1676 1570 1700 ;
1580 1666 1630 1693 Διὰ
1640 1666 1764 1698 δικαίους
1775 1668 1789 1692 ὁ
1801 1667 1865 1698 Θεὸς

1073 1708 1169 1744 ἦλθεν;
1184 1711 1318 1746 Οὐδαμῶς
1332 1720 1338 1726 ·
1355 1711 1422 1738 ἀλλὰ
1440 1711 1473 1738 δι’
1488 1712 1560 1746 ἡμᾶς
1574 1712 1636 1742 τοὺς
1652 1712 1787 1744 ἀσώτους,
1805 1712 1864 1743 τοὺς

1073 1757 1199 1791 ἀνόμους,
1218 1758 1279 1788 τοὺς
1299 1757 1486 1791 βλασφήμους,
1514 1758 1578 1789 τοὺς
1591 1757 1778 1791 ἀκαθάρτους,
1803 1757 1864 1789 τοὺς

1074 1803 1222 1838 ῥᾳθύμους,
1234 1803 1297 1834 τοὺς
1319 1803 1446 1838 πόρνους,
1461 1803 1525 1835 τοὺς
1538 1802 1675 1837 ψεύσταςο
1692 1801 1727 1830 δι’
1749 1804 1825 1838 ἡμᾶς
1839 1803 1866 1834 ἑξ

1073 1848 1188 1882 οὐρανοῦ
1213 1847 1345 1882 κατῆλθεν
1356 1856 1362 1863 ·
1383 1847 1417 1874 δι’
1434 1848 1507 1882 ἡμᾶς
1522 1849 1550 1873 ὲν
1580 1849 1672 1882 μήτρα
1686 1847 1797 1882 ᾤκησεν
1812 1857 1820 1863 ·
1833 1848 1864 1874 δι’

1073 1892 1146 1926 ἡμᾶς
1157 1892 1312 1927 ἁνεπτύσθη
1323 1901 1330 1908 ο
1339 1892 1372 1918 δι’
1383 1893 1457 1927 ἡμεῖς
1470 1892 1605 1927 ἐραπίσθη
1616 1900 1622 1906 ·
1635 1892 1667 1918 δι’
1678 1894 1754 1928 ἡμᾶς
1770 1894 1866 1919 ἐσταυ-

1074 1936 1158 1971 ρώθη.
1175 1937 1220 1963 Διὸ
1235 1937 1375 1972 νήφωμεν,
1401 1937 1447 1963 καὶ
1471 1938 1698 1972 πρυσενὲγκωμεν
1728 1937 1806 1972 αὐτῷ
1822 1938 1865 1963 καὶ

1074 1983 1154 2018 ἡμεῖς
1170 1983 1240 2018 ὑπὲρ
1257 1982 1302 2008 τού
1310 1992 1359 2008 πων
1375 1983 1513 2015 ἁπάντων,
1530 1982 1724 2016 ἐξομολόγησιν
1741 1983 1791 2008 καὶ
1807 1984 1864 2009 ἑπι-

1075 2027 1193 2062 στροφὴν
1209 2028 1332 2063 καρδίας,
1362 2028 1460 2062 μήπως
1479 2027 1596 2062 ὀνειδίσῃ
1632 2028 1706 2061 ἡμᾶς
1727 2027 1757 2052 ὲν
1779 2027 1864 2063 καιρῷ

1075 2074 1199 2109 κρίσεως,
1218 2073 1302 2107 λέγων
1316 2081 1322 2088 ⁸
1338 2071 1373 2100 Ὦ
1400 2073 1557 2108 ἁμαρτωλοὶ
1574 2073 1619 2099 καὶ
1633 2073 1864 2108 ταλαίπωρπιβιὲ

1073 2121 1099 2147 τί
1115 2129 1165 2155 μου
1182 2120 1401 2155 κατεφρονήσατε
1416 2129 1423 2152 ;
1441 2119 1478 2146 Οὺ
1502 2119 1534 2146 δι’
1562 2120 1633 2155 ὑμᾶς
1647 2120 1864 2155 ἐνηνθριῠπησας

1073 2167 1130 2193 Οὐκ
1143 2165 1218 2193 εἷπον
1232 2167 1284 2198 ὅτι,
1300 2168 1361 2193 Οὐκ
1376 2164 1472 2200 ἦλθον
1486 2167 1613 2193 καλέσαι
1626 2166 1775 2199 δικαίους,
1788 2167 1865 2194 ἀλλὰ

233 2211 323 2244 Quare
339 2219 393 2238 non
410 2212 477 2240 estis
501 2213 645 2240 conversi?
669 2213 741 2246 Quid
759 2213 812 2240 mei
838 2221 921 2241 causa
938 2213 1020 2241 susti«

1077 2213 1280 2247 ἁμαρτωλούς
1291 2212 1340 2238 Διὰ
1351 2212 1377 2238 τί
1392 2213 1442 2238 οὐκ
1452 2212 1635 2248 ἐπεστρέψατε
1645 2221 1652 2245 ;
1665 2213 1696 2238 ΤΕ
1714 2213 1786 2247 ὑπὲρ
1803 2212 1864 2246 ἐμοῦ

235 2256 355 2284 nuistis?
372 2257 444 2290 Quid
457 2258 533 2291 mihi,
549 2263 637 2286 utvos
652 2259 790 2293 recipiam,
809 2259 934 2286 alienis?

269 2348 340 2381 Quid
354 2356 431 2384 ergo,
451 2349 560 2382 fratres,
579 2355 645 2377 tunc
667 2350 789 2377 habituri
817 2351 1019 2386 sumus?jeju-

235 2402 329 2426 mum;
357 2394 480 2429 vigilias;
508 2395 686 2430 martyrium;
718 2395 897 2428 castitatem;
928 2396 1021 2423 mode-

235 2440 333 2471 stiam;
352 2440 474 2467 animum
503 2440 570 2467 nihil
596 2440 719 2468 rancoris
735 2440 881 2467 habentem
893 2450 900 2473 ;
914 2441 1021 2468 miseri-

235 2486 374 2518 cordiam;
406 2486 598 2518 dilectionem;
631 2486 888 2521 longanimitatem?
915 2487 1021 2514 Revera

237 2531 279 2558 his
295 2531 424 2559 omnibus
451 2532 576 2559 destituti
605 2540 710 2565 sumus,
739 2541 791 2559 nec
803 2533 903 2559 horum
929 2533 1021 2567 aliqua

234 2579 351 2613 egimus,
368 2584 397 2605 ut
411 2579 450 2606 illi
470 2579 628 2606 oﬂeramns.
648 2578 748 2605 Verum
757 2579 822 2613 quid
839 2579 920 2605 nobis
929 2586 1022 2605 comes

235 2625 402 2652 abeuntibus
410 2625 533 2657 exsistat,
547 2626 629 2652 vultis
638 2625 751 2652 dicam?
770 2624 809 2651 Ne
828 2624 920 2651 verbis
935 2624 1021 2650 mole-

235 2674 295 2696 stus
311 2671 361 2697 sim
377 2679 383 2696 ε
403 2679 464 2697 nam
480 2672 624 2699 veritatem
637 2671 745 2705 loquar.
758 2670 859 2698 Videre
882 2674 926 2697 est
949 2669 1022 2704 apud

236 2723 286 2743 nos
299 2716 343 2743 hic
359 2724 430 2748 esse,
444 2717 564 2751 hincque
582 2725 631 2744 nos
642 2716 812 2749 comitantia,
831 2724 862 2743 ac
878 2724 939 2751 quae
959 2721 1024 2743 tunc

236 2761 424 2794 traducantur,
440 2763 600 2798 injuriarum
627 2763 712 2796 labes,
735 2762 911 2795 invidentias,
925 2762 1025 2789 tumul-

501 2849 522 2864 ³⁷
539 2849 608 2876 ibid.

277 2848 299 2862 ’°
317 2848 387 2875 l‘sal.
399 2857 424 2882 v,
440 2850 464 2876 7.
501 2849 522 2864 ‘7
539 2849 608 2876 ibid.
648 2849 669 2865 η
687 2849 780 2876 Matth.
794 2857 831 2882 1x,
850 2849 891 2876 l5.

1077 2259 1263 2293 ὑπεμείνατε;
1281 2258 1313 2284 Τί
1348 2267 1392 2293 μοι
1422 2259 1602 2293 προσφέρετε,
1622 2258 1665 2284 ἶνα
1694 2259 1767 2293 ὑμᾶς
1785 2258 1864 2290 δέξω-

1077 2310 1142 2339 μαιὲ

1110 2350 1142 2375 Τί
1158 2348 1204 2375 οὖν
1221 2349 1354 2384 μέλλομεν
1378 2349 1450 2384 ἔχειν
1473 2350 1544 2380 τότε,
1565 2349 1696 2383 ἁδελφοίς
1717 2350 1862 2383 νηστείαν;

1074 2394 1244 2428 ἀγρυπνίαν;
1264 2394 1434 2429 μαρτυρίανς
1464 2393 1659 2428 σωφροσύνην;
1683 2394 1864 2424 ταπείνωσιν,

1075 2438 1277 2473 ἀμνησικακίαν
1289 2447 1296 2470 ;
1308 2437 1491 2472 ἐλεημοσύνην
1502 2447 1508 2469 ;
1516 2438 1624 2471 ἀγάπην
1635 2446 1642 2469 ;
1655 2438 1863 2472 μακροθυμία-ις

1075 2483 1158 2510 Οὐδὲν
1172 2483 1291 2510 τοιοῦτον
1306 2483 1404 2518 ἔχομεν
1431 2483 1549 2519 ἀληθῶς,
1567 2484 1626 2510 οὐδὲ
1647 2484 1810 2518 ἐπράξαμεν
1824 2485 1863 2510 ἵνα

1076 2529 1150 2565 αὐτῷ
1166 2529 1405 2565 προσενέγκωμεν.
1423 2529 1502 2555 Ἀλλὰ
1517 2529 1605 2564 τίᾶρα
1617 2529 1676 2562 μεθ’
1691 2529 1771 2563 ἡμῶν
1782 2530 1865 2563 ἀπέρ-

1076 2584 1161 2611 χεται,
1173 2575 1299 2610 βούλεσθε
1311 2575 1398 2608 sine);
1416 2575 1453 2610 μὴ
1474 2574 1587 2609 λυπήσω
1610 2574 1698 2607 λέγων
1711 2582 1718 2588 ·
1735 2574 1863 2609 ἀλήθειαν

1074 2623 1128 2658 γὰρ
1140 2622 1205 2658 ἐρῶ.
1225 2621 1319 2649 Ἔστιν
1338 2621 1401 2648 ίδείν
1414 2621 1478 2656 παρ’
1494 2620 1574 2655 ἡμῶν
1588 2619 1708 2646 ἐνταῦθα
1726 2621 1807 2652 ὄντα,
1821 2621 1863 2646 καὶ

1074 2669 1102 2694 ὲν
1116 2669 1182 2703 ἡμῖν
1195 2667 1381 2703 ἀπερχόμενα,
1396 2667 1442 2694 καὶ
1468 2667 1529 2693 τότε
1558 2666 1794 2702 θριαμϐευόμενον..
1809 2667 1863 2693 ἀδι-

1077 2713 1147 2746 κίας,
1165 2713 1353 2748 μισαδελφίας,
1366 2713 1489 2747 φθόνους,
1500 2712 1717 2744 ἀκαταστασίας,
1727 2712 1862 2748 πορνείας,

1078 2759 1172 2794 μέθας,
1190 2759 1380 2796 φιλαργυρίας,
1401 2758 1550 2793 ἐπιορκίας,
1576 2758 1754 2791 Manli/4‘1;
1781 2757 1874 2784 λοιδῡ-“
