1952 3066
104 178 170 210 3Ξ61

656 178 703 207 DE
723 177 884 208 PERSICA
904 177 1166 208 (IAPTIVITATE.

1663 177 1734 211 3563

103 240 176 274 ρίας,
189 237 324 269 διαϐολὰς,
348 237 595 273 ψευδομαρτυρίας.
621 237 749 271 αἱρέσεις,
764 237 885 270 διχοστα-

951 245 997 267 ,us,
1012 236 1218 267 fornicationes,
1237 235 1420 268 temulentias,
1446 236 1584 267 avaritias,
1600 238 1728 271 periuria,

104 285 174 316 σίας.
197 284 289 311 Ταῦτα
303 283 381 319 ήμῶν
404 283 438 310 τὰ
460 283 532 310 κακὰ
554 282 656 316 ἐφόδια.
680 281 753 315 Αὕτη
776 281 853 315 ἡμῶν
871 282 887 316 ἠ

104 329 200 362 σιδηρᾶ
221 328 381 360 ἇλυαις.Διὸ
408 328 581 364 πονήσωμεν,
596 326 759 361 παρακαλῶ,
777 322 827 351 ὦδε
846 334 889 359 μι-

103 377 178 410 κρὸν,
200 375 242 401 ἵνα
266 374 303 410 μὴ
320 374 496 407 κολασθῶμεν
515 374 573 399 ἐκεῖ
588 372 654 398 πολύ
670 382 676 387 -
691 369 888 405 ἀγωνισώμεθα

103 422 171 455 πρὶς
180 421 286 455 καιρδν,
299 420 343 446 ἕνα
359 418 396 454 μὴ
413 417 617 453 βασανισθῶμεν
633 416 758 447 αἰωνίως.
779 415 809 441 Ὀ
824 414 888 449 χρό-

103 474 148 497 νος
166 465 272 499 μικρδς,
290 465 307 500 ἡ
323 464 352 490 δὲ
367 463 457 498 κρίσις
468 462 570 497 μακρά.
587 462 623 487 Τὸ
641 461 718 492 τέλος
734 460 828 494 ἐγγὺς,
842 460 890 485 καὶ

103 511 118 536 ὁ
139 511 217 544 φόϐος
237 510 330 542 πολὺς,
347 510 392 536 καὶ
412 509 428 538 ό
444 508 514 534 λύων
543 507 639 538 οὐδεὶς,
654 506 702 533 καὶ
719 507 732 532 ὁ
772 503 895 530 σπεύδων

104 557 177 583 Vixi.

141 642 209 669 Οὐαὶ
227 642 263 677 τῷ
273 640 453 677 ρᾳθυμοῦντι,
469 639 546 674 ξητεί
559 639 611 674 γὰρ
625 637 670 664 τὸν
686 637 781 672 καιρὸν
799 637 829 662 ὃν
846 646 895 664 κα-

104 690 160 720 κῶς
189 689 368 722 ἐδαπάνησεν.
398 687 467 712 Οὐαὶ
482 685 522 719 τῷ
548 684 705 718 ἀμελοῦντι,
721 684 762 710 ὅτι
777 683 893 717 ζητήσει

106 735 222 768 σταγόνα
237 733 331 764 ὓδατος
346 734 373 758 ὲν
387 733 425 767 τῷ
441 731 518 766 τιυρί.
536 731 604 757 οὐαὶ
626 730 666 763 τῷ
678 728 842 755 ἀπιστοῦντι
860 730 893 763 τῇ

105 782 206 816 κρίσει,
226 781 267 806 ὅτι
284 780 327 806 διὰ
337 779 392 805 τῶν
406 778 494 812 ἔργων
509 777 556 803 καὶ
570 776 624 802 τῶν
638 775 763 810 βασάνων
778 772 894 808 πεισθῆ-

106 835 193 854 σεται.
209 826 276 852 Οὐαὶ
288 825 327 859 τῷ
346 825 383 858 μὴ
398 822 583 859 μετανοοῦντι,
606 821 646 847 ὅτι
664 821 732 855 πρὸς
754 821 894 855 αὐστηρὸν

106 872 202 907 κριτὴν
211 870 366 906 πορεύεται.
386 869 453 895 Οὐαὶ
469 868 507 902 τῷ
521 867 557 902 μὴ
573 866 707 901 τρέχοντι,
721 866 761 892 ὃτι
776 867 809 891 ὲν
830 866 894 900 ὲρη-

107 919 181 954 μξαις
194 917 397 951 αὐλισθήσεται.
412 914 481 941 Οὐαὶ
504 914 544 949 τῷ
560 912 746 944 ἁπελπίζοντι,
761 911 804 937 ὅτι
825 911 893 945 πρὸς
910 903 931 932 Β

106 964 260 998 ἀποτόμους
276 962 407 996 ἀγγέλους
433 961 618 996 παραδίδοται.
633 959 740 995 Χρυσδν
751 959 802 994 μὲν
814 960 868 993 γὰρ
881 958 895 983 ὁ

107 1010 242 1041 ἀπόλλων,
257 1007 335 1034 ἄλλον
354 1007 464 1042 εὑρήσει
476 1014 482 1021 ·
500 1006 592 1040 χρόνον
613 1006 641 1031 δὲ
661 1007 675 1031 ὁ
695 1005 832 1035 ἀπόλλων,
847 1003 895 1037 οὐχ

106 1056 217 1090 εὑρήσει
230 1054 323 1088 ἓτερον
335 1053 402 1088 πρός
414 1052 567 1086 μετάνοιαν.

143 1101 188 1135 Μὴ
209 1098 367 1133 φεισώμεθα
393 1097 528 1131 σώματος,
545 1097 591 1122 καὶ
601 1095 689 1135 ψυχὴν
703 1094 894 1128 ἀπολέσωμεν,

107 1144 175 1171 ἀλλὰ
187 1142 394 1177 κατατρίψωμεν
407 1139 473 1166 αὑτό
483 1149 490 1156 '
506 1139 611 1173 ἐπειδὴ,
623 1137 770 1169 Μακάριοι
784 1138 810 1163 οἱ
823 1144 895 1162 πεν-

107 1190 240 1221 θοῦντες,
254 1189 281 1214 ol
292 1186 461 1218 πεινῶντες,
473 1186 499 1212 οὶ
511 1184 667 1219 διψῶντες,
678 1183 706 1209 οἰ
718 1183 894 1215 πονοῦντες,

109 1237 150 1263 ὅτι
168 1235 310 1270 μέλλουσιν
338 1231 455 1259 αἰωνίων
473 1231 564 1256 κόπων
592 1230 638 1255 καὶ
654 1228 793 1255 κολάσεων
807 1228 893 1254 ἀπαλ-

107 1279 262 1307 λάττεσθαι.
289 1277 326 1302 Τὸ
342 1276 431 1310 σῶμα,
461 1274 545 1309 πηλός
564 1274 657 1299 ἐστιν·
683 1272 732 1298 καὶ
756 1270 896 1297 ἐλεύσεται

108 1327 177 1362 ὥρα,
190 1325 238 1351 καὶ
251 1322 340 1358 ἡμέρα
355 1320 457 1355 φοϐερὰ
468 1320 515 1346 καὶ
527 1317 724 1353 ἀπαραίτητος,
735 1317 782 1343 καὶ
795 1317 835 1347 εἰς
845 1315 896 1349 γῆν

109 1360 140 1406 ήἺ
154 1370 189 1404 γῆ
213 1367 374 1403 πορεύεται·
395 1365 449 1403 καὶ,
470 1365 487 1400 ἡ
510 1364 584 1396 κόνις
610 1363 691 1390 πάλιν
722 1362 796 1394 κόνις
826 1360 898 1395 γένε-

108 1425 166 1444 ται.

143 1461 294 1497 Νήψωμεν,
318 1456 454 1486 δυσωπῶ-
478 1453 710 1492 όδοιπορήσωμεν,
726 1453 897 1488 ὸξυποδήσω-

111 1519 162 1546 μεν
171 1517 178 1525 ·
190 1508 329 1536 ἐλεύσεται
337 1507 419 1538 ὅντως
430 1497 487 1539 ὥρα
497 1505 608 1541 ἐσχάτη,
615 1502 753 1530 ἐλεύσεται
768 1501 876 1532 πάντως
887 1507 895 1516 ·

112 1555 151 1591 μὴ
178 1554 291 1584 ἑαυτοὺς
315 1552 511 1588 ἀπατήσωμεν.
535 1550 625 1576 Ἔστω
654 1548 703 1574 καὶ
731 1546 895 1582 τρυφῶμεν·

111 1602 181 1628 ἔστω
192 1601 240 1628 καὶ
257 1599 416 1633 πλουτῶμεν
429 1597 608 1631 πεντήκοντα,
632 1595 649 1630 ἢ
666 1595 712 1620 καὶ
726 1593 822 1620 ἑκατὸν
838 1592 895 1626 ἐτη.
910 1587 932 1615 C

111 1644 189 1677 Εἶτα,
206 1645 253 1671 καὶ
267 1643 335 1679 μετὰ
348 1641 437 1672 τοῦτο,
449 1640 475 1666 τί
486 1649 494 1673 ;
510 1640 606 1670 Νόσος.
618 1638 673 1665 Καὶ
683 1639 715 1664 ἐκ
727 1637 838 1672 ταύτης,
850 1636 877 1662 τί
888 1644 896 1668 ;

117 1690 275 1725 Ἀδυναμία,
291 1689 347 1715 Καὶ
360 1689 391 1714 ὲκ
419 1686 531 1721 ταύτης,
556 1685 602 1716 τίς
623 1683 656 1710 'H
683 1682 784 1719 φρικτὴ
805 1681 898 1716 ὲκείνη

111 1738 182 1773 ὥρα,
193 1737 210 1770 ή
227 1736 303 1770 παρὰ
319 1734 426 1760 πάντων
439 1730 653 1767 προσδοκωμένη
666 1730 713 1756 καὶ
728 1727 896 1763 φριῆομὲνη

111 1784 160 1811 καὶ
180 1780 364 1817 ἀμελουμένη.
382 1779 488 1812 Μέγας,
507 1776 617 1810 ἀδελφοί
633 1784 693 1811 μου,
708 1775 722 1801 ὁ
742 1773 824 1808 φόϐος
837 1773 899 1799 τότε

111 1832 226 1865 γίνεται.
240 1827 319 1861 Μέγα
339 1825 440 1853 ἰδέσθαι
466 1823 554 1858 ψυχὴν
569 1822 621 1849 ὑπὸ
635 1821 758 1855 ἀγγέλων
786 1819 899 1854 χωριζο-

114 1864 198 1911 μένην
207 1872 254 1900 τοῦ
271 1871 396 1906 σώματος
406 1869 487 1903 κενήν
497 1876 505 1884 ·
526 1867 578 1894 ὑπὸ
589 1866 722 1901 δαιμόνων
738 1864 898 1899 λογυθετου-

115 1910 208 1957 μένην.
234 1917 348 1952 Μεγάλη
372 1917 389 1951 ἡ
403 1914 462 1950 ὧρα
483 1914 533 1947 τῆς
547 1913 669 1947 ἀνάγκης
693 1910 800 1938 καὶτοῦ
814 1917 898 1945 χωρι-

114 1966 183 2002 σμοῦ
215 1964 330 1993 ἐκείνου,
349 1963 413 1988 ὅταν
432 1962 456 1987 οἱ
478 1956 899 1994 ὀφθαλμοὶὴμῶνάλλοιωοήσον-

115 2019 176 2037 ται·
194 2010 258 2036 ὅταν
274 2007 380 2043 ὴφωνὴ
409 2006 460 2032 ὑπὸ
481 2006 530 2040 τῆς
547 2004 661 2038 συνοχῆς
678 2001 897 2036 κρατηοήιιεται⁹

113 2057 178 2083 ὅταν
194 2056 212 2089 ἡ
221 2054 330 2088 γλῶσσα
344 2052 389 2077 τὸν
403 2050 481 2084 λόγον
496 2049 527 2075 οὑ
536 2047 653 2075 δίδωσιν.
668 2044 734 2072 Εἶτα
748 2044 899 2079 στρέφομεν

115 2102 177 2131 τοὺς
192 2099 346 2138 ὀφθαλμοὺς
356 2094 407 2124 ὧδε
426 2095 528 2130 συχνὰ’
544 2094 575 2120 τὸ
595 2093 704 2127 πνεῦμα
719 2093 898 2127 ταράττεται-

118 2145 249 2179 ίλιγγιᾷὴ
276 2137 362 2178 ψυχή·
378 2142 524 2176 συστρέφει
544 2140 589 2166 τὸν
612 2138 674 2164 νοῦν
690 2137 754 2172 τῇδε
768 2137 897 2162 κάκεῖσε·

117 2192 192 2226 ζητεί
208 2191 255 2216 τὸν
272 2189 416 2224 ῥυόμενον·
432 2188 502 2221 τάχα
517 2186 546 2212 δὲ
571 2186 618 2212 καὶ
634 2185 690 2210 τῶν
715 2181 900 2217 παρεστώτων

116 2238 205 2264 δέεται
216 2244 224 2252 ·
238 2235 303 2266 ἴσως
316 2234 344 2260 δὲ
356 2233 402 2259 καὶ
411 2233 460 2268 τῆς
471 2232 563 2265 κλίνης
576 2231 687 2265 φεύγειν
703 2228 899 2262 δοκιμάζομεν.

115 2284 186 2314 Τοὺς
203 2259 379 2317 παρεστῶτας
389 2259 458 2314 ἡμίν
468 2259 570 2313 φίλους,
582 2259 604 2312 ’ἢ
619 2259 788 2310 ἀόελφοὺςίῆ
800 2259 897 2308 γονεῖς,
915 2259 937 2285 θ

115 2331 147 2358 οὐ
161 2327 329 2365 γνωρίζομεν
339 2334 346 2341 ·
360 2326 430 2360 τάχα
440 2323 470 2352 δὲ
483 2321 792 2359 γνωρίζοντες,λαλῆσαι
809 2320 900 2351 αὐτοῖς

59 2405 68 2410 ,,
83 2368 99 2406 δ
116 2378 167 2405 οὐκ
183 2375 322 2410 ἰσχύομενι

153 2422 214 2448 Τῶν
227 2418 396 2455 θρηνούντων
409 2416 483 2452 ἡμᾶς
498 2414 631 2449 ἀκούομεν
647 2414 693 2439 καὶ
721 2411 833 2443 τούτους
848 2420 900 2438 πα-

119 2465 329 2508 ραμυθήσασθαι
352 2464 382 2490 οὐ
403 2461 550 2505 δυνάμενα.
567 2461 608 2487 Τὰ
635 2460 717 2486 τέκνα
746 2458 902 2492 όδυνώμενα

119 2503 166 2544 iui.
181 2513 333 2549 δακρύοντα
350 2511 495 2545 βλέπομεν,
516 2503 569 2534 ’καὶ
586 2507 629 2533 τδν
645 2506 724 2532 πόνον
747 2505 796 2539 τῆς
815 2505 900 2539 ὀρφα-

119 2562 178 2592 νίας
192 2559 280 2586 αὐτῶν
293 2558 410 2593 ἔχοντες,
422 2554 603 2591 πορευόμεθα.
618 2552 672 2579 Καὶ
683 2552 709 2578 τί
719 2551 790 2584 λέγω
801 2552 881 2576 τέκνα
894 2559 901 2582 ;

125 2607 205 2641 Ἐμοὶ
222 2606 294 2632 δοκεῖ
307 2605 349 2630 ὅτι
362 2603 470 2636 ἐκείνης
482 2601 531 2635 τῆς
545 2599 618 2634 ὥρας
634 2597 849 2630 καταλαὸούσης,
859 2597 901 2622 οὐ·

118 2654 174 2684 δεῖς
186 2650 314 2686 μεριμνᾷ,
329 2649 360 2675 ού
374 2648 488 2677 τέκνων,
501 2646 531 2672 οὐ
543 2645 637 2679 φίλων,
651 2644 701 2670 οὐκ
727 2642 858 2676 ἀδελφῶν,
874 2641 904 2667 οὐ

94 2729 97 2731 η
120 2694 337 2732 γυναικό;⁸οὑδὲ
354 2693 420 2727 ἄλλη
442 2690 551 2726 φροντίς
573 2698 613 2721 τις
643 2690 689 2716 καὶ
707 2686 779 2721 λύπη
799 2687 905 2720 συνέχει

122 2743 212 2772 αὑτὸν,
226 2742 250 2767 εἰ
267 2740 304 2774 μὴ
343 2738 396 2764 τῶν
414 2737 511 2764 ἑαυτοῦ
525 2734 764 2771 παραπτωμάτων,
786 2735 832 2759 καὶ
849 2733 906 2763 πίῖς

122 2787 275 2821 ἀπαντήσει
290 2781 328 2820 τῷ
344 2786 433 2819 κριτῇ,
452 2784 498 2809 καὶ
510 2783 535 2809 τί
547 2781 743 2816 ἀπολογήσεται
755 2788 761 2795 '
781 2780 826 2806 καὶ
839 2781 905 2814 ποία

161 2878 182 2894 ⁴⁹
195 2877 290 2906 Matth.
378 2885 453 2912 seqq.

944 281 1168 313 detractationes,
1185 281 1320 313 convicia,
1341 281 1492 308 calumnias
1504 303 1511 313 ,
1528 282 1594 309 falsa
1610 283 1733 310 testimo-

943 327 998 357 nia,
1020 327 1147 359 haereses,
1159 327 1353 354 dissidiaJL’ec
1366 327 1451 355 nostri
1465 327 1527 354 mali
1544 333 1731 355 commeatus:

944 372 1002 398 haec
1026 372 1114 398 ferrea
1136 376 1229 398 nostra
1245 376 1351 399 catena.
1369 372 1475 399 idcirco
1499 372 1656 400 laboremus
1676 373 1731 406 hic,

945 425 1021 451 rogo,
1039 417 1182 451 tantisper,
1194 424 1229 443 ne
1250 417 1296 443 diu
1310 417 1366 444 illic
1384 424 1480 451 pcenas
1494 417 1601 444 demus.
1613 418 1652 445 Ad
1666 422 1733 444 tem-

943 471 994 498 pus
1011 453 1185 489 decertemus
1198 483 1205 495 ,
1226 470 1261 489 ne
1275 463 1399 489 cruciatu
1423 467 1524 490 aeterno
1543 467 1731 497 torqueamur.

943 509 1063 543 Tempus
1079 508 1162 534 breve
1181 511 1233 538 est,
1253 507 1364 541 longum
1387 507 1520 542 judicium
1551 507 1612 534 finis
1632 507 1731 540 instat;

944 553 1039 588 ingens
1055 553 1146 585 timor,
1161 552 1208 586 qui
1224 552 1346 579 decutiat
1361 559 1442 579 nemo
1467 556 1509 579 est
1522 573 1528 585 ,
1553 553 1656 584 vincet,
1685 553 1732 587 qui

944 599 1063 626 festinat.

979 645 1024 672 Va:
1038 645 1127 679 pigro,
1140 649 1245 679 qmeret
1253 644 1326 672 enim
1337 648 1444 679 tempus
1456 644 1528 679 quod
1546 645 1616 671 male
1630 644 1733 671 insum-

943 691 1008 726 psit.
1025 691 1070 717 ναξ
1086 690 1234 725 negligenti
1247 711 1253 722 ,
1270 691 1335 724 quia
1356 694 1461 725 guttam
1479 697 1556 724 aqua:
1577 690 1604 716 in
1618 689 1734 716 flammis

944 736 1075 770 requiret.
1091 736 1138 763 Va:
1168 735 1249 762 fidem
1276 735 1383 770 judicio
1411 735 1585 768 detrahenti,
1607 742 1671 761 nam
1686 741 1734 768 per

944 790 988 809 res
1016 781 1088 815 ipsas
1113 788 1144 807 ac
1167 781 1352 807 cruciamenta
1378 780 1415 806 illi
1438 780 1506 807 ﬁdes
1531 781 1588 807 fiet.
1606 781 1652 807 Vre
1679 787 1734 806 non

945 827 1035 861 agenti
1056 825 1253 861 'pmnilcntiam
1267 845 1273 856 ,
1302 825 1364 859 quia
1390 825 1422 852 ad
1453 829 1592 852 austerum
1613 825 1733 860 judiecm

944 873 1028 899 vadit.
1047 872 1093 899 Vae
1112 871 1225 898 remisso
1238 871 1271 897 ad
1289 878 1411 903 cursum,
1424 871 1488 905 quia
1504 871 1530 897 in
1543 871 1659 898 desertis
1674 879 1734 897 ma—

945 918 1032 945 nebit.
1046 917 1091 944 Vze
1108 916 1251 948 difﬁdenti,
1267 917 1330 951 quia
1346 916 1379 943 ad
1390 916 1474 943 duros
1488 916 1661 950 immitesque
1684 924 1734 942 an-

945 964 1020 999 gelos
1033 963 1170 990 transibit.
1181 962 1249 989 Nam
1269 961 1316 996 qui
1331 962 1392 988 auri
1405 963 1540 996 jacturam
1565 961 1640 993 facit,
1659 961 1733 988 aliud

947 1009 1134 1043 recuperabit;
1149 1008 1195 1041 qui
1212 1015 1278 1034 vero
1294 1007 1420 1034 amiserit
1442 1012 1561 1041 tempus,
1582 1007 1656 1034 aliud
1673 1006 1734 1033 nul-

945 1057 1002 1083 lum
1014 1054 1048 1082 ad
1058 1053 1249 1088 paenitentiam
1265 1052 1395 1087 deinceps
1409 1053 1555 1080 obtinebit.

981 1100 1022 1128 Ne
1047 1106 1193 1134 parcamus
1225 1099 1346 1133 corpori,
1368 1106 1400 1125 ac
1426 1098 1544 1125 animam
1570 1098 1731 1132 perdamus:

946 1145 1090 1182 quinillud
1107 1151 1287 1175 maceremus,
1311 1143 1447 1177 siquidem
1467 1143 1561 1170 :Beati
1572 1143 1617 1178 qui
1635 1142 1733 1177 lugent,

947 1192 993 1226 qui
1010 1191 1138 1220 esuriant,
1150 1189 1254 1220 sitiunt,
1274 1188 1398 1215 laborant
1410 1188 1442 1221 δ’,
1455 1188 1528 1222 quod
1540 1188 1651 1215 aeternis
1659 1187 1735 1214 labo-

947 1237 1023 1263 ribus
1038 1243 1069 1262 ac
1087 1234 1258 1262 cruciatibus
1284 1233 1420 1260 liberandi
1434 1238 1507 1260 sunt.
1523 1233 1629 1268 Corpus
1646 1233 1734 1259 lutum

947 1287 990 1309 est
1005 1290 1011 1307 :
1032 1280 1180 1313 venietque
1200 1279 1279 1310 hora,
1297 1286 1329 1305 ac
1352 1278 1493 1305 tremenda
1508 1277 1578 1309 dies,
1596 1284 1734 1312 quamque

947 1335 1029 1354 nemo
1041 1325 1163 1361 effugiat,
1180 1332 1242 1352 eum
1255 1329 1328 1352 terra
1345 1324 1373 1351 in
1388 1329 1491 1351 terram
1512 1327 1678 1356 revertetur,
1703 1330 1736 1350 ac

948 1373 1019 1400 cinis
1032 1372 1133 1399 iterum
1145 1371 1214 1398 cinis
1231 1370 1286 1398 ficti

988 1459 1147 1496 Vigilemtts,
1158 1467 1224 1495 rogo
1237 1462 1243 1485 ἑ
1255 1459 1308 1486 iter
1318 1458 1527 1491 contendamus,
1538 1458 1735 1485 acceleremust

949 1507 1048 1535 Veniet
1072 1514 1169 1534 revera
1187 1513 1317 1540 suprema
1340 1505 1410 1532 dies.
1435 1505 1533 1532 Veniet
1559 1504 1682 1535 omnino,
1701 1511 1737 1530 ne

949 1562 1001 1582 nos
1017 1553 1193 1580 sedueamus.
1209 1551 1276 1578 Esto
1292 1551 1376 1578 etiam
1391 1550 1500 1578 deliciis
1518 1550 1661 1582 fruamur;
1675 1553 1736 1576 esto

950 1605 979 1627 et
1000 1599 1100 1626 divites
1125 1598 1227 1630 simus,
1248 1604 1335 1623 annos
1353 1596 1564 1631 quinquaginta,
1584 1604 1632 1622 seu
1653 1596 1736 1622 etiam

939 1649 1070 1674 ,centum.
1086 1643 1155 1670 Tum
1179 1649 1268 1677 eoque
1291 1642 1401 1677 expleto
1425 1647 1560 1676 tempore,
1587 1634 1737 1676 quidnam“?

948 1690 1105 1726 mgrittido.
1122 1689 1160 1716 Ex
1173 1697 1205 1716 ea
1221 1695 1299 1719 vero,
1322 1688 1410 1722 quid?
1428 1688 1535 1715 Virium
1551 1687 1680 1714 defectio.
1698 1687 1738 1714 Ex

948 1744 981 1764 ea
994 1736 1070 1766 item,
1087 1734 1172 1769 quid?
1185 1733 1339 1760 Tremenda
1368 1733 1414 1760 illa
1433 1732 1512 1764 hora,
1532 1732 1662 1759 omnibus
1683 1739 1735 1758 cx-

949 1785 1072 1816 spcctata
1085 1801 1092 1812 ,
1113 1780 1257 1807 horrorem
1276 1778 1392 1811 faciens,
1410 1786 1442 1806 ac
1450 1779 1585 1813 neglecta.
1607 1778 1737 1813 Magnus,

950 1827 1048 1853 fratres
1061 1825 1127 1855 mei,
1145 1829 1212 1852 tunc
1226 1825 1309 1852 timor
1332 1825 1453 1859 ingruet.
1479 1824 1605 1860 Magnum
1620 1824 1738 1852 animam

948 1872 1054 1903 videre,
1073 1878 1155 1906 quam
1177 1871 1268 1906 angeli
1292 1878 1410 1905 corpore
1434 1871 1584 1898 extrudant
1601 1878 1734 1900 vacuam;

949 1917 1088 1945 daemones
1103 1917 1137 1944 au'
1155 1916 1278 1944 rationes
1293 1916 1453 1950 deposcant.
1472 1916 1568 1951 Magna
1594 1916 1660 1943 hora
1688 1923 1738 1942 ne-

950 1963 1105 1995 cessitatis,
1130 1971 1162 1990 ac
1181 1962 1291 1990 divortii
1321 1962 1405 1992 illius.
1426 1969 1488 1989 cum
1519 1961 1739 1988 immutabuntur

950 2009 1038 2041 oculi;
1054 2016 1117 2035 cum
1141 2016 1173 2034 ex
1194 2007 1384 2034 imbecillitate
1401 2014 1454 2034 vox
1480 2007 1656 2041 impcdietur,
1674 2013 1738 2032 cum

950 2055 1041 2089 lingua
1050 2053 1160 2088 negabit
1171 2060 1339 2080 sermonem.
1356 2053 1480 2086 Tumque
1491 2052 1589 2079 crebro
1600 2051 1654 2077 huc
1663 2050 1737 2081 illuc,

952 2104 1079 2134 torquet.
1100 2098 1199 2133 quaerit.
1223 2098 1270 2133 qui
1300 2098 1423 2125 liberet:
1443 2098 1516 2124 forte
1538 2101 1629 2123 autem
1655 2096 1739 2123 etiam

951 2149 1072 2172 astantes
1088 2149 1168 2179 rogat
1189 2153 1195 2170 :
1221 2144 1335 2171 forsitan
1353 2144 1436 2170 etiam
1453 2143 1526 2170 lecto
1541 2142 1674 2170 enitimur
1693 2142 1737 2169 fu-

951 2199 1025 2226 gere.
1057 2191 1186 2218 Astantcs
1208 2190 1289 2217 nobis
1315 2190 1434 2221 amicos,
1459 2190 1568 2221 fratres,
1599 2193 1737 2223 parentes,

953 2244 1008 2263 non
1039 2235 1251 2271 cognoscimus,
1273 2235 1345 2262 forte
1369 2240 1460 2262 autent
1478 2234 1579 2269 alloqui
1600 2241 1654 2261 non
1673 2241 1737 2268 pos-

951 2290 1057 2309 sumus.

989 2410 1129 2445 Lugentes
1145 2418 1194 2438 nos
1211 2409 1352 2442 audimus,
1373 2417 1425 2438 nec
1446 2410 1498 2437 hos
1512 2409 1649 2437 consolari
1665 2408 1741 2435 valc-

956 2465 1026 2484 mus.
1048 2456 1177 2484 Dolentes
1211 2457 1282 2484 filios
1299 2463 1331 2483 ac
1350 2456 1447 2483 ﬂentes
1470 2455 1627 2487 cernimus;
1651 2461 1740 2488 eoque

955 2503 1066 2530 nomine
1081 2502 1312 2538 a'grehabentes.
1330 2501 1403 2536 quod
1425 2501 1544 2536 pupillos
1570 2501 1632 2527 illos
1658 2499 1741 2526 relin-

955 2556 1081 2583 quamus,
1099 2548 1278 2575 discedimus.
1300 2547 1406 2581 Ecquid
1422 2547 1485 2573 dico
1506 2546 1593 2573 ﬁlios?
1609 2545 1741 2572 Existimo

955 2603 987 2622 ea
1012 2593 1234 2628 appreliendente
1255 2593 1334 2624 hora,
1363 2592 1502 2619 neminem
1519 2590 1666 2618 sollicitum
1681 2596 1741 2616 esse

958 2641 1088 2671 filiorum,
1124 2640 1288 2670 amicorum,
1324 2639 1457 2668 fratrum,
1487 2637 1595 2668 uxoris;
1627 2636 1742 2663 aliamve

956 2695 1051 2714 curam
1071 2686 1165 2716 ullam,
1180 2692 1212 2712 ac
1229 2685 1368 2712 tristitiam
1387 2684 1568 2711 decedentem
1591 2683 1741 2709 incessere.

956 2741 1038 2768 quam
1064 2740 1177 2759 suorum
1202 2731 1382 2763 delictorum,
1407 2739 1438 2757 ac
1463 2737 1582 2764 quonam
1605 2729 1688 2755 modo
1707 2730 1744 2754 sit

957 2787 1124 2806 occursurus
1140 2777 1238 2813 iudici,
1255 2777 1356 2812 quidve
1378 2783 1580 2811 responsurus:
1596 2782 1650 2809 qua
1674 2777 1743 2801 hora
