1952 3066
221 80 291 116 3267

701 81 901 112 MODESTUS
925 82 1168 112 PATRIARCHA
1188 81 1391 113 IIIEROSOL.

1789 79 1861 112 3268

219 138 280 171 eius
302 136 502 171 suppliciorum
530 137 611 169 ratio,
647 137 721 171 quod
753 137 888 164 Lazarqu
911 137 1010 172 despe-

1066 137 1110 163 τὸν
1131 136 1256 171 Λάζαρον
1282 137 1419 172 ὑπερεδεν,
1445 137 1592 171 ὑπέμεινεν
1606 135 1676 170 ἅπερ
1702 135 1857 171 ὑπέμεινεν.

219 182 334 209 xerit".
346 182 399 209 Nu:
412 191 424 208 κ
438 189 504 209 vero
521 182 603 210 hodie
619 182 713 217 plures
727 187 792 210 sunt
806 183 879 217 apud
900 191 951 210 nos
962 183 1014 209 La-

219 219 288 263 zari.
301 227 415 254 Praestat
438 236 537 254 aurum
553 228 723 262 impendere,
740 236 772 255 ac
788 227 930 255 Christum
950 236 1014 255 eoe-

221 280 307 300 mere.
334 273 414 304 Num,
427 273 449 299 si
463 280 579 307 regnum
590 273 724 300 ctelorum
734 281 789 300 non
799 268 897 301 liceret
908 282 1010 305 emere,

219 319 314 354 plures
338 318 439 346 dicturi
467 324 548 346 erant
565 327 571 345 :
588 319 699 347 Utinam
716 320 850 354 pecunias
867 327 1012 355 possemus

219 365 298 396 dare,
318 373 468 399 earumque
487 366 578 401 pretio
591 366 641 393 Dei
661 373 774 401 regnum
796 367 916 394 referre!
933 367 1012 393 Nune

219 415 311 438 autem
329 411 415 445 palam
433 411 558 441 videmus
572 412 742 445 venundari;
759 420 849 447 neque
864 413 890 440 id
913 413 1010 445 multo,

218 461 250 483 ut
264 457 310 490 qui
324 456 415 484 minus
426 457 581 492 locupletes
591 462 670 491 sunt,
682 459 891 488 excusationem
907 459 1010 486 nullam

218 506 379 536 prartexant.

252 548 319 581 Quis
329 548 365 575 ita
378 556 493 584 egenus,
511 553 541 576 ut
552 558 607 577 non
617 551 705 585 possit
722 551 778 580 duo
793 550 891 586 exigua
904 551 1010 578 minuta

217 602 316 629 magna
342 595 427 622 animi
451 588 624 628 incitatione,
649 595 694 623 uti
714 596 798 624 vidua
825 596 920 628 illa“,
943 596 1010 623 dare

216 639 343 673 Christo;
374 632 442 675 quas
461 650 556 669 revera
574 651 607 670 ex
626 650 748 677 paupere
775 642 854 670 dives
871 643 1010 677 extemplo

216 686 288 714 facta
301 688 365 714 est?
380 688 467 715 Nemo
480 689 576 716 inanes
588 689 782 716 exnusationes
794 693 909 723 quaerat.
924 689 1010 716 Nemo

217 732 311 759 dicat:
330 733 390 760 Non
415 734 519 767 habeo;
538 742 644 768 pauper
670 742 742 762 sum.
758 734 827 767 Quis
848 743 904 762 non
927 735 1010 762 habet

217 777 349 812 frigidum
364 787 442 813 aqua:
456 780 570 807 calicem
586 781 597 807 2’
612 780 680 813 Quis
692 781 728 810 ita
748 788 862 815 egenus,
877 785 906 807 ut
919 780 1010 808 bonus

1067 183 1123 209 Νῦν
1138 184 1165 209 δὲ
1185 184 1305 218 σήμερον
1327 184 1391 218 παρ’
1407 185 1470 218 ἡμῖν
1500 183 1593 210 πολλοὶ
1617 182 1749 218 Λάζαροι.
1770 182 1859 209 Καλὸν

1066 229 1276 263 ἀποκτήσασθαι
1291 229 1336 255 τὸν
1348 229 1459 263 χρυσὸν,
1471 229 1517 255 καὶ
1528 228 1663 264 ἀγοράσαι
1675 228 1721 254 τὸν
1731 228 1858 263 Χριστόν.

1065 272 1138 310 Ἀρα
1153 276 1177 301 εἰ
1194 275 1232 310 μὴ
1246 273 1280 311 ἦν
1293 275 1428 309 ἀγοράσαι
1438 275 1485 310 τὴν
1500 275 1640 309 βασιλείαν
1655 273 1711 302 τῶν
1721 274 1749 300 οὗ
1756 273 1852 308 (κινῶν,

1065 321 1114 347 οὐκ
1126 318 1198 356 εἶχον
1212 321 1236 346 οἱ
1254 320 1346 347 πολλοὶ
1362 321 1452 354 λέγειν
1464 330 1471 336 ·
1488 320 1550 347 Elea
1561 318 1593 355 ἦν
1611 319 1703 346 δοῦναι
1717 320 1858 354 χρήματα,

1065 367 1112 393 καὶ
1126 367 1175 401 τῂν
1192 366 1332 401 βασιλείαν
1347 366 1393 393 τοῦ
1401 366 1469 394 Θεοῦ
1483 366 1666 401 κομίσασθαι;
1683 367 1742 391 νυνί
1753 365 1781 391 δὲ
1791 365 1859 399 ὀρῶ-

1066 421 1117 447 μεν
1134 414 1220 448 αὐτὴν
1236 413 1465 448 πιπρασκομένην
1478 413 1635 451 προφανῶς,
1660 412 1707 438 καὶ
1719 411 1781 437 οὐδὲ
1796 411 1859 437 πολ-

1064 458 1122 491 λοῦ,
1133 459 1177 485 ἴνα
1195 459 1232 494 μὴ
1249 458 1474 495 προφασὶσωνται
1487 459 1511 484 οἱ
1527 457 1703 493 πτωχότεροι.

1097 549 1146 581 Τίς
1159 549 1208 575 οὐκ
1227 549 1282 584 ἔχει
1293 548 1381 576 λεπτὰ
1391 548 1437 575 δύο
1455 548 1540 584 μικρά
1551 547 1642 574 δοῦναι
1657 546 1769 582 Χριστῴ
1790 546 1858 581 μετὰ

1065 595 1186 631 μεγάλης
1204 596 1369 630 προθέσεως,
1384 595 1421 626 ὡς
1433 595 1530 630 ὴχήρα
1544 594 1646 628 ἐκείνη,
1656 594 1673 628 ὴ
1686 593 1771 623 ὅντως
1785 591 1857 624 ἐξαί-

1064 651 1133 677 φνης
1151 643 1183 668 ὲκ
1198 641 1294 672 πενίας
1310 642 1486 676 πλουτήσασα
1498 650 1505 674 ;
1519 641 1622 676 Μηδεὶς
1634 639 1854 676 προφασιζέσῦω.

1062 688 1108 722 Μή
1127 696 1171 722 μοι
1187 686 1262 721 λέγε,
1279 687 1336 714 Οὐκ
1351 687 1420 721 ἔχω’
1446 687 1555 722 πτωχός
1577 687 1645 720 ειμι.
1670 685 1719 717 Τίς
1736 686 1786 711 οὐκ
1801 685 1857 718 ἔχει

1063 734 1194 768 ποτήριον
1205 733 1310 768 ψυχροῦ
1325 733 1435 765 ῢδπτοςς
1446 732 1494 764 Τίς
1510 734 1560 760 οὐκ
1570 733 1683 768 εὐπορεῖ
1694 731 1777 764 λόγου
1789 731 1858 764 ἁγα-

1064 779 1125 814 θοῦ;
1140 778 1188 811 Τίς
1195 779 1225 805 οὐ
1232 778 1343 805 δύναταί
1356 779 1481 812 στενάξαι
1495 779 1541 811 ἐπὶ
1555 778 1670 813 :11wa;
1687 777 1782 808 Οὐδεὶς
1794 777 1856 802 τοῦ-

216 831 280 851 eum
309 832 400 852 sermo
432 826 563 852 deﬁciat?
579 826 631 853 Cui
655 835 711 853 non
737 826 802 853 licet
831 831 860 854 ut
882 827 1010 861 pauperis

1066 835 1117 852 των
1130 827 1239 861 ἀπορεῖ.
1256 826 1326 855 Ἀλλ’
1337 826 1422 857 ὅντως
1433 827 1448 860 ἡ
1458 824 1554 860 γνώμη
1565 824 1684 859 ᾁσθενής
1697 830 1704 838 '
1718 824 1767 850 καὶ
1778 822 1857 849 τοῦτο

217 870 395 897 miseratione
417 872 530 906 gemat?
551 872 624 898 Nulli
641 872 699 899 haec
716 872 832 898 [heliltas
855 872 942 898 deest.
974 873 1007 899 At

1061 873 1251 914 γενῴσκοντες,
1267 874 1308 900 ὅτι
1322 873 1367 899 καὶ
1381 873 1464 908 ἡμεῖς
1478 871 1648 907 αἰχμάλωτοι
1660 870 1690 897 ὃν
1706 864 1828 904 [τες]---

216 922 313 943 revera
326 916 436 943 animus
460 917 586 944 int'irmus
601 922 643 944 est
662 926 669 944 :
686 918 768 952 idque
784 926 847 945 cum
876 918 1008 952 sciamus,

215 969 276 989 esse
292 969 343 989 nos
356 970 466 997 quoque
482 964 642 998 captivos...

484 1022 595 1057 (Desunt
613 1023 740 1058 reliqua.)

1388 1022 1525 1056 (Λειπει.)

253 1099 276 1117 ⁸³
293 1099 357 1126 Luc,
369 1106 424 1131 xw,
436 1100 478 1128 l9.
515 1101 538 1118 ⁵³
554 1101 622 1129 Luc.
638 1109 694 1135 xxi,
710 1102 736 1132 Ξ.

215 1191 1846 1216 mm

858 1293 945 1316 ANNO
967 1293 1083 1315 DOMINI
1102 1292 1208 1314 DCXIV.

736 1379 1043 1473 MODE
1053 1383 1183 1473 ST
1193 1382 1323 1478 US

496 1538 1047 1592 HIEROSOLYMITAN
1057 1539 1125 1584 US
1177 1538 1574 1591 PATRIABCHA,

950 1693 1101 1723 NOTITIA
1106 1717 1113 1723 .

711 1779 863 1813 (COMBEFIS.
882 1776 1003 1803 Bibiioth.
1022 1777 1168 1803 conrional.
1183 1775 1237 1808 1,.1,
1252 1784 1281 1810 p.
1296 1776 1354 1812 δί.)

245 1912 396 1944 Modestus,
410 1911 548 1940 Zacharia:
558 1911 586 1938 in
599 1910 923 1945 sedellierosolymitana
938 1915 1091 1943 sucecssor,
1105 1910 1244 1946 illiusque,
1253 1918 1289 1940 eo
1301 1911 1412 1945 captivo
1425 1911 1453 1938 in
1465 1911 1579 1947 regione
1588 1912 1748 1945 Persarum,
1763 1912 1852 1941 admi—

211 1957 360 1989 nistrator;
377 1957 456 1992 cujus
472 1955 554 1983 etiam
572 1956 627 1983 sint
650 1955 707 1988 illa,
731 1964 780 1990 per
797 1960 907 1991 tempus
928 1956 997 1989 illud
1010 1956 1188 1990 captivitatis,
1205 1955 1279 1983 dicta
1294 1964 1326 1983 ac
1343 1956 1445 1991 scripta
1460 1957 1582 1984 solandis
1600 1958 1695 1993 populi
1712 1959 1849 1994 reliquiis,

211 2011 272 2040 qua:
286 2003 479 2038 repraesentavi
496 2003 636 2037 manipulo
650 2002 697 2029 illo
709 2006 873 2033 tractatuum
888 2001 1088 2037 Chrysostomi,
1102 2001 1257 2035 Severliani,
1274 2001 1365 2035 Basilii
1378 2001 1521 2035 Seleuciae,
1536 2007 1603 2035 etc.,
1618 2004 1721 2039 quibus
1739 2005 1780 2032 sic
1790 2013 1851 2040 gra-

211 2052 291 2088 phice
302 2052 362 2087 ejus
372 2051 539 2086 captivitatis
557 2050 683 2077 miserias
699 2049 841 2084 deplorat;
866 2048 997 2084 quasdam
1018 2049 1129 2091 scripsit
1144 2049 1278 2076 llomilias
1289 2049 1317 2076 in
1327 2049 1459 2077 mulieres
1477 2055 1617 2085 unguenta
1633 2051 1769 2083 ferentes,
1783 2052 1849 2079 etin

212 2102 312 2128 festum
329 2099 478 2134 Occursus,
492 2106 608 2133 quarum
626 2101 754 2132 excerpta
772 2096 848 2125 dedit
872 2096 997 2127 Photius,
1019 2095 1115 2122 codice
1132 2095 1195 2126 275,
1211 2103 1243 2122 ex
1259 2103 1315 2130 quo
1339 2095 1398 2130 ipse
1418 2100 1569 2124 mutuatus.
1592 2097 1796 2125 Laudationem
1821 2098 1848 2124 in

211 2144 407 2172 Dormitionem
428 2149 529 2171 saneta),
545 2143 592 2172 Dei
606 2142 754 2170 Genitricis
772 2149 800 2169 se
817 2141 917 2177 legisse
933 2141 971 2168 ait
991 2141 1117 2173 Pltotius,
1136 2141 1206 2168 nihil
1223 2146 1315 2168 tamen
1335 2141 1364 2169 in
1385 2142 1429 2169 illa
1446 2143 1633 2175 necessarium
1649 2144 1803 2176 invenisse,
1817 2154 1848 2172 ac

209 2191 343 2226 eiusmodi
361 2190 452 2225 qualia
469 2190 553 2217 habet
569 2189 608 2216 illi
628 2189 763 2226 superior,
780 2188 828 2219 Et;
844 2188 893 2219 τὰς
913 2188 1094 2223 μυροφύρους.
1111 2187 1181 2214 Sunt
1195 2193 1270 2215 certe
1285 2187 1359 2214 illius
1373 2188 1522 2222 singularia
1535 2189 1569 2221 de
1588 2189 1757 2225 Magdalena,
1773 2192 1848 2226 quod

209 2237 288 2272 virgo
305 2237 396 2269 fuerit,
412 2236 487 2270 quod
512 2240 574 2270 post
597 2239 698 2266 sancue
714 2234 806 2261 Maria:
827 2234 1040 2266 Dorntitionem,
1058 2233 1191 2261 Joannem
1214 2233 1353 2268 Ephesum
1373 2240 1468 2266 secuta
1492 2235 1543 2267 sit,
1563 2235 1657 2270 ibique
1682 2239 1847 2273 martyrium

209 2282 310 2310 obierit
325 2290 334 2309 :
350 2281 422 2316 quod
443 2281 494 2308 sub
509 2279 594 2312 Maria
614 2280 662 2306 Dei
677 2279 817 2307 Gcnitricc
833 2284 860 2307 ct
880 2279 988 2314 Virgine
1000 2279 1055 2306 dux
1078 2284 1107 2306 et
1128 2279 1257 2314 princeps
1274 2279 1378 2307 Christi
1394 2279 1603 2315 discipularum,
1617 2281 1657 2316 uti
1673 2281 1732 2310 fere
1746 2283 1847 2310 Ρειι-ιις

209 2328 409 2363 discipulorum
423 2327 588 2358 exsisteret;
604 2325 651 2352 cui
668 2332 815 2355 commune
831 2333 893 2352 cum
911 2325 955 2351 illa
979 2332 1081 2352 nomen
1105 2329 1197 2352 esset:
1214 2324 1316 2358 duplici
1335 2325 1420 2352 choro
1435 2326 1633 2361 discipulorum
1646 2332 1674 2354 et
1690 2328 1846 2363 discipula-

210 2383 282 2406 rum,
299 2374 344 2409 qni
368 2372 512 2400 Dominum
528 2376 556 2399 et
570 2379 630 2406 qure
646 2371 753 2398 Domini
772 2371 885 2403 Matrem
910 2376 1083 2405 sequeretur,
1100 2379 1163 2398 cum
1183 2371 1290 2400 scilicet
1310 2371 1442 2399 Dominus
1465 2380 1527 2399 cum
1545 2373 1711 2401 mulieribus
1739 2383 1848 2403 sermo-

210 2432 272 2451 nem
285 2430 339 2449 non
355 2421 483 2448 misceret
496 2429 502 2446 :
520 2426 579 2452 qua:
591 2419 632 2446 vir
647 2424 769 2449 sanctus,
786 2418 886 2453 partim
901 2425 934 2444 ex
949 2418 1092 2452 Scriptura
1106 2417 1246 2447 habuerit,
1264 2417 1363 2452 partim
1382 2425 1415 2444 ex
1434 2426 1491 2445 sua:
1503 2418 1634 2450 Ecclesia:
1648 2420 1769 2454 quadam
1788 2426 1846 2448 tra-

210 2470 331 2502 dilione;
350 2469 378 2495 in
395 2476 476 2503 quam
493 2467 646 2502 inquirere,
669 2466 759 2500 iisque
778 2472 945 2500 componere
960 2473 1021 2499 qua:
1042 2465 1076 2492 de
1095 2465 1252 2500 Magdalena
1272 2465 1319 2492 alii
1344 2465 1456 2498 habent,
1472 2474 1523 2495 nec
1547 2467 1596 2493 otii
1618 2467 1664 2499 sit,
1686 2476 1739 2496 nec
1759 2468 1844 2504 hujus

209 2524 308 2552 operat.
322 2516 381 2543 Non
395 2514 462 2541 satis
472 2513 601 2541 convenit
615 2512 776 2546 Theophani
789 2517 816 2538 et
829 2516 924 2539 sancto
938 2511 1106 2546 Nicephoro,
1118 2512 1294 2546 quandouam
1310 2512 1400 2539 factus
1415 2513 1560 2547 episcopus
1572 2513 1722 2547 Modestus,
1737 2520 1767 2542 et
1777 2523 1844 2542 num

210 2562 356 2590 Zacharias
370 2561 455 2589 redux
474 2569 487 2587 a
504 2559 663 2594 captivitate
678 2558 736 2593 ipse
751 2557 879 2585 Heraclio
900 2557 992 2584 socius
1008 2557 1091 2584 fuerit
1119 2565 1151 2585 ac
1172 2557 1282 2593 adjulor
1303 2558 1460 2593 reponenda
1483 2558 1591 2585 Domini
1610 2566 1703 2592 cruce,
1719 2561 1763 2588 vel
1781 2566 1843 2590 ante

210 2609 283 2634 diem
298 2606 408 2633 obierit.
425 2605 492 2636 imo,
508 2611 575 2630 num
594 2603 651 2639 jam
676 2603 798 2630 Modesto
818 2602 949 2637 episcopo
964 2602 1031 2629 urbs
1047 2607 1126 2637 capta
1148 2602 1198 2636 sit;
1221 2611 1282 2637 quae
1304 2604 1394 2631 sancti
1410 2603 1559 2639 Nicephori
1574 2605 1711 2633 sententia
1732 2607 1843 2638 videtur

210 2654 325 2680 adversa
338 2649 514 2685 Theophanis
528 2648 651 2676 historice
663 2653 691 2674 et
711 2647 951 2683 chronographim.
973 2646 1031 2680 Qua
1051 2647 1085 2675 de
1101 2656 1130 2676 re
1148 2649 1286 2682 Petavius,
1307 2648 1341 2676 ad
1361 2654 1486 2677 sanctum
1505 2649 1707 2686 Nicephorum,
1723 2651 1755 2680 P.
1771 2653 1842 2687 Guar

210 2699 239 2725 in
255 2696 429 2733 I'hcophane,
444 2695 556 2730 ipseque
573 2694 645 2721 notis
664 2693 698 2720 ad
710 2701 782 2722 cum.
