  <div class='ocr_page' id='page_1' title='image "/cluster/home/n/w/nwhite01/storage/ocr_20150623/86,pt.2/njp.32101077772810/772.png"; bbox 0 0 1952 3066; ppageno 0'>
   <div class='ocr_carea' id='block_1_1' title="bbox 113 101 1728 138">
    <p class='ocr_par' dir='ltr' id='par_1_1' title="bbox 113 101 1728 138">
     <span class='ocr_line' id='line_1_1' title="bbox 113 101 1728 138; baseline -0.002 -1"><span class='ocrx_word' id='word_1_1' title='bbox 113 106 185 138; x_wconf 69' lang='lat'><strong>2269</strong></span> <span class='ocrx_word' id='word_1_2' title='bbox 850 105 999 134; x_wconf 78' lang='lat' dir='ltr'><strong>NOTITIA</strong></span> <span class='ocrx_word' id='word_1_3' title='bbox 1006 127 1012 134; x_wconf 92' lang='lat'><strong>.</strong></span> <span class='ocrx_word' id='word_1_4' title='bbox 1659 101 1728 133; x_wconf 68' lang='lat'><strong>39.70</strong></span> 
     </span>
    </p>
   </div>
   <div class='ocr_carea' id='block_1_2' title="bbox 123 199 1717 211">
    <p class='ocr_par' dir='ltr' id='par_1_2' title="bbox 123 199 1717 211">
     <span class='ocr_line' id='line_1_2' title="bbox 123 199 1717 211; baseline -0.001 0"><span class='ocrx_word' id='word_1_5' title='bbox 123 199 1717 211; x_wconf 57' lang='lat' dir='ltr'><strong>WW—</strong></span> 
     </span>
    </p>
   </div>
   <div class='ocr_carea' id='block_1_3' title="bbox 762 275 1088 305">
    <p class='ocr_par' dir='ltr' id='par_1_3' title="bbox 762 275 1088 305">
     <span class='ocr_line' id='line_1_3' title="bbox 762 275 1088 305; baseline 0 -1"><span class='ocrx_word' id='word_1_6' title='bbox 762 275 913 304; x_wconf 72' lang='grc' dir='ltr'><strong>ΝΟΤΙΤΙΛ</strong></span> <span class='ocrx_word' id='word_1_7' title='bbox 931 275 1088 305; x_wconf 76' lang='lat' dir='ltr'><strong>ALTERA.</strong></span> 
     </span>
    </p>
   </div>
   <div class='ocr_carea' id='block_1_4' title="bbox 653 354 1191 391">
    <p class='ocr_par' dir='ltr' id='par_1_4' title="bbox 653 354 1191 391">
     <span class='ocr_line' id='line_1_4' title="bbox 653 354 1191 391; baseline -0.004 -9"><span class='ocrx_word' id='word_1_8' title='bbox 653 355 790 391; x_wconf 66' lang='lat' dir='ltr'><strong>(Leonas.</strong></span> <span class='ocrx_word' id='word_1_9' title='bbox 806 354 852 382; x_wconf 88' lang='lat' dir='ltr'><strong>0r.</strong></span> <span class='ocrx_word' id='word_1_10' title='bbox 870 354 966 382; x_wconf 80' lang='lat' dir='ltr'><strong>Christ.</strong></span> <span class='ocrx_word' id='word_1_11' title='bbox 982 360 1000 381; x_wconf 90' lang='lat' dir='ltr'><strong>t.</strong></span> <span class='ocrx_word' id='word_1_12' title='bbox 1015 355 1059 385; x_wconf 84' lang='lat' dir='ltr'><strong>lll.</strong></span> <span class='ocrx_word' id='word_1_13' title='bbox 1074 363 1099 390; x_wconf 88' lang='lat' dir='ltr'><strong>p.</strong></span> <span class='ocrx_word' id='word_1_14' title='bbox 1116 354 1191 389; x_wconf 51' lang='lat'><strong>23,8.)</strong></span> 
     </span>
    </p>
   </div>
   <div class='ocr_carea' id='block_1_5' title="bbox 150 500 1728 538">
    <p class='ocr_par' dir='ltr' id='par_1_5' title="bbox 150 500 1728 538">
     <span class='ocr_line' id='line_1_5' title="bbox 150 500 1728 538; baseline -0.004 -6"><span class='ocrx_word' id='word_1_15' title='bbox 150 503 541 538; x_wconf 82' lang='lat' dir='ltr'><strong>Zachariallierosolymitano</strong></span> <span class='ocrx_word' id='word_1_16' title='bbox 555 501 711 537; x_wconf 76' lang='lat' dir='ltr'><strong>patriarcha</strong></span> <span class='ocrx_word' id='word_1_17' title='bbox 731 502 851 529; x_wconf 88' lang='lat' dir='ltr'><strong>abducto</strong></span> <span class='ocrx_word' id='word_1_18' title='bbox 869 501 897 528; x_wconf 90' lang='lat' dir='ltr'><strong>in</strong></span> <span class='ocrx_word' id='word_1_19' title='bbox 908 500 1048 528; x_wconf 90' lang='lat' dir='ltr'><strong>Persidem</strong></span> <span class='ocrx_word' id='word_1_20' title='bbox 1072 508 1143 527; x_wconf 89' lang='lat' dir='ltr'><strong>anno</strong></span> <span class='ocrx_word' id='word_1_21' title='bbox 1159 500 1260 527; x_wconf 78' lang='lat' dir='ltr'><strong>Christi</strong></span> <span class='ocrx_word' id='word_1_22' title='bbox 1288 501 1349 530; x_wconf 77' lang='lat' dir='ltr'><strong>6M.</strong></span> <span class='ocrx_word' id='word_1_23' title='bbox 1368 500 1441 527; x_wconf 83' lang='lat' dir='ltr'><strong>circa</strong></span> <span class='ocrx_word' id='word_1_24' title='bbox 1462 507 1583 527; x_wconf 85' lang='lat' dir='ltr'><strong>mensem</strong></span> <span class='ocrx_word' id='word_1_25' title='bbox 1607 500 1728 531; x_wconf 89' lang='lat' dir='ltr'><strong>.lunium,</strong></span> 
     </span>
    </p>
   </div>
   <div class='ocr_carea' id='block_1_6' title="bbox 117 544 1730 583">
    <p class='ocr_par' dir='ltr' id='par_1_6' title="bbox 117 544 1730 583">
     <span class='ocr_line' id='line_1_6' title="bbox 117 544 1730 583; baseline -0.003 -7"><span class='ocrx_word' id='word_1_26' title='bbox 117 554 146 576; x_wconf 91' lang='lat' dir='ltr'><strong>ut</strong></span> <span class='ocrx_word' id='word_1_27' title='bbox 162 557 245 583; x_wconf 81' lang='lat' dir='ltr'><strong>supra</strong></span> <span class='ocrx_word' id='word_1_28' title='bbox 269 548 373 575; x_wconf 88' lang='lat' dir='ltr'><strong>dictum</strong></span> <span class='ocrx_word' id='word_1_29' title='bbox 386 551 491 577; x_wconf 45' lang='lat' dir='ltr'><strong>estgne</strong></span> <span class='ocrx_word' id='word_1_30' title='bbox 506 546 624 581; x_wconf 80' lang='lat' dir='ltr'><strong>pastoris</strong></span> <span class='ocrx_word' id='word_1_31' title='bbox 638 545 771 580; x_wconf 84' lang='lat' dir='ltr'><strong>regimine</strong></span> <span class='ocrx_word' id='word_1_32' title='bbox 795 545 853 572; x_wconf 81' lang='lat' dir='ltr'><strong>haec</strong></span> <span class='ocrx_word' id='word_1_33' title='bbox 869 545 988 571; x_wconf 83' lang='lat' dir='ltr'><strong>ecclesia</strong></span> <span class='ocrx_word' id='word_1_34' title='bbox 1013 548 1131 576; x_wconf 88' lang='lat' dir='ltr'><strong>careret,</strong></span> <span class='ocrx_word' id='word_1_35' title='bbox 1149 545 1209 579; x_wconf 83' lang='lat' dir='ltr'><strong>ejus</strong></span> <span class='ocrx_word' id='word_1_36' title='bbox 1224 544 1490 571; x_wconf 73' lang='lat' dir='ltr'><strong>administrationem</strong></span> <span class='ocrx_word' id='word_1_37' title='bbox 1504 544 1620 578; x_wconf 76' lang='lat' dir='ltr'><strong>sumpsit</strong></span> <span class='ocrx_word' id='word_1_38' title='bbox 1641 544 1684 575; x_wconf 91' lang='lat' dir='ltr'><strong>(ad</strong></span> <span class='ocrx_word' id='word_1_39' title='bbox 1703 544 1730 571; x_wconf 95' lang='lat' dir='ltr'><strong>id</strong></span> 
     </span>
    </p>
   </div>
   <div class='ocr_carea' id='block_1_7' title="bbox 116 587 1731 627">
    <p class='ocr_par' dir='ltr' id='par_1_7' title="bbox 116 587 1731 627">
     <span class='ocr_line' id='line_1_7' title="bbox 116 587 1731 627; baseline -0.003 -8"><span class='ocrx_word' id='word_1_40' title='bbox 116 593 276 627; x_wconf 82' lang='lat' dir='ltr'><strong>designatus</strong></span> <span class='ocrx_word' id='word_1_41' title='bbox 289 591 384 626; x_wconf 80' lang='lat' dir='ltr'><strong>procul</strong></span> <span class='ocrx_word' id='word_1_42' title='bbox 397 590 482 617; x_wconf 87' lang='lat' dir='ltr'><strong>dubio</strong></span> <span class='ocrx_word' id='word_1_43' title='bbox 498 590 532 616; x_wconf 85' lang='lat' dir='ltr'><strong>ab</strong></span> <span class='ocrx_word' id='word_1_44' title='bbox 546 590 606 624; x_wconf 87' lang='lat' dir='ltr'><strong>ipso</strong></span> <span class='ocrx_word' id='word_1_45' title='bbox 619 589 753 615; x_wconf 83' lang='lat' dir='ltr'><strong>Zacharia</strong></span> <span class='ocrx_word' id='word_1_46' title='bbox 766 596 833 615; x_wconf 88' lang='lat' dir='ltr'><strong>suus</strong></span> <span class='ocrx_word' id='word_1_47' title='bbox 849 596 898 623; x_wconf 90' lang='lat' dir='ltr'><strong>per</strong></span> <span class='ocrx_word' id='word_1_48' title='bbox 916 588 1067 615; x_wconf 86' lang='lat' dir='ltr'><strong>absentiam</strong></span> <span class='ocrx_word' id='word_1_49' title='bbox 1077 588 1209 620; x_wconf 78' lang='lat' dir='ltr'><strong>vicarius,</strong></span> <span class='ocrx_word' id='word_1_50' title='bbox 1225 595 1256 614; x_wconf 89' lang='lat' dir='ltr'><strong>ac</strong></span> <span class='ocrx_word' id='word_1_51' title='bbox 1271 588 1304 614; x_wconf 89' lang='lat' dir='ltr'><strong>de</strong></span> <span class='ocrx_word' id='word_1_52' title='bbox 1314 595 1449 614; x_wconf 86' lang='lat' dir='ltr'><strong>consensu</strong></span> <span class='ocrx_word' id='word_1_53' title='bbox 1461 587 1651 622; x_wconf 88' lang='lat' dir='ltr'><strong>episcoporum</strong></span> <span class='ocrx_word' id='word_1_54' title='bbox 1667 595 1731 622; x_wconf 87' lang='lat' dir='ltr'><strong>pro-</strong></span> 
     </span>
    </p>
   </div>
   <div class='ocr_carea' id='block_1_8' title="bbox 114 630 1732 669">
    <p class='ocr_par' dir='ltr' id='par_1_8' title="bbox 114 630 1732 669">
     <span class='ocr_line' id='line_1_8' title="bbox 114 630 1732 669; baseline -0.003 -8"><span class='ocrx_word' id='word_1_55' title='bbox 114 635 215 662; x_wconf 59' lang='lat' dir='ltr'><strong>vincias</strong></span> <span class='ocrx_word' id='word_1_56' title='bbox 231 635 278 669; x_wconf 91' lang='lat' dir='ltr'><strong>qui</strong></span> <span class='ocrx_word' id='word_1_57' title='bbox 293 634 482 668; x_wconf 79' lang='lat' dir='ltr'><strong>captivitatem</strong></span> <span class='ocrx_word' id='word_1_58' title='bbox 494 632 658 667; x_wconf 81' lang='lat' dir='ltr'><strong>cll‘ugerant)</strong></span> <span class='ocrx_word' id='word_1_59' title='bbox 674 632 824 663; x_wconf 78' lang='lat' dir='ltr'><strong>Modestus,</strong></span> <span class='ocrx_word' id='word_1_60' title='bbox 843 633 876 658; x_wconf 86' lang='lat' dir='ltr'><strong>de</strong></span> <span class='ocrx_word' id='word_1_61' title='bbox 893 639 947 666; x_wconf 91' lang='lat' dir='ltr'><strong>quo</strong></span> <span class='ocrx_word' id='word_1_62' title='bbox 963 632 1129 658; x_wconf 67' lang='lat' dir='ltr'><strong>Antioohum</strong></span> <span class='ocrx_word' id='word_1_63' title='bbox 1152 631 1180 658; x_wconf 92' lang='lat' dir='ltr'><strong>in</strong></span> <span class='ocrx_word' id='word_1_64' title='bbox 1203 631 1320 666; x_wconf 88' lang='lat' dir='ltr'><strong>cpistola</strong></span> <span class='ocrx_word' id='word_1_65' title='bbox 1342 631 1397 666; x_wconf 85' lang='lat' dir='ltr'><strong>jam</strong></span> <span class='ocrx_word' id='word_1_66' title='bbox 1423 630 1506 657; x_wconf 71' lang='lat' dir='ltr'><strong>citata</strong></span> <span class='ocrx_word' id='word_1_67' title='bbox 1523 630 1645 657; x_wconf 86' lang='lat' dir='ltr'><strong>locutum</strong></span> <span class='ocrx_word' id='word_1_68' title='bbox 1661 631 1732 657; x_wconf 82' lang='lat' dir='ltr'><strong>vidi-</strong></span> 
     </span>
    </p>
   </div>
   <div class='ocr_carea' id='block_1_9' title="bbox 117 673 1731 712">
    <p class='ocr_par' dir='ltr' id='par_1_9' title="bbox 117 673 1731 712">
     <span class='ocr_line' id='line_1_9' title="bbox 117 673 1731 712; baseline -0.002 -8"><span class='ocrx_word' id='word_1_69' title='bbox 117 686 188 704; x_wconf 88' lang='lat' dir='ltr'><strong>mus.</strong></span> <span class='ocrx_word' id='word_1_70' title='bbox 204 678 230 704; x_wconf 82' lang='lat' dir='ltr'><strong>is</strong></span> <span class='ocrx_word' id='word_1_71' title='bbox 241 677 403 712; x_wconf 77' lang='lat' dir='ltr'><strong>praepositus</strong></span> <span class='ocrx_word' id='word_1_72' title='bbox 413 680 472 703; x_wconf 83' lang='lat' dir='ltr'><strong>erat</strong></span> <span class='ocrx_word' id='word_1_73' title='bbox 489 675 649 702; x_wconf 86' lang='lat' dir='ltr'><strong>monasterii</strong></span> <span class='ocrx_word' id='word_1_74' title='bbox 666 675 752 702; x_wconf 80' lang='lat' dir='ltr'><strong>sancti</strong></span> <span class='ocrx_word' id='word_1_75' title='bbox 770 675 917 701; x_wconf 89' lang='lat' dir='ltr'><strong>Theodosii</strong></span> <span class='ocrx_word' id='word_1_76' title='bbox 930 676 955 702; x_wconf 94' lang='lat' dir='ltr'><strong>in</strong></span> <span class='ocrx_word' id='word_1_77' title='bbox 968 676 1121 707; x_wconf 67' lang='lat' dir='ltr'><strong>Palazstina,</strong></span> <span class='ocrx_word' id='word_1_78' title='bbox 1137 683 1170 702; x_wconf 87' lang='lat' dir='ltr'><strong>ex</strong></span> <span class='ocrx_word' id='word_1_79' title='bbox 1182 675 1351 709; x_wconf 83' lang='lat' dir='ltr'><strong>Papebroch.</strong></span> <span class='ocrx_word' id='word_1_80' title='bbox 1370 679 1433 701; x_wconf 89' lang='lat' dir='ltr'><strong>tom.</strong></span> <span class='ocrx_word' id='word_1_81' title='bbox 1453 674 1481 700; x_wconf 86' lang='lat' dir='ltr'><strong><em>II</em></strong></span> <span class='ocrx_word' id='word_1_82' title='bbox 1496 673 1591 706; x_wconf 67' lang='lat' dir='ltr'><strong>illam,</strong></span> <span class='ocrx_word' id='word_1_83' title='bbox 1608 675 1642 700; x_wconf 83' lang='lat' dir='ltr'><strong>ad</strong></span> <span class='ocrx_word' id='word_1_84' title='bbox 1662 675 1731 700; x_wconf 87' lang='lat' dir='ltr'><strong>diem</strong></span> 
     </span>
    </p>
   </div>
   <div class='ocr_carea' id='block_1_10' title="bbox 118 716 1732 754">
    <p class='ocr_par' dir='ltr' id='par_1_10' title="bbox 118 716 1732 754">
     <span class='ocr_line' id='line_1_10' title="bbox 118 716 1732 754; baseline -0.003 -6"><span class='ocrx_word' id='word_1_85' title='bbox 118 722 162 753; x_wconf 81' lang='grc' dir='ltr'><strong>Η,</strong></span> <span class='ocrx_word' id='word_1_86' title='bbox 176 730 202 748; x_wconf 89' lang='lat' dir='ltr'><strong>n.</strong></span> <span class='ocrx_word' id='word_1_87' title='bbox 224 721 269 752; x_wconf 65' lang='lat'><strong>25,</strong></span> <span class='ocrx_word' id='word_1_88' title='bbox 285 728 346 754; x_wconf 90' lang='lat' dir='ltr'><strong>pag.</strong></span> <span class='ocrx_word' id='word_1_89' title='bbox 363 720 409 750; x_wconf 71' lang='lat' dir='ltr'><strong>(i8,</strong></span> <span class='ocrx_word' id='word_1_90' title='bbox 423 720 473 746; x_wconf 88' lang='lat' dir='ltr'><strong>col.</strong></span> <span class='ocrx_word' id='word_1_91' title='bbox 486 719 512 745; x_wconf 69' lang='grc'>2.</span> <span class='ocrx_word' id='word_1_92' title='bbox 526 718 642 751; x_wconf 83' lang='lat' dir='ltr'><strong>Quando</strong></span> <span class='ocrx_word' id='word_1_93' title='bbox 657 718 714 745; x_wconf 75' lang='lat' dir='ltr'><strong>lia-3c</strong></span> <span class='ocrx_word' id='word_1_94' title='bbox 738 718 812 745; x_wconf 84' lang='lat' dir='ltr'><strong>sedis</strong></span> <span class='ocrx_word' id='word_1_95' title='bbox 836 718 1090 753; x_wconf 69' lang='lat' dir='ltr'><strong>llicrosolymilanm</strong></span> <span class='ocrx_word' id='word_1_96' title='bbox 1109 725 1174 744; x_wconf 92' lang='lat' dir='ltr'><strong>cura</strong></span> <span class='ocrx_word' id='word_1_97' title='bbox 1189 718 1213 744; x_wconf 87' lang='lat' dir='ltr'><strong>ei</strong></span> <span class='ocrx_word' id='word_1_98' title='bbox 1229 719 1374 744; x_wconf 84' lang='lat' dir='ltr'><strong>commissa</strong></span> <span class='ocrx_word' id='word_1_99' title='bbox 1402 721 1453 748; x_wconf 89' lang='lat' dir='ltr'><strong>est,</strong></span> <span class='ocrx_word' id='word_1_100' title='bbox 1481 716 1642 751; x_wconf 78' lang='lat' dir='ltr'><strong>insignitum</strong></span> <span class='ocrx_word' id='word_1_101' title='bbox 1668 724 1732 750; x_wconf 88' lang='lat' dir='ltr'><strong>pro-</strong></span> 
     </span>
    </p>
   </div>
   <div class='ocr_carea' id='block_1_11' title="bbox 117 759 1731 798">
    <p class='ocr_par' dir='ltr' id='par_1_11' title="bbox 117 759 1731 798">
     <span class='ocr_line' id='line_1_11' title="bbox 117 759 1731 798; baseline -0.004 -7"><span class='ocrx_word' id='word_1_102' title='bbox 117 769 211 798; x_wconf 84' lang='lat' dir='ltr'><strong>pterea</strong></span> <span class='ocrx_word' id='word_1_103' title='bbox 224 762 372 798; x_wconf 87' lang='lat' dir='ltr'><strong>episcopali</strong></span> <span class='ocrx_word' id='word_1_104' title='bbox 387 766 537 792; x_wconf 85' lang='lat' dir='ltr'><strong>earactcre,</strong></span> <span class='ocrx_word' id='word_1_105' title='bbox 553 761 616 788; x_wconf 80' lang='lat' dir='ltr'><strong>licet</strong></span> <span class='ocrx_word' id='word_1_106' title='bbox 633 768 762 795; x_wconf 87' lang='lat' dir='ltr'><strong>expresse</strong></span> <span class='ocrx_word' id='word_1_107' title='bbox 781 769 836 787; x_wconf 89' lang='lat' dir='ltr'><strong>non</strong></span> <span class='ocrx_word' id='word_1_108' title='bbox 855 760 965 788; x_wconf 84' lang='lat' dir='ltr'><strong>tradant</strong></span> <span class='ocrx_word' id='word_1_109' title='bbox 982 765 1120 792; x_wconf 80' lang='lat' dir='ltr'><strong>auctores,</strong></span> <span class='ocrx_word' id='word_1_110' title='bbox 1135 761 1211 787; x_wconf 88' lang='lat' dir='ltr'><strong>illum</strong></span> <span class='ocrx_word' id='word_1_111' title='bbox 1228 761 1272 787; x_wconf 82' lang='lat' dir='ltr'><strong>vix</strong></span> <span class='ocrx_word' id='word_1_112' title='bbox 1296 760 1401 786; x_wconf 88' lang='lat' dir='ltr'><strong>inlicias</strong></span> <span class='ocrx_word' id='word_1_113' title='bbox 1418 760 1507 790; x_wconf 79' lang='lat' dir='ltr'><strong>iverit,</strong></span> <span class='ocrx_word' id='word_1_114' title='bbox 1525 759 1571 794; x_wconf 90' lang='lat' dir='ltr'><strong>qui</strong></span> <span class='ocrx_word' id='word_1_115' title='bbox 1592 759 1731 792; x_wconf 78' lang='lat' dir='ltr'><strong>eumdem,</strong></span> 
     </span>
    </p>
   </div>
   <div class='ocr_carea' id='block_1_12' title="bbox 117 803 1732 840">
    <p class='ocr_par' dir='ltr' id='par_1_12' title="bbox 117 803 1732 840">
     <span class='ocr_line' id='line_1_12' title="bbox 117 803 1732 840; baseline -0.004 -6"><span class='ocrx_word' id='word_1_116' title='bbox 117 808 227 834; x_wconf 81' lang='lat' dir='ltr'><strong>vivente</strong></span> <span class='ocrx_word' id='word_1_117' title='bbox 240 807 331 833; x_wconf 88' lang='lat' dir='ltr'><strong>adhuc</strong></span> <span class='ocrx_word' id='word_1_118' title='bbox 343 806 487 836; x_wconf 85' lang='lat' dir='ltr'><strong>Zacharia,</strong></span> <span class='ocrx_word' id='word_1_119' title='bbox 499 805 753 840; x_wconf 80' lang='lat' dir='ltr'><strong>Hierosolymorum</strong></span> <span class='ocrx_word' id='word_1_120' title='bbox 765 805 910 840; x_wconf 72' lang='lat' dir='ltr'><strong>prmsulem</strong></span> <span class='ocrx_word' id='word_1_121' title='bbox 927 805 1064 831; x_wconf 88' lang='lat' dir='ltr'><strong>interdum</strong></span> <span class='ocrx_word' id='word_1_122' title='bbox 1077 804 1214 831; x_wconf 89' lang='lat' dir='ltr'><strong>nominari</strong></span> <span class='ocrx_word' id='word_1_123' title='bbox 1225 803 1385 830; x_wconf 68' lang='lat' dir='ltr'><strong>adverterit.</strong></span> <span class='ocrx_word' id='word_1_124' title='bbox 1399 803 1438 833; x_wconf 82' lang='lat' dir='ltr'><strong>Ea</strong></span> <span class='ocrx_word' id='word_1_125' title='bbox 1450 803 1542 837; x_wconf 75' lang='lat' dir='ltr'><strong>itaque</strong></span> <span class='ocrx_word' id='word_1_126' title='bbox 1557 803 1732 829; x_wconf 84' lang='lat' dir='ltr'><strong>administra-</strong></span> 
     </span>
    </p>
   </div>
   <div class='ocr_carea' id='block_1_13' title="bbox 116 846 1732 882">
    <p class='ocr_par' dir='ltr' id='par_1_13' title="bbox 116 846 1732 882">
     <span class='ocr_line' id='line_1_13' title="bbox 116 846 1732 882; baseline -0.003 -6"><span class='ocrx_word' id='word_1_127' title='bbox 116 850 191 876; x_wconf 82' lang='lat' dir='ltr'><strong>tione</strong></span> <span class='ocrx_word' id='word_1_128' title='bbox 207 851 316 880; x_wconf 70' lang='lat' dir='ltr'><strong>‘auctus,</strong></span> <span class='ocrx_word' id='word_1_129' title='bbox 330 849 472 875; x_wconf 85' lang='lat' dir='ltr'><strong>nominato</strong></span> <span class='ocrx_word' id='word_1_130' title='bbox 487 848 514 874; x_wconf 92' lang='lat' dir='ltr'><strong>iu</strong></span> <span class='ocrx_word' id='word_1_131' title='bbox 528 847 653 882; x_wconf 74' lang='lat' dir='ltr'><strong>przedieti</strong></span> <span class='ocrx_word' id='word_1_132' title='bbox 667 847 828 874; x_wconf 84' lang='lat' dir='ltr'><strong>monasterii</strong></span> <span class='ocrx_word' id='word_1_133' title='bbox 840 847 966 874; x_wconf 85' lang='lat' dir='ltr'><strong>abbatem</strong></span> <span class='ocrx_word' id='word_1_134' title='bbox 985 847 1113 881; x_wconf 80' lang='lat' dir='ltr'><strong>Georgio.</strong></span> <span class='ocrx_word' id='word_1_135' title='bbox 1129 853 1227 881; x_wconf 76' lang='lat' dir='ltr'><strong>magno</strong></span> <span class='ocrx_word' id='word_1_136' title='bbox 1242 846 1352 878; x_wconf 87' lang='lat' dir='ltr'><strong>ardore,</strong></span> <span class='ocrx_word' id='word_1_137' title='bbox 1365 853 1420 872; x_wconf 90' lang='lat' dir='ltr'><strong>non</strong></span> <span class='ocrx_word' id='word_1_138' title='bbox 1437 846 1470 872; x_wconf 87' lang='lat' dir='ltr'><strong>iis</strong></span> <span class='ocrx_word' id='word_1_139' title='bbox 1493 849 1598 872; x_wconf 87' lang='lat' dir='ltr'><strong>tantum</strong></span> <span class='ocrx_word' id='word_1_140' title='bbox 1617 853 1678 880; x_wconf 57' lang='lat' dir='ltr'><strong>(tuae</strong></span> <span class='ocrx_word' id='word_1_141' title='bbox 1698 846 1732 872; x_wconf 85' lang='lat' dir='ltr'><strong>ad</strong></span> 
     </span>
    </p>
   </div>
   <div class='ocr_carea' id='block_1_14' title="bbox 117 889 1732 928">
    <p class='ocr_par' dir='ltr' id='par_1_14' title="bbox 117 889 1732 928">
     <span class='ocr_line' id='line_1_14' title="bbox 117 889 1732 928; baseline -0.003 -8"><span class='ocrx_word' id='word_1_142' title='bbox 117 893 290 928; x_wconf 86' lang='lat' dir='ltr'><strong>spiritualem</strong></span> <span class='ocrx_word' id='word_1_143' title='bbox 303 892 457 918; x_wconf 88' lang='lat' dir='ltr'><strong>animarum</strong></span> <span class='ocrx_word' id='word_1_144' title='bbox 472 891 639 926; x_wconf 80' lang='lat' dir='ltr'><strong>profectum,</strong></span> <span class='ocrx_word' id='word_1_145' title='bbox 660 895 688 918; x_wconf 90' lang='lat' dir='ltr'><strong>et</strong></span> <span class='ocrx_word' id='word_1_146' title='bbox 703 891 898 918; x_wconf 88' lang='lat' dir='ltr'><strong>monachorum</strong></span> <span class='ocrx_word' id='word_1_147' title='bbox 914 891 1049 925; x_wconf 89' lang='lat' dir='ltr'><strong>imprimis</strong></span> <span class='ocrx_word' id='word_1_148' title='bbox 1062 891 1186 925; x_wconf 80' lang='lat' dir='ltr'><strong>requiem</strong></span> <span class='ocrx_word' id='word_1_149' title='bbox 1202 890 1357 916; x_wconf 87' lang='lat' dir='ltr'><strong>attinebant</strong></span> <span class='ocrx_word' id='word_1_150' title='bbox 1375 889 1524 925; x_wconf 84' lang='lat' dir='ltr'><strong>prospexit,</strong></span> <span class='ocrx_word' id='word_1_151' title='bbox 1547 890 1593 916; x_wconf 85' lang='lat' dir='ltr'><strong>sed</strong></span> <span class='ocrx_word' id='word_1_152' title='bbox 1619 889 1732 923; x_wconf 77' lang='lat' dir='ltr'><strong>insuper</strong></span> 
     </span>
    </p>
   </div>
   <div class='ocr_carea' id='block_1_15' title="bbox 117 933 1733 971">
    <p class='ocr_par' dir='ltr' id='par_1_15' title="bbox 117 933 1733 971">
     <span class='ocr_line' id='line_1_15' title="bbox 117 933 1733 971; baseline -0.002 -8"><span class='ocrx_word' id='word_1_153' title='bbox 117 937 195 971; x_wconf 86' lang='lat' dir='ltr'><strong>quasi</strong></span> <span class='ocrx_word' id='word_1_154' title='bbox 213 936 282 963; x_wconf 89' lang='lat' dir='ltr'><strong>alter</strong></span> <span class='ocrx_word' id='word_1_155' title='bbox 298 935 462 967; x_wconf 86' lang='lat' dir='ltr'><strong>Zorobabel,</strong></span> <span class='ocrx_word' id='word_1_156' title='bbox 478 936 504 962; x_wconf 93' lang='lat' dir='ltr'><strong>in</strong></span> <span class='ocrx_word' id='word_1_157' title='bbox 524 935 712 962; x_wconf 85' lang='lat' dir='ltr'><strong>restaurandis</strong></span> <span class='ocrx_word' id='word_1_158' title='bbox 724 934 847 962; x_wconf 79' lang='lat' dir='ltr'><strong>aediliciis</strong></span> <span class='ocrx_word' id='word_1_159' title='bbox 861 942 893 961; x_wconf 86' lang='lat' dir='ltr'><strong>ac</strong></span> <span class='ocrx_word' id='word_1_160' title='bbox 918 934 1026 968; x_wconf 88' lang='lat' dir='ltr'><strong>templis</strong></span> <span class='ocrx_word' id='word_1_161' title='bbox 1041 942 1102 968; x_wconf 70' lang='lat' dir='ltr'><strong>qua:</strong></span> <span class='ocrx_word' id='word_1_162' title='bbox 1127 934 1188 968; x_wconf 77' lang='lat' dir='ltr'><strong>igne</strong></span> <span class='ocrx_word' id='word_1_163' title='bbox 1205 938 1368 968; x_wconf 85' lang='lat' dir='ltr'><strong>consumpta</strong></span> <span class='ocrx_word' id='word_1_164' title='bbox 1385 933 1504 964; x_wconf 79' lang='lat' dir='ltr'><strong>fuerant,</strong></span> <span class='ocrx_word' id='word_1_165' title='bbox 1522 933 1733 960; x_wconf 85' lang='lat' dir='ltr'><strong>adversantibus</strong></span> 
     </span>
    </p>
   </div>
   <div class='ocr_carea' id='block_1_16' title="bbox 117 977 1733 1014">
    <p class='ocr_par' dir='ltr' id='par_1_16' title="bbox 117 977 1733 1014">
     <span class='ocr_line' id='line_1_16' title="bbox 117 977 1733 1014; baseline -0.002 -8"><span class='ocrx_word' id='word_1_166' title='bbox 117 981 183 1007; x_wconf 73' lang='lat' dir='ltr'><strong>licet</strong></span> <span class='ocrx_word' id='word_1_167' title='bbox 202 984 256 1006; x_wconf 86' lang='lat' dir='ltr'><strong>tota</strong></span> <span class='ocrx_word' id='word_1_168' title='bbox 271 980 372 1006; x_wconf 89' lang='lat' dir='ltr'><strong>virtute</strong></span> <span class='ocrx_word' id='word_1_169' title='bbox 387 979 500 1010; x_wconf 66' lang='lat' dir='ltr'><strong>Judaeis,</strong></span> <span class='ocrx_word' id='word_1_170' title='bbox 516 979 662 1013; x_wconf 79' lang='lat' dir='ltr'><strong>Persisque</strong></span> <span class='ocrx_word' id='word_1_171' title='bbox 677 979 847 1014; x_wconf 87' lang='lat' dir='ltr'><strong>tyrannieam</strong></span> <span class='ocrx_word' id='word_1_172' title='bbox 857 983 920 1005; x_wconf 89' lang='lat' dir='ltr'><strong>actu</strong></span> <span class='ocrx_word' id='word_1_173' title='bbox 939 979 1135 1005; x_wconf 75' lang='lat' dir='ltr'><strong>exercentibus</strong></span> <span class='ocrx_word' id='word_1_174' title='bbox 1149 978 1176 1004; x_wconf 92' lang='lat' dir='ltr'><strong>in</strong></span> <span class='ocrx_word' id='word_1_175' title='bbox 1192 977 1335 1004; x_wconf 67' lang='lat' dir='ltr'><strong>Palaestina</strong></span> <span class='ocrx_word' id='word_1_176' title='bbox 1350 977 1576 1008; x_wconf 87' lang='lat' dir='ltr'><strong>dominationem,</strong></span> <span class='ocrx_word' id='word_1_177' title='bbox 1594 977 1667 1011; x_wconf 88' lang='lat' dir='ltr'><strong>quod</strong></span> <span class='ocrx_word' id='word_1_178' title='bbox 1682 977 1733 1003; x_wconf 88' lang='lat' dir='ltr'><strong>im-</strong></span> 
     </span>
    </p>
   </div>
   <div class='ocr_carea' id='block_1_17' title="bbox 117 1020 1733 1058">
    <p class='ocr_par' dir='ltr' id='par_1_17' title="bbox 117 1020 1733 1058">
     <span class='ocr_line' id='line_1_17' title="bbox 117 1020 1733 1058; baseline -0.002 -8"><span class='ocrx_word' id='word_1_179' title='bbox 117 1023 248 1058; x_wconf 85' lang='lat' dir='ltr'><strong>possibile</strong></span> <span class='ocrx_word' id='word_1_180' title='bbox 262 1023 420 1054; x_wconf 78' lang='lat' dir='ltr'><strong>videbatur,</strong></span> <span class='ocrx_word' id='word_1_181' title='bbox 437 1028 577 1050; x_wconf 88' lang='lat' dir='ltr'><strong>strenuam</strong></span> <span class='ocrx_word' id='word_1_182' title='bbox 594 1022 776 1048; x_wconf 88' lang='lat' dir='ltr'><strong>nihilominus</strong></span> <span class='ocrx_word' id='word_1_183' title='bbox 791 1022 912 1049; x_wconf 87' lang='lat' dir='ltr'><strong>admovit</strong></span> <span class='ocrx_word' id='word_1_184' title='bbox 930 1030 1052 1056; x_wconf 83' lang='lat' dir='ltr'><strong>operam.</strong></span> <span class='ocrx_word' id='word_1_185' title='bbox 1079 1022 1275 1049; x_wconf 84' lang='lat' dir='ltr'><strong>Monachorum</strong></span> <span class='ocrx_word' id='word_1_186' title='bbox 1298 1021 1345 1056; x_wconf 94' lang='lat' dir='ltr'><strong>qui</strong></span> <span class='ocrx_word' id='word_1_187' title='bbox 1362 1029 1376 1048; x_wconf 89' lang='lat' dir='ltr'><strong>a</strong></span> <span class='ocrx_word' id='word_1_188' title='bbox 1405 1021 1550 1048; x_wconf 76' lang='lat' dir='ltr'><strong>Saracenis</strong></span> <span class='ocrx_word' id='word_1_189' title='bbox 1577 1020 1733 1048; x_wconf 89' lang='lat' dir='ltr'><strong>immaniter</strong></span> 
     </span>
    </p>
   </div>
   <div class='ocr_carea' id='block_1_18' title="bbox 115 1064 1732 1100">
    <p class='ocr_par' dir='ltr' id='par_1_18' title="bbox 115 1064 1732 1100">
     <span class='ocr_line' id='line_1_18' title="bbox 115 1064 1732 1100; baseline -0.001 -7"><span class='ocrx_word' id='word_1_190' title='bbox 115 1067 246 1093; x_wconf 79' lang='lat' dir='ltr'><strong>trucidati</strong></span> <span class='ocrx_word' id='word_1_191' title='bbox 268 1065 377 1094; x_wconf 79' lang='lat' dir='ltr'><strong>fuerant</strong></span> <span class='ocrx_word' id='word_1_192' title='bbox 393 1066 538 1100; x_wconf 85' lang='lat' dir='ltr'><strong>exsequias</strong></span> <span class='ocrx_word' id='word_1_193' title='bbox 559 1065 715 1092; x_wconf 76' lang='lat' dir='ltr'><strong>celebrasse</strong></span> <span class='ocrx_word' id='word_1_194' title='bbox 729 1065 785 1099; x_wconf 85' lang='lat' dir='ltr'><strong>jam</strong></span> <span class='ocrx_word' id='word_1_195' title='bbox 802 1064 1021 1096; x_wconf 78' lang='lat' dir='ltr'><strong>observavimus,</strong></span> <span class='ocrx_word' id='word_1_196' title='bbox 1051 1069 1180 1092; x_wconf 87' lang='lat' dir='ltr'><strong>narrante</strong></span> <span class='ocrx_word' id='word_1_197' title='bbox 1196 1065 1341 1096; x_wconf 85' lang='lat' dir='ltr'><strong>Antiocho,</strong></span> <span class='ocrx_word' id='word_1_198' title='bbox 1367 1065 1413 1099; x_wconf 90' lang='lat' dir='ltr'><strong>qui</strong></span> <span class='ocrx_word' id='word_1_199' title='bbox 1441 1065 1480 1091; x_wconf 89' lang='lat' dir='ltr'><strong>sic</strong></span> <span class='ocrx_word' id='word_1_200' title='bbox 1502 1064 1679 1098; x_wconf 87' lang='lat' dir='ltr'><strong>prosequitur</strong></span> <span class='ocrx_word' id='word_1_201' title='bbox 1705 1065 1732 1092; x_wconf 92' lang='lat' dir='ltr'><strong>in</strong></span> 
     </span>
    </p>
   </div>
   <div class='ocr_carea' id='block_1_19' title="bbox 113 1102 1731 1144">
    <p class='ocr_par' dir='ltr' id='par_1_19' title="bbox 113 1102 1731 1144">
     <span class='ocr_line' id='line_1_19' title="bbox 113 1102 1731 1144; baseline -0.002 -7"><span class='ocrx_word' id='word_1_202' title='bbox 113 1110 213 1137; x_wconf 77' lang='lat' dir='ltr'><strong>eadem</strong></span> <span class='ocrx_word' id='word_1_203' title='bbox 231 1109 345 1144; x_wconf 86' lang='lat' dir='ltr'><strong>epistola</strong></span> <span class='ocrx_word' id='word_1_204' title='bbox 361 1117 405 1143; x_wconf 92' lang='lat' dir='ltr'><strong>pp.</strong></span> <span class='ocrx_word' id='word_1_205' title='bbox 426 1109 502 1140; x_wconf 70' lang='grc'><strong>1025,</strong></span> <span class='ocrx_word' id='word_1_206' title='bbox 520 1108 600 1141; x_wconf 65' lang='lat' dir='ltr'><strong>102i,</strong></span> <span class='ocrx_word' id='word_1_207' title='bbox 619 1112 646 1135; x_wconf 86' lang='lat' dir='ltr'><strong>et</strong></span> <span class='ocrx_word' id='word_1_208' title='bbox 663 1107 734 1142; x_wconf 86' lang='lat' dir='ltr'><strong>apud</strong></span> <span class='ocrx_word' id='word_1_209' title='bbox 752 1108 852 1134; x_wconf 83' lang='lat' dir='ltr'><strong>Bai-on.</strong></span> <span class='ocrx_word' id='word_1_210' title='bbox 865 1108 897 1134; x_wconf 89' lang='lat' dir='ltr'><strong>ad</strong></span> <span class='ocrx_word' id='word_1_211' title='bbox 913 1116 978 1135; x_wconf 88' lang='lat' dir='ltr'><strong>ann.</strong></span> <span class='ocrx_word' id='word_1_212' title='bbox 993 1109 1044 1135; x_wconf 75' lang='lat'><strong>(506</strong></span> <span class='ocrx_word' id='word_1_213' title='bbox 1070 1117 1119 1136; x_wconf 89' lang='lat' dir='ltr'><strong>nn.</strong></span> <span class='ocrx_word' id='word_1_214' title='bbox 1139 1109 1155 1136; x_wconf 81' lang='lat'>5</span> <span class='ocrx_word' id='word_1_215' title='bbox 1175 1102 1244 1136; x_wconf 45' lang='lat' dir='ltr'><strong>ct&#39;G.</strong></span> <span class='ocrx_word' id='word_1_216' title='bbox 1258 1107 1310 1135; x_wconf 79' lang='lat' dir='ltr'><strong>Nos</strong></span> <span class='ocrx_word' id='word_1_217' title='bbox 1327 1107 1435 1143; x_wconf 83' lang='lat' dir='ltr'><strong>proinde</strong></span> <span class='ocrx_word' id='word_1_218' title='bbox 1455 1107 1566 1133; x_wconf 80' lang='lat' dir='ltr'><strong>humiles</strong></span> <span class='ocrx_word' id='word_1_219' title='bbox 1584 1112 1608 1133; x_wconf 82' lang='lat' dir='ltr'><strong>ct</strong></span> <span class='ocrx_word' id='word_1_220' title='bbox 1627 1108 1731 1142; x_wconf 78' lang='lat' dir='ltr'><strong>objecti,</strong></span> 
     </span>
    </p>
   </div>
   <div class='ocr_carea' id='block_1_20' title="bbox 116 1150 1730 1188">
    <p class='ocr_par' dir='ltr' id='par_1_20' title="bbox 116 1150 1730 1188">
     <span class='ocr_line' id='line_1_20' title="bbox 116 1150 1730 1188; baseline -0.002 -9"><span class='ocrx_word' id='word_1_221' title='bbox 116 1154 205 1188; x_wconf 83' lang='lat' dir='ltr'><strong>gratia</strong></span> <span class='ocrx_word' id='word_1_222' title='bbox 221 1153 334 1187; x_wconf 80' lang='lat' dir='ltr'><strong>primum</strong></span> <span class='ocrx_word' id='word_1_223' title='bbox 345 1152 403 1183; x_wconf 88' lang='lat' dir='ltr'><strong>Dei,</strong></span> <span class='ocrx_word' id='word_1_224' title='bbox 416 1152 509 1178; x_wconf 87' lang='lat' dir='ltr'><strong>deinde</strong></span> <span class='ocrx_word' id='word_1_225' title='bbox 522 1152 591 1178; x_wconf 84' lang='lat' dir='ltr'><strong>seria</strong></span> <span class='ocrx_word' id='word_1_226' title='bbox 607 1151 749 1178; x_wconf 83' lang='lat' dir='ltr'><strong>admodum</strong></span> <span class='ocrx_word' id='word_1_227' title='bbox 763 1155 788 1178; x_wconf 89' lang='lat' dir='ltr'><strong>et</strong></span> <span class='ocrx_word' id='word_1_228' title='bbox 799 1156 926 1178; x_wconf 86' lang='lat' dir='ltr'><strong>accurata</strong></span> <span class='ocrx_word' id='word_1_229' title='bbox 938 1152 1075 1187; x_wconf 77' lang='lat' dir='ltr'><strong>diligentia</strong></span> <span class='ocrx_word' id='word_1_230' title='bbox 1093 1152 1288 1187; x_wconf 78' lang='lat' dir='ltr'><strong>prazmemorati</strong></span> <span class='ocrx_word' id='word_1_231' title='bbox 1305 1151 1464 1178; x_wconf 74' lang='lat' dir='ltr'><strong>sanctissimi</strong></span> <span class='ocrx_word' id='word_1_232' title='bbox 1481 1150 1599 1181; x_wconf 75' lang='lat' dir='ltr'><strong>Modesti,</strong></span> <span class='ocrx_word' id='word_1_233' title='bbox 1613 1151 1730 1176; x_wconf 86' lang='lat' dir='ltr'><strong>sedenta-</strong></span> 
     </span>
    </p>
   </div>
   <div class='ocr_carea' id='block_1_21' title="bbox 117 1193 1734 1229">
    <p class='ocr_par' dir='ltr' id='par_1_21' title="bbox 117 1193 1734 1229">
     <span class='ocr_line' id='line_1_21' title="bbox 117 1193 1734 1229; baseline -0.002 -7"><span class='ocrx_word' id='word_1_234' title='bbox 117 1197 187 1222; x_wconf 84' lang='lat' dir='ltr'><strong>riam</strong></span> <span class='ocrx_word' id='word_1_235' title='bbox 200 1197 268 1222; x_wconf 85' lang='lat' dir='ltr'><strong>hanc</strong></span> <span class='ocrx_word' id='word_1_236' title='bbox 286 1196 413 1229; x_wconf 66' lang='lat' dir='ltr'><strong>exigimus</strong></span> <span class='ocrx_word' id='word_1_237' title='bbox 423 1195 504 1222; x_wconf 80' lang='lat' dir='ltr'><strong>vitam</strong></span> <span class='ocrx_word' id='word_1_238' title='bbox 519 1195 545 1221; x_wconf 91' lang='lat' dir='ltr'><strong>in</strong></span> <span class='ocrx_word' id='word_1_239' title='bbox 560 1194 680 1221; x_wconf 79' lang='lat' dir='ltr'><strong>liberiore</strong></span> <span class='ocrx_word' id='word_1_240' title='bbox 702 1199 725 1221; x_wconf 87' lang='lat' dir='ltr'><strong>et</strong></span> <span class='ocrx_word' id='word_1_241' title='bbox 748 1194 934 1229; x_wconf 85' lang='lat' dir='ltr'><strong>tranquilliore</strong></span> <span class='ocrx_word' id='word_1_242' title='bbox 945 1196 1007 1222; x_wconf 89' lang='lat' dir='ltr'><strong>otio.</strong></span> <span class='ocrx_word' id='word_1_243' title='bbox 1023 1195 1062 1222; x_wconf 84' lang='lat' dir='ltr'><strong>&#39;Et</strong></span> <span class='ocrx_word' id='word_1_244' title='bbox 1075 1203 1172 1222; x_wconf 83' lang='lat' dir='ltr'><strong>rursus</strong></span> <span class='ocrx_word' id='word_1_245' title='bbox 1191 1203 1196 1221; x_wconf 91' lang='lat'>:</span> <span class='ocrx_word' id='word_1_246' title='bbox 1217 1194 1310 1221; x_wconf 81' lang='lat' dir='ltr'><strong>Gratia</strong></span> <span class='ocrx_word' id='word_1_247' title='bbox 1332 1195 1394 1220; x_wconf 84' lang='lat' dir='ltr'><strong>item</strong></span> <span class='ocrx_word' id='word_1_248' title='bbox 1410 1194 1517 1225; x_wconf 79' lang='lat' dir='ltr'><strong>Christi,</strong></span> <span class='ocrx_word' id='word_1_249' title='bbox 1540 1194 1585 1219; x_wconf 80' lang='lat' dir='ltr'><strong>sed</strong></span> <span class='ocrx_word' id='word_1_250' title='bbox 1605 1198 1629 1220; x_wconf 90' lang='lat' dir='ltr'><strong>et</strong></span> <span class='ocrx_word' id='word_1_251' title='bbox 1642 1193 1734 1220; x_wconf 74' lang='lat' dir='ltr'><strong>solerti</strong></span> 
     </span>
    </p>
   </div>
   <div class='ocr_carea' id='block_1_22' title="bbox 116 1237 1733 1274">
    <p class='ocr_par' dir='ltr' id='par_1_22' title="bbox 116 1237 1733 1274">
     <span class='ocr_line' id='line_1_22' title="bbox 116 1237 1733 1274; baseline -0.001 -8"><span class='ocrx_word' id='word_1_252' title='bbox 116 1239 263 1266; x_wconf 72' lang='lat' dir='ltr'><strong>sedulitate</strong></span> <span class='ocrx_word' id='word_1_253' title='bbox 271 1239 331 1274; x_wconf 85' lang='lat' dir='ltr'><strong>jam</strong></span> <span class='ocrx_word' id='word_1_254' title='bbox 347 1238 410 1265; x_wconf 81' lang='lat' dir='ltr'><strong>dicti</strong></span> <span class='ocrx_word' id='word_1_255' title='bbox 425 1238 568 1265; x_wconf 81' lang='lat' dir='ltr'><strong>uenerandi</strong></span> <span class='ocrx_word' id='word_1_256' title='bbox 582 1238 701 1273; x_wconf 82' lang='lat' dir='ltr'><strong>apprime</strong></span> <span class='ocrx_word' id='word_1_257' title='bbox 715 1237 806 1264; x_wconf 78' lang='lat' dir='ltr'><strong>Patris</strong></span> <span class='ocrx_word' id='word_1_258' title='bbox 819 1239 903 1265; x_wconf 80' lang='lat' dir='ltr'><strong>nostri</strong></span> <span class='ocrx_word' id='word_1_259' title='bbox 923 1238 1042 1271; x_wconf 75' lang='lat' dir='ltr'><strong>Modesti,</strong></span> <span class='ocrx_word' id='word_1_260' title='bbox 1065 1243 1158 1265; x_wconf 85' lang='lat' dir='ltr'><strong>cuncta</strong></span> <span class='ocrx_word' id='word_1_261' title='bbox 1186 1239 1213 1265; x_wconf 88' lang='lat' dir='ltr'><strong>id</strong></span> <span class='ocrx_word' id='word_1_262' title='bbox 1235 1239 1358 1273; x_wconf 84' lang='lat' dir='ltr'><strong>temporis</strong></span> <span class='ocrx_word' id='word_1_263' title='bbox 1375 1237 1527 1264; x_wconf 70' lang='lat' dir='ltr'><strong>incoluntur</strong></span> <span class='ocrx_word' id='word_1_264' title='bbox 1558 1239 1638 1273; x_wconf 74' lang='lat' dir='ltr'><strong>effusa</strong></span> <span class='ocrx_word' id='word_1_265' title='bbox 1658 1239 1733 1265; x_wconf 77' lang='lat' dir='ltr'><strong>istius</strong></span> 
     </span>
    </p>
   </div>
   <div class='ocr_carea' id='block_1_23' title="bbox 119 1280 1732 1317">
    <p class='ocr_par' dir='ltr' id='par_1_23' title="bbox 119 1280 1732 1317">
     <span class='ocr_line' id='line_1_23' title="bbox 119 1280 1732 1317; baseline 0 -9"><span class='ocrx_word' id='word_1_266' title='bbox 119 1283 200 1309; x_wconf 84' lang='lat' dir='ltr'><strong>eremi</strong></span> <span class='ocrx_word' id='word_1_267' title='bbox 214 1282 385 1309; x_wconf 84' lang='lat' dir='ltr'><strong>monasteria.</strong></span> <span class='ocrx_word' id='word_1_268' title='bbox 400 1282 434 1308; x_wconf 88' lang='lat' dir='ltr'><strong>Et</strong></span> <span class='ocrx_word' id='word_1_269' title='bbox 446 1281 526 1316; x_wconf 83' lang='lat' dir='ltr'><strong>paulo</strong></span> <span class='ocrx_word' id='word_1_270' title='bbox 539 1285 621 1315; x_wconf 86' lang='lat' dir='ltr'><strong>post:</strong></span> <span class='ocrx_word' id='word_1_271' title='bbox 636 1280 783 1316; x_wconf 82' lang='lat' dir='ltr'><strong>Supersunt</strong></span> <span class='ocrx_word' id='word_1_272' title='bbox 796 1282 889 1308; x_wconf 90' lang='lat' dir='ltr'><strong>nuntia</strong></span> <span class='ocrx_word' id='word_1_273' title='bbox 902 1282 1002 1317; x_wconf 82' lang='lat' dir='ltr'><strong>aliquot</strong></span> <span class='ocrx_word' id='word_1_274' title='bbox 1013 1290 1077 1309; x_wconf 84' lang='lat' dir='ltr'><strong>sane</strong></span> <span class='ocrx_word' id='word_1_275' title='bbox 1091 1291 1170 1317; x_wconf 90' lang='lat' dir='ltr'><strong>quam</strong></span> <span class='ocrx_word' id='word_1_276' title='bbox 1189 1282 1260 1314; x_wconf 78' lang='lat' dir='ltr'><strong>lwta,</strong></span> <span class='ocrx_word' id='word_1_277' title='bbox 1278 1290 1387 1316; x_wconf 90' lang='lat' dir='ltr'><strong>quorum</strong></span> <span class='ocrx_word' id='word_1_278' title='bbox 1403 1281 1475 1315; x_wconf 81' lang='lat' dir='ltr'><strong>ﬁdeli</strong></span> <span class='ocrx_word' id='word_1_279' title='bbox 1491 1281 1587 1314; x_wconf 87' lang='lat' dir='ltr'><strong>relatu,</strong></span> <span class='ocrx_word' id='word_1_280' title='bbox 1603 1286 1626 1308; x_wconf 83' lang='lat' dir='ltr'><strong>et</strong></span> <span class='ocrx_word' id='word_1_281' title='bbox 1636 1285 1732 1312; x_wconf 80' lang='lat' dir='ltr'><strong>vestra.</strong></span> 
     </span>
    </p>
   </div>
   <div class='ocr_carea' id='block_1_24' title="bbox 120 1326 1734 1366">
    <p class='ocr_par' dir='ltr' id='par_1_24' title="bbox 120 1326 1734 1366">
     <span class='ocr_line' id='line_1_24' title="bbox 120 1326 1734 1366; baseline 0.001 -13"><span class='ocrx_word' id='word_1_282' title='bbox 120 1332 144 1354; x_wconf 85' lang='lat' dir='ltr'><strong>et</strong></span> <span class='ocrx_word' id='word_1_283' title='bbox 164 1327 248 1353; x_wconf 83' lang='lat' dir='ltr'><strong>omnis</strong></span> <span class='ocrx_word' id='word_1_284' title='bbox 262 1326 399 1353; x_wconf 75' lang='lat' dir='ltr'><strong>sinceriter</strong></span> <span class='ocrx_word' id='word_1_285' title='bbox 415 1326 559 1353; x_wconf 77' lang='lat' dir='ltr'><strong>Christiani</strong></span> <span class='ocrx_word' id='word_1_286' title='bbox 571 1326 662 1352; x_wconf 88' lang='lat' dir='ltr'><strong>anima</strong></span> <span class='ocrx_word' id='word_1_287' title='bbox 676 1329 768 1352; x_wconf 84' lang='lat' dir='ltr'><strong>merito</strong></span> <span class='ocrx_word' id='word_1_288' title='bbox 784 1326 864 1360; x_wconf 76' lang='lat' dir='ltr'><strong>possit</strong></span> <span class='ocrx_word' id='word_1_289' title='bbox 882 1326 1080 1354; x_wconf 69' lang='lat' dir='ltr'><strong>exhilarescere.</strong></span> <span class='ocrx_word' id='word_1_290' title='bbox 1094 1327 1156 1354; x_wconf 78' lang='lat' dir='ltr'><strong>Htec</strong></span> <span class='ocrx_word' id='word_1_291' title='bbox 1169 1327 1249 1362; x_wconf 83' lang='lat' dir='ltr'><strong>igitur</strong></span> <span class='ocrx_word' id='word_1_292' title='bbox 1263 1335 1294 1353; x_wconf 75' lang='lat' dir='ltr'><strong>ea:</strong></span> <span class='ocrx_word' id='word_1_293' title='bbox 1319 1331 1441 1366; x_wconf 81' lang='lat' dir='ltr'><strong>promptu</strong></span> <span class='ocrx_word' id='word_1_294' title='bbox 1454 1331 1477 1353; x_wconf 80' lang='lat' dir='ltr'><strong>et</strong></span> <span class='ocrx_word' id='word_1_295' title='bbox 1494 1326 1584 1353; x_wconf 84' lang='lat' dir='ltr'><strong>alacer</strong></span> <span class='ocrx_word' id='word_1_296' title='bbox 1605 1327 1734 1354; x_wconf 85' lang='lat' dir='ltr'><strong>annuntio</strong></span> 
     </span>
    </p>
   </div>
   <div class='ocr_carea' id='block_1_25' title="bbox 118 1366 1733 1405">
    <p class='ocr_par' dir='ltr' id='par_1_25' title="bbox 118 1366 1733 1405">
     <span class='ocr_line' id='line_1_25' title="bbox 118 1366 1733 1405; baseline 0 -8"><span class='ocrx_word' id='word_1_297' title='bbox 118 1371 208 1397; x_wconf 65' lang='lat' dir='ltr'><strong>vobis:</strong></span> <span class='ocrx_word' id='word_1_298' title='bbox 227 1366 355 1397; x_wconf 75' lang='lat' dir='ltr'><strong>Modestus</strong></span> <span class='ocrx_word' id='word_1_299' title='bbox 366 1370 515 1396; x_wconf 81' lang='lat' dir='ltr'><strong>sanctitatis</strong></span> <span class='ocrx_word' id='word_1_300' title='bbox 532 1370 634 1396; x_wconf 66' lang='lat' dir='ltr'><strong>eximia:</strong></span> <span class='ocrx_word' id='word_1_301' title='bbox 647 1370 688 1396; x_wconf 85' lang='lat' dir='ltr'><strong>vir</strong></span> <span class='ocrx_word' id='word_1_302' title='bbox 703 1370 745 1403; x_wconf 84' lang='lat' dir='ltr'><strong>(de</strong></span> <span class='ocrx_word' id='word_1_303' title='bbox 759 1377 809 1404; x_wconf 89' lang='lat' dir='ltr'><strong>quo</strong></span> <span class='ocrx_word' id='word_1_304' title='bbox 823 1377 874 1396; x_wconf 86' lang='lat' dir='ltr'><strong>non</strong></span> <span class='ocrx_word' id='word_1_305' title='bbox 890 1370 970 1396; x_wconf 82' lang='lat' dir='ltr'><strong>semel</strong></span> <span class='ocrx_word' id='word_1_306' title='bbox 995 1370 1114 1402; x_wconf 85' lang='lat' dir='ltr'><strong>dictum),</strong></span> <span class='ocrx_word' id='word_1_307' title='bbox 1131 1378 1181 1396; x_wconf 88' lang='lat' dir='ltr'><strong>non</strong></span> <span class='ocrx_word' id='word_1_308' title='bbox 1193 1379 1282 1397; x_wconf 83' lang='lat' dir='ltr'><strong>eorum</strong></span> <span class='ocrx_word' id='word_1_309' title='bbox 1302 1370 1377 1396; x_wconf 88' lang='lat' dir='ltr'><strong>modo</strong></span> <span class='ocrx_word' id='word_1_310' title='bbox 1395 1370 1529 1405; x_wconf 77' lang='lat' dir='ltr'><strong>proridam</strong></span> <span class='ocrx_word' id='word_1_311' title='bbox 1555 1371 1620 1404; x_wconf 87' lang='lat' dir='ltr'><strong>gerit</strong></span> <span class='ocrx_word' id='word_1_312' title='bbox 1642 1379 1733 1397; x_wconf 88' lang='lat' dir='ltr'><strong>curant</strong></span> 
     </span>
    </p>
   </div>
   <div class='ocr_carea' id='block_1_26' title="bbox 123 1413 1734 1448">
    <p class='ocr_par' dir='ltr' id='par_1_26' title="bbox 123 1413 1734 1448">
     <span class='ocr_line' id='line_1_26' title="bbox 123 1413 1734 1448; baseline 0 -8"><span class='ocrx_word' id='word_1_313' title='bbox 123 1414 262 1444; x_wconf 81' lang='lat' dir='ltr'><strong>sollicitus,</strong></span> <span class='ocrx_word' id='word_1_314' title='bbox 279 1422 338 1448; x_wconf 72' lang='lat' dir='ltr'><strong>qua:</strong></span> <span class='ocrx_word' id='word_1_315' title='bbox 354 1422 401 1448; x_wconf 82' lang='lat' dir='ltr'><strong>per</strong></span> <span class='ocrx_word' id='word_1_316' title='bbox 417 1414 484 1440; x_wconf 83' lang='lat' dir='ltr'><strong>hanc</strong></span> <span class='ocrx_word' id='word_1_317' title='bbox 496 1418 599 1440; x_wconf 81' lang='lat' dir='ltr'><strong>vastant</strong></span> <span class='ocrx_word' id='word_1_318' title='bbox 615 1421 729 1440; x_wconf 85' lang='lat' dir='ltr'><strong>eremum</strong></span> <span class='ocrx_word' id='word_1_319' title='bbox 747 1414 861 1448; x_wconf 77' lang='lat' dir='ltr'><strong>sparsim</strong></span> <span class='ocrx_word' id='word_1_320' title='bbox 876 1414 984 1448; x_wconf 79' lang='lat' dir='ltr'><strong>disjecta</strong></span> <span class='ocrx_word' id='word_1_321' title='bbox 1000 1418 1062 1440; x_wconf 87' lang='lat' dir='ltr'><strong>sunt</strong></span> <span class='ocrx_word' id='word_1_322' title='bbox 1075 1415 1304 1444; x_wconf 81' lang='lat' dir='ltr'><strong>monasteriorum,</strong></span> <span class='ocrx_word' id='word_1_323' title='bbox 1316 1414 1360 1440; x_wconf 82' lang='lat' dir='ltr'><strong>sed</strong></span> <span class='ocrx_word' id='word_1_324' title='bbox 1380 1418 1403 1440; x_wconf 86' lang='lat' dir='ltr'><strong>et</strong></span> <span class='ocrx_word' id='word_1_325' title='bbox 1416 1413 1584 1440; x_wconf 63' lang='lat' dir='ltr'><strong>moderanda:</strong></span> <span class='ocrx_word' id='word_1_326' title='bbox 1597 1414 1655 1440; x_wconf 80' lang='lat' dir='ltr'><strong>huic</strong></span> <span class='ocrx_word' id='word_1_327' title='bbox 1670 1415 1734 1440; x_wconf 77' lang='lat' dir='ltr'><strong>civi-</strong></span> 
     </span>
    </p>
   </div>
   <div class='ocr_carea' id='block_1_27' title="bbox 119 1457 1735 1492">
    <p class='ocr_par' dir='ltr' id='par_1_27' title="bbox 119 1457 1735 1492">
     <span class='ocr_line' id='line_1_27' title="bbox 119 1457 1735 1492; baseline -0.001 -8"><span class='ocrx_word' id='word_1_328' title='bbox 119 1458 179 1489; x_wconf 89' lang='lat' dir='ltr'><strong>tati,</strong></span> <span class='ocrx_word' id='word_1_329' title='bbox 195 1466 226 1484; x_wconf 87' lang='lat' dir='ltr'><strong>ac</strong></span> <span class='ocrx_word' id='word_1_330' title='bbox 237 1458 365 1484; x_wconf 66' lang='lat' dir='ltr'><strong>universa!</strong></span> <span class='ocrx_word' id='word_1_331' title='bbox 380 1457 600 1491; x_wconf 75' lang='lat' dir='ltr'><strong>circumﬂuitima:</strong></span> <span class='ocrx_word' id='word_1_332' title='bbox 626 1457 726 1491; x_wconf 75' lang='lat' dir='ltr'><strong>regioni</strong></span> <span class='ocrx_word' id='word_1_333' title='bbox 745 1457 855 1484; x_wconf 75' lang='lat' dir='ltr'><strong>solerter</strong></span> <span class='ocrx_word' id='word_1_334' title='bbox 874 1458 1008 1492; x_wconf 74' lang='lat' dir='ltr'><strong>prospicit,</strong></span> <span class='ocrx_word' id='word_1_335' title='bbox 1029 1457 1083 1484; x_wconf 80' lang='lat' dir='ltr'><strong>Deo</strong></span> <span class='ocrx_word' id='word_1_336' title='bbox 1096 1457 1177 1484; x_wconf 84' lang='lat' dir='ltr'><strong>eidem</strong></span> <span class='ocrx_word' id='word_1_337' title='bbox 1188 1462 1341 1492; x_wconf 83' lang='lat' dir='ltr'><strong>cooperante</strong></span> <span class='ocrx_word' id='word_1_338' title='bbox 1357 1458 1385 1484; x_wconf 88' lang='lat' dir='ltr'><strong>in</strong></span> <span class='ocrx_word' id='word_1_339' title='bbox 1412 1457 1540 1484; x_wconf 80' lang='lat' dir='ltr'><strong>omnibus.</strong></span> <span class='ocrx_word' id='word_1_340' title='bbox 1552 1457 1599 1483; x_wconf 86' lang='lat' dir='ltr'><strong>llic</strong></span> <span class='ocrx_word' id='word_1_341' title='bbox 1620 1457 1688 1483; x_wconf 84' lang='lat' dir='ltr'><strong>enim</strong></span> <span class='ocrx_word' id='word_1_342' title='bbox 1700 1457 1735 1483; x_wconf 86' lang='lat' dir='ltr'><strong>ad</strong></span> 
     </span>
    </p>
   </div>
   <div class='ocr_carea' id='block_1_28' title="bbox 118 1499 1734 1535">
    <p class='ocr_par' dir='ltr' id='par_1_28' title="bbox 118 1499 1734 1535">
     <span class='ocr_line' id='line_1_28' title="bbox 118 1499 1734 1535; baseline 0 -8"><span class='ocrx_word' id='word_1_343' title='bbox 118 1501 205 1527; x_wconf 67' lang='lat' dir='ltr'><strong>vivunt</strong></span> <span class='ocrx_word' id='word_1_344' title='bbox 222 1500 294 1527; x_wconf 76' lang='lat' dir='ltr'><strong>nobis</strong></span> <span class='ocrx_word' id='word_1_345' title='bbox 306 1500 429 1535; x_wconf 73' lang='lat' dir='ltr'><strong>exprimit</strong></span> <span class='ocrx_word' id='word_1_346' title='bbox 443 1501 586 1535; x_wconf 84' lang='lat' dir='ltr'><strong>imaginem</strong></span> <span class='ocrx_word' id='word_1_347' title='bbox 598 1501 656 1526; x_wconf 84' lang='lat' dir='ltr'><strong>novi</strong></span> <span class='ocrx_word' id='word_1_348' title='bbox 670 1500 817 1534; x_wconf 82' lang='lat' dir='ltr'><strong>cujuspiam</strong></span> <span class='ocrx_word' id='word_1_349' title='bbox 830 1499 978 1532; x_wconf 81' lang='lat' dir='ltr'><strong>Beseleclis,</strong></span> <span class='ocrx_word' id='word_1_350' title='bbox 994 1505 1040 1527; x_wconf 87' lang='lat' dir='ltr'><strong>aut</strong></span> <span class='ocrx_word' id='word_1_351' title='bbox 1054 1505 1123 1527; x_wconf 85' lang='lat' dir='ltr'><strong>certe</strong></span> <span class='ocrx_word' id='word_1_352' title='bbox 1134 1500 1309 1527; x_wconf 86' lang='lat' dir='ltr'><strong>Zorobabelis.</strong></span> <span class='ocrx_word' id='word_1_353' title='bbox 1324 1500 1416 1527; x_wconf 80' lang='lat' dir='ltr'><strong>Gratia</strong></span> <span class='ocrx_word' id='word_1_354' title='bbox 1436 1501 1504 1526; x_wconf 88' lang='lat' dir='ltr'><strong>enim</strong></span> <span class='ocrx_word' id='word_1_355' title='bbox 1514 1499 1607 1535; x_wconf 84' lang='lat' dir='ltr'><strong>plenus</strong></span> <span class='ocrx_word' id='word_1_356' title='bbox 1622 1499 1734 1535; x_wconf 84' lang='lat' dir='ltr'><strong>Spiritus</strong></span> 
     </span>
    </p>
   </div>
   <div class='ocr_carea' id='block_1_29' title="bbox 116 1538 1734 1579">
    <p class='ocr_par' dir='ltr' id='par_1_29' title="bbox 116 1538 1734 1579">
     <span class='ocr_line' id='line_1_29' title="bbox 116 1538 1734 1579; baseline 0 -9"><span class='ocrx_word' id='word_1_357' title='bbox 116 1543 216 1576; x_wconf 71' lang='lat' dir='ltr'><strong>sancti,</strong></span> <span class='ocrx_word' id='word_1_358' title='bbox 231 1543 328 1579; x_wconf 86' lang='lat' dir='ltr'><strong>templa</strong></span> <span class='ocrx_word' id='word_1_359' title='bbox 343 1543 491 1570; x_wconf 78' lang='lat' dir='ltr'><strong>Saluatoris</strong></span> <span class='ocrx_word' id='word_1_360' title='bbox 506 1538 589 1571; x_wconf 67' lang='lat' dir='ltr'><strong>nostri</strong></span> <span class='ocrx_word' id='word_1_361' title='bbox 603 1543 665 1570; x_wconf 78' lang='lat' dir='ltr'><strong>Jesu</strong></span> <span class='ocrx_word' id='word_1_362' title='bbox 680 1543 787 1575; x_wconf 81' lang='lat' dir='ltr'><strong>Christi,</strong></span> <span class='ocrx_word' id='word_1_363' title='bbox 798 1552 856 1578; x_wconf 78' lang='lat' dir='ltr'><strong>qute</strong></span> <span class='ocrx_word' id='word_1_364' title='bbox 881 1544 985 1579; x_wconf 81' lang='lat' dir='ltr'><strong>quidem</strong></span> <span class='ocrx_word' id='word_1_365' title='bbox 1010 1543 1148 1571; x_wconf 84' lang='lat' dir='ltr'><strong>barbarico</strong></span> <span class='ocrx_word' id='word_1_366' title='bbox 1169 1545 1229 1579; x_wconf 87' lang='lat' dir='ltr'><strong>igne</strong></span> <span class='ocrx_word' id='word_1_367' title='bbox 1249 1545 1459 1579; x_wconf 80' lang='lat' dir='ltr'><strong>conﬂagrarunt,</strong></span> <span class='ocrx_word' id='word_1_368' title='bbox 1485 1545 1511 1570; x_wconf 81' lang='lat' dir='ltr'><strong>in</strong></span> <span class='ocrx_word' id='word_1_369' title='bbox 1535 1543 1645 1570; x_wconf 82' lang='lat' dir='ltr'><strong>sublime</strong></span> <span class='ocrx_word' id='word_1_370' title='bbox 1660 1545 1734 1578; x_wconf 83' lang='lat' dir='ltr'><strong>erigit</strong></span> 
     </span>
    </p>
   </div>
   <div class='ocr_carea' id='block_1_30' title="bbox 117 1587 1735 1622">
    <p class='ocr_par' dir='ltr' id='par_1_30' title="bbox 117 1587 1735 1622">
     <span class='ocr_line' id='line_1_30' title="bbox 117 1587 1735 1622; baseline -0.001 -8"><span class='ocrx_word' id='word_1_371' title='bbox 117 1588 192 1614; x_wconf 81' lang='lat' dir='ltr'><strong>omni</strong></span> <span class='ocrx_word' id='word_1_372' title='bbox 204 1595 312 1622; x_wconf 84' lang='lat' dir='ltr'><strong>prorsus</strong></span> <span class='ocrx_word' id='word_1_373' title='bbox 324 1588 405 1622; x_wconf 83' lang='lat' dir='ltr'><strong>digna</strong></span> <span class='ocrx_word' id='word_1_374' title='bbox 422 1588 597 1618; x_wconf 82' lang='lat' dir='ltr'><strong>veneratione,</strong></span> <span class='ocrx_word' id='word_1_375' title='bbox 612 1591 676 1622; x_wconf 85' lang='lat' dir='ltr'><strong>puta</strong></span> <span class='ocrx_word' id='word_1_376' title='bbox 703 1587 770 1613; x_wconf 69' lang='lat' dir='ltr'><strong>cedes</strong></span> <span class='ocrx_word' id='word_1_377' title='bbox 785 1592 884 1614; x_wconf 76' lang='lat' dir='ltr'><strong>sancta:</strong></span> <span class='ocrx_word' id='word_1_378' title='bbox 901 1587 1043 1620; x_wconf 69' lang='lat' dir='ltr'><strong>Calvariw,</strong></span> <span class='ocrx_word' id='word_1_379' title='bbox 1070 1595 1101 1614; x_wconf 87' lang='lat' dir='ltr'><strong>ac</strong></span> <span class='ocrx_word' id='word_1_380' title='bbox 1126 1592 1226 1614; x_wconf 72' lang='lat' dir='ltr'><strong>sancta!</strong></span> <span class='ocrx_word' id='word_1_381' title='bbox 1250 1587 1467 1618; x_wconf 73' lang='lat' dir='ltr'><strong>Resurrrctionis,</strong></span> <span class='ocrx_word' id='word_1_382' title='bbox 1497 1587 1602 1613; x_wconf 87' lang='lat' dir='ltr'><strong>donmm</strong></span> <span class='ocrx_word' id='word_1_383' title='bbox 1627 1588 1735 1622; x_wconf 83' lang='lat' dir='ltr'><strong>insuper</strong></span> 
     </span>
    </p>
   </div>
   <div class='ocr_carea' id='block_1_31' title="bbox 119 1627 1736 1665">
    <p class='ocr_par' dir='ltr' id='par_1_31' title="bbox 119 1627 1736 1665">
     <span class='ocr_line' id='line_1_31' title="bbox 119 1627 1736 1665; baseline 0 -9"><span class='ocrx_word' id='word_1_384' title='bbox 119 1627 227 1665; x_wconf 83' lang='lat' dir='ltr'><strong>dignam</strong></span> <span class='ocrx_word' id='word_1_385' title='bbox 239 1631 309 1657; x_wconf 87' lang='lat' dir='ltr'><strong>omni</strong></span> <span class='ocrx_word' id='word_1_386' title='bbox 323 1631 420 1656; x_wconf 81' lang='lat' dir='ltr'><strong>honore</strong></span> <span class='ocrx_word' id='word_1_387' title='bbox 429 1630 586 1657; x_wconf 68' lang='lat' dir='ltr'><strong>veneranda:</strong></span> <span class='ocrx_word' id='word_1_388' title='bbox 598 1630 699 1662; x_wconf 88' lang='lat' dir='ltr'><strong>Crucis,</strong></span> <span class='ocrx_word' id='word_1_389' title='bbox 714 1638 772 1664; x_wconf 75' lang='lat' dir='ltr'><strong>qua:</strong></span> <span class='ocrx_word' id='word_1_390' title='bbox 785 1630 872 1656; x_wconf 82' lang='lat' dir='ltr'><strong>Mater</strong></span> <span class='ocrx_word' id='word_1_391' title='bbox 883 1631 1062 1658; x_wconf 68' lang='lat' dir='ltr'><strong>Ecclesiarum</strong></span> <span class='ocrx_word' id='word_1_392' title='bbox 1077 1635 1132 1663; x_wconf 75' lang='lat' dir='ltr'><strong>est;</strong></span> <span class='ocrx_word' id='word_1_393' title='bbox 1149 1631 1195 1657; x_wconf 79' lang='lat' dir='ltr'><strong>sed</strong></span> <span class='ocrx_word' id='word_1_394' title='bbox 1205 1635 1229 1657; x_wconf 77' lang='lat' dir='ltr'><strong>et</strong></span> <span class='ocrx_word' id='word_1_395' title='bbox 1239 1635 1338 1657; x_wconf 73' lang='lat' dir='ltr'><strong>sancta!</strong></span> <span class='ocrx_word' id='word_1_396' title='bbox 1347 1631 1538 1665; x_wconf 78' lang='lat' dir='ltr'><strong>Assumptiouis</strong></span> <span class='ocrx_word' id='word_1_397' title='bbox 1548 1631 1629 1657; x_wconf 70' lang='lat' dir='ltr'><strong>ladem</strong></span> <span class='ocrx_word' id='word_1_398' title='bbox 1644 1639 1659 1657; x_wconf 93' lang='lat' dir='ltr'><strong>a</strong></span> <span class='ocrx_word' id='word_1_399' title='bbox 1675 1631 1736 1665; x_wconf 79' lang='lat' dir='ltr'><strong>fun-</strong></span> 
     </span>
    </p>
   </div>
   <div class='ocr_carea' id='block_1_32' title="bbox 118 1673 1736 1709">
    <p class='ocr_par' dir='ltr' id='par_1_32' title="bbox 118 1673 1736 1709">
     <span class='ocr_line' id='line_1_32' title="bbox 118 1673 1736 1709; baseline 0 -9"><span class='ocrx_word' id='word_1_400' title='bbox 118 1673 250 1700; x_wconf 85' lang='lat' dir='ltr'><strong>damentis</strong></span> <span class='ocrx_word' id='word_1_401' title='bbox 269 1673 415 1707; x_wconf 65' lang='lat' dir='ltr'><strong>extudi/ient</strong></span> <span class='ocrx_word' id='word_1_402' title='bbox 432 1673 518 1700; x_wconf 89' lang='lat' dir='ltr'><strong>:adeo</strong></span> <span class='ocrx_word' id='word_1_403' title='bbox 531 1677 560 1699; x_wconf 86' lang='lat' dir='ltr'><strong>ut</strong></span> <span class='ocrx_word' id='word_1_404' title='bbox 576 1681 621 1707; x_wconf 88' lang='lat' dir='ltr'><strong>per</strong></span> <span class='ocrx_word' id='word_1_405' title='bbox 634 1673 688 1699; x_wconf 79' lang='lat' dir='ltr'><strong>lucc</strong></span> <span class='ocrx_word' id='word_1_406' title='bbox 708 1673 769 1699; x_wconf 57' lang='lat' dir='ltr'><strong>laetu</strong></span> <span class='ocrx_word' id='word_1_407' title='bbox 786 1673 874 1705; x_wconf 83' lang='lat' dir='ltr'><strong>initia,</strong></span> <span class='ocrx_word' id='word_1_408' title='bbox 890 1673 922 1699; x_wconf 87' lang='lat' dir='ltr'><strong>de</strong></span> <span class='ocrx_word' id='word_1_409' title='bbox 941 1674 1036 1708; x_wconf 72' lang='lat' dir='ltr'><strong>futuris</strong></span> <span class='ocrx_word' id='word_1_410' title='bbox 1053 1682 1155 1709; x_wconf 85' lang='lat' dir='ltr'><strong>quoque</strong></span> <span class='ocrx_word' id='word_1_411' title='bbox 1177 1682 1235 1708; x_wconf 83' lang='lat' dir='ltr'><strong>spes</strong></span> <span class='ocrx_word' id='word_1_412' title='bbox 1257 1673 1435 1708; x_wconf 77' lang='lat' dir='ltr'><strong>amplissimas</strong></span> <span class='ocrx_word' id='word_1_413' title='bbox 1457 1675 1644 1708; x_wconf 82' lang='lat' dir='ltr'><strong>concipiamus,</strong></span> <span class='ocrx_word' id='word_1_414' title='bbox 1660 1675 1736 1708; x_wconf 80' lang='lat' dir='ltr'><strong>idque</strong></span> 
     </span>
    </p>
   </div>
   <div class='ocr_carea' id='block_1_33' title="bbox 118 1716 1736 1752">
    <p class='ocr_par' dir='ltr' id='par_1_33' title="bbox 118 1716 1736 1752">
     <span class='ocr_line' id='line_1_33' title="bbox 118 1716 1736 1752; baseline 0 -9"><span class='ocrx_word' id='word_1_415' title='bbox 118 1716 161 1744; x_wconf 73' lang='lat' dir='ltr'><strong>vel</strong></span> <span class='ocrx_word' id='word_1_416' title='bbox 172 1717 202 1743; x_wconf 90' lang='lat' dir='ltr'><strong>ob</strong></span> <span class='ocrx_word' id='word_1_417' title='bbox 217 1725 258 1743; x_wconf 82' lang='lat' dir='ltr'><strong>eos</strong></span> <span class='ocrx_word' id='word_1_418' title='bbox 271 1717 386 1743; x_wconf 71' lang='lat' dir='ltr'><strong>maxime</strong></span> <span class='ocrx_word' id='word_1_419' title='bbox 395 1716 440 1750; x_wconf 89' lang='lat' dir='ltr'><strong>qui</strong></span> <span class='ocrx_word' id='word_1_420' title='bbox 458 1717 507 1742; x_wconf 86' lang='lat' dir='ltr'><strong>huc</strong></span> <span class='ocrx_word' id='word_1_421' title='bbox 524 1721 666 1751; x_wconf 76' lang='lat' dir='ltr'><strong>sperantur</strong></span> <span class='ocrx_word' id='word_1_422' title='bbox 681 1717 783 1742; x_wconf 76' lang='lat' dir='ltr'><strong>venturi</strong></span> <span class='ocrx_word' id='word_1_423' title='bbox 799 1716 831 1742; x_wconf 90' lang='lat' dir='ltr'><strong>ab</strong></span> <span class='ocrx_word' id='word_1_424' title='bbox 846 1718 959 1743; x_wconf 70' lang='lat' dir='ltr'><strong>externis</strong></span> <span class='ocrx_word' id='word_1_425' title='bbox 972 1717 1119 1752; x_wconf 73' lang='lat' dir='ltr'><strong>regionibus</strong></span> <span class='ocrx_word' id='word_1_426' title='bbox 1134 1721 1226 1743; x_wconf 84' lang='lat' dir='ltr'><strong>sancta</strong></span> <span class='ocrx_word' id='word_1_427' title='bbox 1240 1717 1294 1743; x_wconf 68' lang='lat' dir='ltr'><strong>haec</strong></span> <span class='ocrx_word' id='word_1_428' title='bbox 1310 1716 1366 1743; x_wconf 86' lang='lat' dir='ltr'><strong>loca</strong></span> <span class='ocrx_word' id='word_1_429' title='bbox 1384 1721 1410 1743; x_wconf 89' lang='lat' dir='ltr'><strong>ut</strong></span> <span class='ocrx_word' id='word_1_430' title='bbox 1430 1717 1549 1747; x_wconf 81' lang='lat' dir='ltr'><strong>adorent,</strong></span> <span class='ocrx_word' id='word_1_431' title='bbox 1566 1722 1594 1743; x_wconf 86' lang='lat' dir='ltr'><strong>ut</strong></span> <span class='ocrx_word' id='word_1_432' title='bbox 1610 1725 1696 1743; x_wconf 80' lang='lat' dir='ltr'><strong>omnes</strong></span> <span class='ocrx_word' id='word_1_433' title='bbox 1708 1718 1736 1744; x_wconf 85' lang='lat' dir='ltr'><strong>in</strong></span> 
     </span>
    </p>
   </div>
   <div class='ocr_carea' id='block_1_34' title="bbox 117 1759 1734 1794">
    <p class='ocr_par' dir='ltr' id='par_1_34' title="bbox 117 1759 1734 1794">
     <span class='ocr_line' id='line_1_34' title="bbox 117 1759 1734 1794; baseline -0.001 -7"><span class='ocrx_word' id='word_1_434' title='bbox 117 1768 257 1787; x_wconf 75' lang='lat' dir='ltr'><strong>commune</strong></span> <span class='ocrx_word' id='word_1_435' title='bbox 271 1759 447 1794; x_wconf 84' lang='lat' dir='ltr'><strong>glori/icemus</strong></span> <span class='ocrx_word' id='word_1_436' title='bbox 464 1759 557 1786; x_wconf 75' lang='lat' dir='ltr'><strong>Deum.</strong></span> <span class='ocrx_word' id='word_1_437' title='bbox 582 1759 643 1786; x_wconf 61' lang='lat' dir='ltr'><strong>llaec</strong></span> <span class='ocrx_word' id='word_1_438' title='bbox 657 1760 818 1786; x_wconf 82' lang='lat' dir='ltr'><strong>Antiochus.</strong></span> <span class='ocrx_word' id='word_1_439' title='bbox 841 1759 1048 1794; x_wconf 78' lang='lat' dir='ltr'><strong>Papebrochius</strong></span> <span class='ocrx_word' id='word_1_440' title='bbox 1073 1768 1139 1787; x_wconf 85' lang='lat' dir='ltr'><strong>vero</strong></span> <span class='ocrx_word' id='word_1_441' title='bbox 1161 1765 1237 1786; x_wconf 82' lang='lat' dir='ltr'><strong>tract.</strong></span> <span class='ocrx_word' id='word_1_442' title='bbox 1256 1760 1401 1794; x_wconf 67' lang='lat' dir='ltr'><strong>pra&#39;limin.</strong></span> <span class='ocrx_word' id='word_1_443' title='bbox 1419 1761 1446 1786; x_wconf 91' lang='lat' dir='ltr'><strong>in</strong></span> <span class='ocrx_word' id='word_1_444' title='bbox 1462 1765 1524 1786; x_wconf 88' lang='lat' dir='ltr'><strong>tam.</strong></span> <span class='ocrx_word' id='word_1_445' title='bbox 1539 1760 1582 1787; x_wconf 89' lang='grc'><em>111</em></span> <span class='ocrx_word' id='word_1_446' title='bbox 1597 1762 1734 1789; x_wconf 81' lang='lat' dir='ltr'><strong>Actorum,</strong></span> 
     </span>
    </p>
   </div>
   <div class='ocr_carea' id='block_1_35' title="bbox 120 1802 1734 1838">
    <p class='ocr_par' dir='ltr' id='par_1_35' title="bbox 120 1802 1734 1838">
     <span class='ocr_line' id='line_1_35' title="bbox 120 1802 1734 1838; baseline 0.001 -9"><span class='ocrx_word' id='word_1_447' title='bbox 120 1804 217 1830; x_wconf 79' lang='lat' dir='ltr'><strong>mensis</strong></span> <span class='ocrx_word' id='word_1_448' title='bbox 233 1802 307 1835; x_wconf 87' lang='lat' dir='ltr'><strong>Illaii,</strong></span> <span class='ocrx_word' id='word_1_449' title='bbox 319 1811 345 1836; x_wconf 75' lang='grc' dir='ltr'><strong>ρ.</strong></span> <span class='ocrx_word' id='word_1_450' title='bbox 362 1803 406 1834; x_wconf 79' lang='grc'><strong>51,</strong></span> <span class='ocrx_word' id='word_1_451' title='bbox 420 1811 447 1828; x_wconf 89' lang='lat' dir='ltr'><strong>n.</strong></span> <span class='ocrx_word' id='word_1_452' title='bbox 465 1803 524 1833; x_wconf 71' lang='grc'><strong>156,</strong></span> <span class='ocrx_word' id='word_1_453' title='bbox 542 1803 591 1829; x_wconf 86' lang='lat' dir='ltr'><strong>col.</strong></span> <span class='ocrx_word' id='word_1_454' title='bbox 610 1803 634 1834; x_wconf 86' lang='lat' dir='ltr'><strong>l,</strong></span> <span class='ocrx_word' id='word_1_455' title='bbox 650 1808 793 1838; x_wconf 85' lang='lat' dir='ltr'><strong>postquam</strong></span> <span class='ocrx_word' id='word_1_456' title='bbox 813 1804 906 1830; x_wconf 82' lang='lat' dir='ltr'><strong>retulit</strong></span> <span class='ocrx_word' id='word_1_457' title='bbox 929 1804 1014 1830; x_wconf 78' lang='lat' dir='ltr'><strong>verba</strong></span> <span class='ocrx_word' id='word_1_458' title='bbox 1030 1804 1154 1838; x_wconf 72' lang='lat' dir='ltr'><strong>quzedam</strong></span> <span class='ocrx_word' id='word_1_459' title='bbox 1173 1804 1294 1838; x_wconf 69' lang='lat' dir='ltr'><strong>epistola:</strong></span> <span class='ocrx_word' id='word_1_460' title='bbox 1311 1803 1450 1830; x_wconf 74' lang='lat' dir='ltr'><strong>Zacharia:</strong></span> <span class='ocrx_word' id='word_1_461' title='bbox 1466 1803 1493 1829; x_wconf 92' lang='lat' dir='ltr'><strong>in</strong></span> <span class='ocrx_word' id='word_1_462' title='bbox 1508 1803 1619 1831; x_wconf 83' lang='lat' dir='ltr'><strong>Perside</strong></span> <span class='ocrx_word' id='word_1_463' title='bbox 1635 1804 1734 1838; x_wconf 79' lang='lat' dir='ltr'><strong>captivi</strong></span> 
     </span>
    </p>
   </div>
   <div class='ocr_carea' id='block_1_36' title="bbox 119 1846 1736 1883">
    <p class='ocr_par' dir='ltr' id='par_1_36' title="bbox 119 1846 1736 1883">
     <span class='ocr_line' id='line_1_36' title="bbox 119 1846 1736 1883; baseline 0.001 -11"><span class='ocrx_word' id='word_1_464' title='bbox 119 1846 155 1873; x_wconf 80' lang='lat' dir='ltr'><strong>ad</strong></span> <span class='ocrx_word' id='word_1_465' title='bbox 170 1846 303 1881; x_wconf 89' lang='lat' dir='ltr'><strong>populum</strong></span> <span class='ocrx_word' id='word_1_466' title='bbox 324 1846 616 1880; x_wconf 78' lang='lat' dir='ltr'><strong>llierosolymitanum,</strong></span> <span class='ocrx_word' id='word_1_467' title='bbox 638 1854 698 1881; x_wconf 62' lang='lat' dir='ltr'><strong>quin</strong></span> <span class='ocrx_word' id='word_1_468' title='bbox 721 1855 770 1873; x_wconf 86' lang='lat' dir='ltr'><strong>nos</strong></span> <span class='ocrx_word' id='word_1_469' title='bbox 795 1854 876 1881; x_wconf 86' lang='lat' dir='ltr'><strong>supra</strong></span> <span class='ocrx_word' id='word_1_470' title='bbox 892 1847 926 1873; x_wconf 86' lang='lat' dir='ltr'><strong>de</strong></span> <span class='ocrx_word' id='word_1_471' title='bbox 937 1846 1068 1874; x_wconf 87' lang='lat' dir='ltr'><strong>Zacharia</strong></span> <span class='ocrx_word' id='word_1_472' title='bbox 1082 1851 1195 1882; x_wconf 74' lang='lat' dir='ltr'><strong>agentes</strong></span> <span class='ocrx_word' id='word_1_473' title='bbox 1211 1854 1244 1873; x_wconf 82' lang='lat' dir='ltr'><strong>ex</strong></span> <span class='ocrx_word' id='word_1_474' title='bbox 1257 1847 1316 1883; x_wconf 87' lang='lat' dir='ltr'><strong>ipso</strong></span> <span class='ocrx_word' id='word_1_475' title='bbox 1334 1846 1510 1878; x_wconf 83' lang='lat' dir='ltr'><strong>adduximus,</strong></span> <span class='ocrx_word' id='word_1_476' title='bbox 1530 1847 1622 1874; x_wconf 85' lang='lat' dir='ltr'><strong>subdit</strong></span> <span class='ocrx_word' id='word_1_477' title='bbox 1637 1856 1642 1873; x_wconf 92' lang='lat'>:</span> <span class='ocrx_word' id='word_1_478' title='bbox 1663 1848 1736 1874; x_wconf 84' lang='lat' dir='ltr'><strong>lianc</strong></span> 
     </span>
    </p>
   </div>
   <div class='ocr_carea' id='block_1_37' title="bbox 118 1886 1735 1925">
    <p class='ocr_par' dir='ltr' id='par_1_37' title="bbox 118 1886 1735 1925">
     <span class='ocr_line' id='line_1_37' title="bbox 118 1886 1735 1925; baseline 0 -8"><span class='ocrx_word' id='word_1_479' title='bbox 118 1886 275 1925; x_wconf 79' lang='lat' dir='ltr'><strong>epistolam,</strong></span> <span class='ocrx_word' id='word_1_480' title='bbox 290 1889 435 1924; x_wconf 86' lang='lat' dir='ltr'><strong>prolixiori</strong></span> <span class='ocrx_word' id='word_1_481' title='bbox 452 1889 516 1920; x_wconf 88' lang='lat' dir='ltr'><strong>alia,</strong></span> <span class='ocrx_word' id='word_1_482' title='bbox 536 1890 671 1924; x_wconf 88' lang='lat' dir='ltr'><strong>planeque</strong></span> <span class='ocrx_word' id='word_1_483' title='bbox 688 1889 721 1916; x_wconf 90' lang='lat' dir='ltr'><strong>ad</strong></span> <span class='ocrx_word' id='word_1_484' title='bbox 737 1890 898 1917; x_wconf 88' lang='lat' dir='ltr'><strong>movendam</strong></span> <span class='ocrx_word' id='word_1_485' title='bbox 914 1891 1154 1924; x_wconf 89' lang='lat' dir='ltr'><strong>compunctionem</strong></span> <span class='ocrx_word' id='word_1_486' title='bbox 1174 1889 1287 1921; x_wconf 84' lang='lat' dir='ltr'><strong>eﬂicaei,</strong></span> <span class='ocrx_word' id='word_1_487' title='bbox 1316 1889 1349 1916; x_wconf 88' lang='lat' dir='ltr'><strong>ad</strong></span> <span class='ocrx_word' id='word_1_488' title='bbox 1371 1897 1467 1917; x_wconf 88' lang='lat' dir='ltr'><strong>omnes</strong></span> <span class='ocrx_word' id='word_1_489' title='bbox 1486 1889 1582 1917; x_wconf 83' lang='lat' dir='ltr'><strong>ﬁdeles</strong></span> <span class='ocrx_word' id='word_1_490' title='bbox 1606 1891 1735 1917; x_wconf 76' lang='lat' dir='ltr'><strong>exhorta-</strong></span> 
     </span>
    </p>
   </div>
   <div class='ocr_carea' id='block_1_38' title="bbox 120 1932 1735 1968">
    <p class='ocr_par' dir='ltr' id='par_1_38' title="bbox 120 1932 1735 1968">
     <span class='ocr_line' id='line_1_38' title="bbox 120 1932 1735 1968; baseline 0.001 -8"><span class='ocrx_word' id='word_1_491' title='bbox 120 1933 196 1960; x_wconf 87' lang='lat' dir='ltr'><strong>tione</strong></span> <span class='ocrx_word' id='word_1_492' title='bbox 210 1933 387 1967; x_wconf 87' lang='lat' dir='ltr'><strong>prosequitur</strong></span> <span class='ocrx_word' id='word_1_493' title='bbox 401 1932 539 1960; x_wconf 87' lang='lat' dir='ltr'><strong>Modestus</strong></span> <span class='ocrx_word' id='word_1_494' title='bbox 555 1933 693 1960; x_wconf 71' lang='lat' dir='ltr'><strong>Zacharize</strong></span> <span class='ocrx_word' id='word_1_495' title='bbox 710 1933 844 1963; x_wconf 80' lang='lat' dir='ltr'><strong>vicarius;</strong></span> <span class='ocrx_word' id='word_1_496' title='bbox 860 1938 887 1960; x_wconf 89' lang='lat' dir='ltr'><strong>et</strong></span> <span class='ocrx_word' id='word_1_497' title='bbox 915 1938 1044 1968; x_wconf 88' lang='lat' dir='ltr'><strong>tauquam</strong></span> <span class='ocrx_word' id='word_1_498' title='bbox 1059 1941 1139 1960; x_wconf 89' lang='lat' dir='ltr'><strong>suum</strong></span> <span class='ocrx_word' id='word_1_499' title='bbox 1167 1938 1360 1960; x_wconf 85' lang='lat' dir='ltr'><strong>testamentum</strong></span> <span class='ocrx_word' id='word_1_500' title='bbox 1379 1934 1511 1966; x_wconf 89' lang='lat' dir='ltr'><strong>condens,</strong></span> <span class='ocrx_word' id='word_1_501' title='bbox 1538 1935 1627 1961; x_wconf 86' lang='lat' dir='ltr'><strong>oninis</strong></span> <span class='ocrx_word' id='word_1_502' title='bbox 1639 1935 1735 1961; x_wconf 83' lang='lat' dir='ltr'><strong>condi-</strong></span> 
     </span>
    </p>
   </div>
   <div class='ocr_carea' id='block_1_39' title="bbox 120 1976 1736 2011">
    <p class='ocr_par' dir='ltr' id='par_1_39' title="bbox 120 1976 1736 2011">
     <span class='ocr_line' id='line_1_39' title="bbox 120 1976 1736 2011; baseline 0.001 -8"><span class='ocrx_word' id='word_1_503' title='bbox 120 1976 215 2007; x_wconf 82' lang='lat' dir='ltr'><strong>tionis,</strong></span> <span class='ocrx_word' id='word_1_504' title='bbox 230 1977 319 2004; x_wconf 67' lang='lat' dir='ltr'><strong>celatis</strong></span> <span class='ocrx_word' id='word_1_505' title='bbox 330 1983 361 2003; x_wconf 85' lang='lat' dir='ltr'><strong>ac</strong></span> <span class='ocrx_word' id='word_1_506' title='bbox 378 1983 459 2003; x_wconf 86' lang='lat' dir='ltr'><strong>sexus</strong></span> <span class='ocrx_word' id='word_1_507' title='bbox 478 1976 573 2004; x_wconf 85' lang='lat' dir='ltr'><strong>ﬁdeles</strong></span> <span class='ocrx_word' id='word_1_508' title='bbox 586 1976 668 2003; x_wconf 76' lang='lat' dir='ltr'><strong>oiiicii</strong></span> <span class='ocrx_word' id='word_1_509' title='bbox 681 1977 723 2003; x_wconf 89' lang='lat' dir='ltr'><strong>sui</strong></span> <span class='ocrx_word' id='word_1_510' title='bbox 738 1977 879 2008; x_wconf 89' lang='lat' dir='ltr'><strong>admonet,</strong></span> <span class='ocrx_word' id='word_1_511' title='bbox 893 1977 1028 2011; x_wconf 84' lang='lat' dir='ltr'><strong>incipiens</strong></span> <span class='ocrx_word' id='word_1_512' title='bbox 1043 1977 1075 2003; x_wconf 91' lang='lat' dir='ltr'><strong>ab</strong></span> <span class='ocrx_word' id='word_1_513' title='bbox 1087 1977 1214 2003; x_wconf 82' lang='lat' dir='ltr'><strong>tristibus</strong></span> <span class='ocrx_word' id='word_1_514' title='bbox 1235 1977 1270 2003; x_wconf 85' lang='lat' dir='ltr'><strong>iis</strong></span> <span class='ocrx_word' id='word_1_515' title='bbox 1289 1984 1351 2010; x_wconf 79' lang='lat' dir='ltr'><strong>qua:</strong></span> <span class='ocrx_word' id='word_1_516' title='bbox 1372 1977 1476 2003; x_wconf 85' lang='lat' dir='ltr'><strong>residui</strong></span> <span class='ocrx_word' id='word_1_517' title='bbox 1497 1977 1524 2003; x_wconf 91' lang='lat' dir='ltr'><strong>in</strong></span> <span class='ocrx_word' id='word_1_518' title='bbox 1547 1977 1614 2004; x_wconf 86' lang='lat' dir='ltr'><strong>urbe</strong></span> <span class='ocrx_word' id='word_1_519' title='bbox 1644 1982 1736 2008; x_wconf 83' lang='lat' dir='ltr'><strong>sancta</strong></span> 
     </span>
    </p>
   </div>
   <div class='ocr_carea' id='block_1_40' title="bbox 119 2019 1737 2054">
    <p class='ocr_par' dir='ltr' id='par_1_40' title="bbox 119 2019 1737 2054">
     <span class='ocr_line' id='line_1_40' title="bbox 119 2019 1737 2054; baseline -0.001 -8"><span class='ocrx_word' id='word_1_520' title='bbox 119 2019 227 2051; x_wconf 82' lang='lat' dir='ltr'><strong>lideles,</strong></span> <span class='ocrx_word' id='word_1_521' title='bbox 245 2023 307 2053; x_wconf 86' lang='lat' dir='ltr'><strong>post</strong></span> <span class='ocrx_word' id='word_1_522' title='bbox 320 2026 443 2051; x_wconf 88' lang='lat' dir='ltr'><strong>crucem,</strong></span> <span class='ocrx_word' id='word_1_523' title='bbox 458 2019 642 2054; x_wconf 87' lang='lat' dir='ltr'><strong>patriarcham</strong></span> <span class='ocrx_word' id='word_1_524' title='bbox 656 2023 684 2046; x_wconf 89' lang='lat' dir='ltr'><strong>et</strong></span> <span class='ocrx_word' id='word_1_525' title='bbox 696 2024 812 2047; x_wconf 83' lang='lat' dir='ltr'><strong>caeteros</strong></span> <span class='ocrx_word' id='word_1_526' title='bbox 829 2020 974 2051; x_wconf 75' lang='lat' dir='ltr'><strong>abductos,</strong></span> <span class='ocrx_word' id='word_1_527' title='bbox 989 2021 1129 2047; x_wconf 87' lang='lat' dir='ltr'><strong>viderunt.</strong></span> <span class='ocrx_word' id='word_1_528' title='bbox 1142 2020 1249 2047; x_wconf 86' lang='lat' dir='ltr'><strong>Laudat</strong></span> <span class='ocrx_word' id='word_1_529' title='bbox 1262 2020 1288 2046; x_wconf 91' lang='lat' dir='ltr'><strong>in</strong></span> <span class='ocrx_word' id='word_1_530' title='bbox 1303 2020 1400 2054; x_wconf 89' lang='lat' dir='ltr'><strong>primis</strong></span> <span class='ocrx_word' id='word_1_531' title='bbox 1421 2020 1601 2046; x_wconf 76' lang='lat' dir='ltr'><strong>Nieodemum</strong></span> <span class='ocrx_word' id='word_1_532' title='bbox 1624 2028 1655 2047; x_wconf 91' lang='lat' dir='ltr'><strong>ac</strong></span> <span class='ocrx_word' id='word_1_533' title='bbox 1672 2028 1737 2047; x_wconf 88' lang='lat' dir='ltr'><strong>con-</strong></span> 
     </span>
    </p>
   </div>
   <div class='ocr_carea' id='block_1_41' title="bbox 118 2062 1737 2098">
    <p class='ocr_par' dir='ltr' id='par_1_41' title="bbox 118 2062 1737 2098">
     <span class='ocr_line' id='line_1_41' title="bbox 118 2062 1737 2098; baseline -0.001 -8"><span class='ocrx_word' id='word_1_534' title='bbox 118 2063 210 2098; x_wconf 76' lang='lat' dir='ltr'><strong>iugem</strong></span> <span class='ocrx_word' id='word_1_535' title='bbox 223 2062 421 2097; x_wconf 76' lang='lat' dir='ltr'><strong>Magdalcnam,</strong></span> <span class='ocrx_word' id='word_1_536' title='bbox 440 2064 483 2097; x_wconf 83' lang='lat' dir='ltr'><strong>qui</strong></span> <span class='ocrx_word' id='word_1_537' title='bbox 497 2065 636 2097; x_wconf 74' lang='lat' dir='ltr'><strong>postquam</strong></span> <span class='ocrx_word' id='word_1_538' title='bbox 651 2064 735 2089; x_wconf 79' lang='lat' dir='ltr'><strong>hostes</strong></span> <span class='ocrx_word' id='word_1_539' title='bbox 752 2063 872 2089; x_wconf 67' lang='lat' dir='ltr'><strong>exiissem</strong></span> <span class='ocrx_word' id='word_1_540' title='bbox 887 2067 965 2098; x_wconf 85' lang='lat' dir='ltr'><strong>atque</strong></span> <span class='ocrx_word' id='word_1_541' title='bbox 980 2064 1005 2090; x_wconf 85' lang='lat' dir='ltr'><strong>in</strong></span> <span class='ocrx_word' id='word_1_542' title='bbox 1018 2063 1152 2091; x_wconf 84' lang='lat' dir='ltr'><strong>Persidem</strong></span> <span class='ocrx_word' id='word_1_543' title='bbox 1171 2063 1316 2093; x_wconf 77' lang='lat' dir='ltr'><strong>rediissem,</strong></span> <span class='ocrx_word' id='word_1_544' title='bbox 1331 2067 1412 2088; x_wconf 89' lang='lat' dir='ltr'><strong>totam</strong></span> <span class='ocrx_word' id='word_1_545' title='bbox 1432 2063 1530 2088; x_wconf 88' lang='lat' dir='ltr'><strong>circum</strong></span> <span class='ocrx_word' id='word_1_546' title='bbox 1547 2063 1636 2089; x_wconf 77' lang='lat' dir='ltr'><strong>urbem</strong></span> <span class='ocrx_word' id='word_1_547' title='bbox 1650 2071 1680 2089; x_wconf 86' lang='lat' dir='ltr'><strong>ac</strong></span> <span class='ocrx_word' id='word_1_548' title='bbox 1698 2064 1737 2089; x_wconf 82' lang='lat' dir='ltr'><strong>ti-</strong></span> 
     </span>
    </p>
   </div>
   <div class='ocr_carea' id='block_1_42' title="bbox 118 2106 1735 2142">
    <p class='ocr_par' dir='ltr' id='par_1_42' title="bbox 118 2106 1735 2142">
     <span class='ocr_line' id='line_1_42' title="bbox 118 2106 1735 2142; baseline -0.001 -9"><span class='ocrx_word' id='word_1_549' title='bbox 118 2115 164 2133; x_wconf 79' lang='lat' dir='ltr'><strong>cos</strong></span> <span class='ocrx_word' id='word_1_550' title='bbox 177 2107 331 2138; x_wconf 79' lang='lat' dir='ltr'><strong>lustrantes,</strong></span> <span class='ocrx_word' id='word_1_551' title='bbox 350 2107 514 2142; x_wconf 78' lang='lat' dir='ltr'><strong>fratrumque</strong></span> <span class='ocrx_word' id='word_1_552' title='bbox 530 2107 656 2142; x_wconf 84' lang='lat' dir='ltr'><strong>reliquias</strong></span> <span class='ocrx_word' id='word_1_553' title='bbox 677 2107 821 2140; x_wconf 86' lang='lat' dir='ltr'><strong>insepultus</strong></span> <span class='ocrx_word' id='word_1_554' title='bbox 835 2108 924 2142; x_wconf 79' lang='lat' dir='ltr'><strong>jacere</strong></span> <span class='ocrx_word' id='word_1_555' title='bbox 951 2107 1145 2141; x_wconf 82' lang='lat' dir='ltr'><strong>conspicientes,</strong></span> <span class='ocrx_word' id='word_1_556' title='bbox 1168 2106 1284 2140; x_wconf 82' lang='lat' dir='ltr'><strong>projecta</strong></span> <span class='ocrx_word' id='word_1_557' title='bbox 1305 2106 1419 2140; x_wconf 86' lang='lat' dir='ltr'><strong>sparsim</strong></span> <span class='ocrx_word' id='word_1_558' title='bbox 1453 2108 1581 2132; x_wconf 75' lang='lat' dir='ltr'><strong>cadavera</strong></span> <span class='ocrx_word' id='word_1_559' title='bbox 1599 2113 1735 2132; x_wconf 72' lang='lat' dir='ltr'><strong>coacerva-</strong></span> 
     </span>
    </p>
   </div>
   <div class='ocr_carea' id='block_1_43' title="bbox 121 2149 1737 2185">
    <p class='ocr_par' dir='ltr' id='par_1_43' title="bbox 121 2149 1737 2185">
     <span class='ocr_line' id='line_1_43' title="bbox 121 2149 1737 2185; baseline -0.001 -9"><span class='ocrx_word' id='word_1_560' title='bbox 121 2154 183 2177; x_wconf 88' lang='lat' dir='ltr'><strong>ruut</strong></span> <span class='ocrx_word' id='word_1_561' title='bbox 196 2151 223 2176; x_wconf 89' lang='lat' dir='ltr'><strong>in</strong></span> <span class='ocrx_word' id='word_1_562' title='bbox 240 2158 357 2184; x_wconf 80' lang='lat' dir='ltr'><strong>specum,</strong></span> <span class='ocrx_word' id='word_1_563' title='bbox 370 2158 428 2184; x_wconf 66' lang='lat' dir='ltr'><strong>qua;</strong></span> <span class='ocrx_word' id='word_1_564' title='bbox 439 2154 478 2177; x_wconf 82' lang='lat' dir='ltr'><strong>est</strong></span> <span class='ocrx_word' id='word_1_565' title='bbox 493 2155 555 2177; x_wconf 79' lang='lat' dir='ltr'><strong>ante</strong></span> <span class='ocrx_word' id='word_1_566' title='bbox 573 2155 689 2185; x_wconf 87' lang='lat' dir='ltr'><strong>portam,</strong></span> <span class='ocrx_word' id='word_1_567' title='bbox 708 2151 742 2177; x_wconf 88' lang='lat' dir='ltr'><strong>ad</strong></span> <span class='ocrx_word' id='word_1_568' title='bbox 750 2152 889 2185; x_wconf 65' lang='lat' dir='ltr'><strong>sexaginta</strong></span> <span class='ocrx_word' id='word_1_569' title='bbox 904 2151 1016 2185; x_wconf 79' lang='lat' dir='ltr'><strong>quinque</strong></span> <span class='ocrx_word' id='word_1_570' title='bbox 1026 2149 1120 2175; x_wconf 84' lang='lat' dir='ltr'><strong>iui/lia.</strong></span> <span class='ocrx_word' id='word_1_571' title='bbox 1138 2149 1172 2175; x_wconf 85' lang='lat' dir='ltr'><strong>Et</strong></span> <span class='ocrx_word' id='word_1_572' title='bbox 1186 2149 1264 2176; x_wconf 87' lang='lat' dir='ltr'><strong>abiis</strong></span> <span class='ocrx_word' id='word_1_573' title='bbox 1277 2149 1384 2183; x_wconf 83' lang='lat' dir='ltr'><strong>exquiri</strong></span> <span class='ocrx_word' id='word_1_574' title='bbox 1398 2149 1487 2183; x_wconf 85' lang='lat' dir='ltr'><strong>jubet,</strong></span> <span class='ocrx_word' id='word_1_575' title='bbox 1502 2157 1552 2183; x_wconf 90' lang='lat' dir='ltr'><strong>qua</strong></span> <span class='ocrx_word' id='word_1_576' title='bbox 1565 2149 1650 2183; x_wconf 85' lang='lat' dir='ltr'><strong>[arma</strong></span> <span class='ocrx_word' id='word_1_577' title='bbox 1659 2154 1737 2183; x_wconf 86' lang='lat' dir='ltr'><strong>atque</strong></span> 
     </span>
    </p>
   </div>
   <div class='ocr_carea' id='block_1_44' title="bbox 121 2192 1735 2230">
    <p class='ocr_par' dir='ltr' id='par_1_44' title="bbox 121 2192 1735 2230">
     <span class='ocr_line' id='line_1_44' title="bbox 121 2192 1735 2230; baseline 0.001 -11"><span class='ocrx_word' id='word_1_578' title='bbox 121 2194 212 2220; x_wconf 84' lang='lat' dir='ltr'><strong>habitu</strong></span> <span class='ocrx_word' id='word_1_579' title='bbox 225 2194 425 2220; x_wconf 84' lang='lat' dir='ltr'><strong>inveniebantur</strong></span> <span class='ocrx_word' id='word_1_580' title='bbox 440 2193 495 2220; x_wconf 84' lang='lat' dir='ltr'><strong>solo</strong></span> <span class='ocrx_word' id='word_1_581' title='bbox 502 2195 580 2220; x_wconf 84' lang='lat' dir='ltr'><strong>strati</strong></span> <span class='ocrx_word' id='word_1_582' title='bbox 590 2194 659 2221; x_wconf 80' lang='lat' dir='ltr'><strong>beati</strong></span> <span class='ocrx_word' id='word_1_583' title='bbox 672 2194 712 2221; x_wconf 86' lang='lat' dir='ltr'><strong>illi</strong></span> <span class='ocrx_word' id='word_1_584' title='bbox 723 2195 766 2229; x_wconf 81' lang='lat' dir='ltr'><strong>qui</strong></span> <span class='ocrx_word' id='word_1_585' title='bbox 778 2195 824 2221; x_wconf 81' lang='lat' dir='ltr'><strong>sub</strong></span> <span class='ocrx_word' id='word_1_586' title='bbox 839 2196 866 2221; x_wconf 88' lang='lat' dir='ltr'><strong>id</strong></span> <span class='ocrx_word' id='word_1_587' title='bbox 879 2200 978 2230; x_wconf 83' lang='lat' dir='ltr'><strong>tempus</strong></span> <span class='ocrx_word' id='word_1_588' title='bbox 989 2198 1141 2221; x_wconf 79' lang='lat' dir='ltr'><strong>meruerunt</strong></span> <span class='ocrx_word' id='word_1_589' title='bbox 1155 2193 1343 2228; x_wconf 74' lang='lat' dir='ltr'><strong>Hierosolymis</strong></span> <span class='ocrx_word' id='word_1_590' title='bbox 1358 2193 1449 2220; x_wconf 77' lang='lat' dir='ltr'><strong>occidi.</strong></span> <span class='ocrx_word' id='word_1_591' title='bbox 1465 2192 1522 2224; x_wconf 84' lang='lat' dir='ltr'><strong>Quo</strong></span> <span class='ocrx_word' id='word_1_592' title='bbox 1534 2193 1610 2219; x_wconf 87' lang='lat' dir='ltr'><strong>modo</strong></span> <span class='ocrx_word' id='word_1_593' title='bbox 1621 2193 1735 2221; x_wconf 61' lang='lat' dir='ltr'><strong>scilicet,</strong></span> 
     </span>
    </p>
   </div>
   <div class='ocr_carea' id='block_1_45' title="bbox 123 2236 1736 2274">
    <p class='ocr_par' dir='ltr' id='par_1_45' title="bbox 123 2236 1736 2274">
     <span class='ocr_line' id='line_1_45' title="bbox 123 2236 1736 2274; baseline 0 -10"><span class='ocrx_word' id='word_1_594' title='bbox 123 2237 193 2264; x_wconf 85' lang='lat' dir='ltr'><strong>alter</strong></span> <span class='ocrx_word' id='word_1_595' title='bbox 206 2245 221 2263; x_wconf 93' lang='lat' dir='ltr'><strong>a</strong></span> <span class='ocrx_word' id='word_1_596' title='bbox 238 2238 322 2272; x_wconf 83' lang='lat' dir='ltr'><strong>capite</strong></span> <span class='ocrx_word' id='word_1_597' title='bbox 336 2237 369 2263; x_wconf 86' lang='lat' dir='ltr'><strong>ad</strong></span> <span class='ocrx_word' id='word_1_598' title='bbox 383 2246 427 2263; x_wconf 86' lang='lat' dir='ltr'><strong>cor</strong></span> <span class='ocrx_word' id='word_1_599' title='bbox 443 2245 523 2272; x_wconf 79' lang='lat' dir='ltr'><strong>usque</strong></span> <span class='ocrx_word' id='word_1_600' title='bbox 535 2237 630 2264; x_wconf 87' lang='lat' dir='ltr'><strong>vulnus</strong></span> <span class='ocrx_word' id='word_1_601' title='bbox 645 2243 791 2272; x_wconf 84' lang='lat' dir='ltr'><strong>acceperat,</strong></span> <span class='ocrx_word' id='word_1_602' title='bbox 815 2238 884 2264; x_wconf 81' lang='lat' dir='ltr'><strong>alter</strong></span> <span class='ocrx_word' id='word_1_603' title='bbox 898 2239 930 2265; x_wconf 85' lang='lat' dir='ltr'><strong>ab</strong></span> <span class='ocrx_word' id='word_1_604' title='bbox 948 2239 1064 2266; x_wconf 88' lang='lat' dir='ltr'><strong>humeris</strong></span> <span class='ocrx_word' id='word_1_605' title='bbox 1080 2239 1115 2265; x_wconf 85' lang='lat' dir='ltr'><strong>ad</strong></span> <span class='ocrx_word' id='word_1_606' title='bbox 1131 2245 1211 2274; x_wconf 82' lang='lat' dir='ltr'><strong>usque</strong></span> <span class='ocrx_word' id='word_1_607' title='bbox 1238 2242 1365 2269; x_wconf 65' lang='lat' dir='ltr'><strong>uentrem,</strong></span> <span class='ocrx_word' id='word_1_608' title='bbox 1379 2237 1446 2266; x_wconf 85' lang='lat' dir='ltr'><strong>alius</strong></span> <span class='ocrx_word' id='word_1_609' title='bbox 1458 2237 1572 2272; x_wconf 88' lang='lat' dir='ltr'><strong>quinque</strong></span> <span class='ocrx_word' id='word_1_610' title='bbox 1593 2236 1633 2263; x_wconf 80' lang='lat' dir='ltr'><strong>vel</strong></span> <span class='ocrx_word' id='word_1_611' title='bbox 1649 2236 1736 2264; x_wconf 77' lang='lat' dir='ltr'><strong>decem</strong></span> 
     </span>
    </p>
   </div>
   <div class='ocr_carea' id='block_1_46' title="bbox 123 2279 1736 2317">
    <p class='ocr_par' dir='ltr' id='par_1_46' title="bbox 123 2279 1736 2317">
     <span class='ocr_line' id='line_1_46' title="bbox 123 2279 1736 2317; baseline 0 -11"><span class='ocrx_word' id='word_1_612' title='bbox 123 2281 187 2306; x_wconf 81' lang='lat' dir='ltr'><strong>ictus</strong></span> <span class='ocrx_word' id='word_1_613' title='bbox 202 2280 230 2306; x_wconf 87' lang='lat' dir='ltr'><strong>in</strong></span> <span class='ocrx_word' id='word_1_614' title='bbox 241 2280 371 2306; x_wconf 86' lang='lat' dir='ltr'><strong>intestinis</strong></span> <span class='ocrx_word' id='word_1_615' title='bbox 382 2279 503 2311; x_wconf 81' lang='lat' dir='ltr'><strong>habebat,</strong></span> <span class='ocrx_word' id='word_1_616' title='bbox 516 2280 585 2307; x_wconf 84' lang='lat' dir='ltr'><strong>alius</strong></span> <span class='ocrx_word' id='word_1_617' title='bbox 601 2281 725 2308; x_wconf 82' lang='lat' dir='ltr'><strong>dissectus</strong></span> <span class='ocrx_word' id='word_1_618' title='bbox 737 2281 836 2308; x_wconf 83' lang='lat' dir='ltr'><strong>medius</strong></span> <span class='ocrx_word' id='word_1_619' title='bbox 852 2282 930 2317; x_wconf 82' lang='lat' dir='ltr'><strong>inque</strong></span> <span class='ocrx_word' id='word_1_620' title='bbox 945 2282 996 2308; x_wconf 83' lang='lat' dir='ltr'><strong>duo</strong></span> <span class='ocrx_word' id='word_1_621' title='bbox 1012 2282 1108 2309; x_wconf 77' lang='lat' dir='ltr'><strong>divisus</strong></span> <span class='ocrx_word' id='word_1_622' title='bbox 1122 2286 1190 2314; x_wconf 87' lang='lat' dir='ltr'><strong>erat,</strong></span> <span class='ocrx_word' id='word_1_623' title='bbox 1210 2281 1258 2308; x_wconf 84' lang='lat' dir='ltr'><strong>alii</strong></span> <span class='ocrx_word' id='word_1_624' title='bbox 1279 2285 1368 2308; x_wconf 70' lang='lat' dir='ltr'><strong>ventre</strong></span> <span class='ocrx_word' id='word_1_625' title='bbox 1392 2289 1452 2307; x_wconf 79' lang='lat' dir='ltr'><strong>ense</strong></span> <span class='ocrx_word' id='word_1_626' title='bbox 1473 2281 1590 2316; x_wconf 78' lang='lat' dir='ltr'><strong>perfosso</strong></span> <span class='ocrx_word' id='word_1_627' title='bbox 1611 2281 1736 2307; x_wconf 77' lang='lat' dir='ltr'><strong>intestina</strong></span> 
     </span>
    </p>
   </div>
   <div class='ocr_carea' id='block_1_47' title="bbox 125 2323 1738 2360">
    <p class='ocr_par' dir='ltr' id='par_1_47' title="bbox 125 2323 1738 2360">
     <span class='ocr_line' id='line_1_47' title="bbox 125 2323 1738 2360; baseline -0.001 -10"><span class='ocrx_word' id='word_1_628' title='bbox 125 2324 213 2351; x_wconf 84' lang='lat' dir='ltr'><strong>omnia</strong></span> <span class='ocrx_word' id='word_1_629' title='bbox 227 2323 307 2358; x_wconf 64' lang='lat' dir='ltr'><strong>eﬂ‘usa</strong></span> <span class='ocrx_word' id='word_1_630' title='bbox 318 2323 444 2358; x_wconf 80' lang='lat' dir='ltr'><strong>ﬂuebant,</strong></span> <span class='ocrx_word' id='word_1_631' title='bbox 458 2323 553 2355; x_wconf 86' lang='lat' dir='ltr'><strong>alium,</strong></span> <span class='ocrx_word' id='word_1_632' title='bbox 571 2325 625 2350; x_wconf 85' lang='lat' dir='ltr'><strong>ovis</strong></span> <span class='ocrx_word' id='word_1_633' title='bbox 643 2325 729 2351; x_wconf 85' lang='lat' dir='ltr'><strong>instar</strong></span> <span class='ocrx_word' id='word_1_634' title='bbox 742 2326 768 2351; x_wconf 88' lang='lat' dir='ltr'><strong>in</strong></span> <span class='ocrx_word' id='word_1_635' title='bbox 784 2325 905 2355; x_wconf 79' lang='lat' dir='ltr'><strong>macello,</strong></span> <span class='ocrx_word' id='word_1_636' title='bbox 921 2325 973 2352; x_wconf 81' lang='lat' dir='ltr'><strong>diri</strong></span> <span class='ocrx_word' id='word_1_637' title='bbox 987 2325 1124 2359; x_wconf 77' lang='lat' dir='ltr'><strong>carniﬁces</strong></span> <span class='ocrx_word' id='word_1_638' title='bbox 1137 2326 1164 2351; x_wconf 88' lang='lat' dir='ltr'><strong>in</strong></span> <span class='ocrx_word' id='word_1_639' title='bbox 1180 2325 1265 2359; x_wconf 81' lang='lat' dir='ltr'><strong>frusta</strong></span> <span class='ocrx_word' id='word_1_640' title='bbox 1293 2324 1371 2360; x_wconf 86' lang='lat' dir='ltr'><strong>plura</strong></span> <span class='ocrx_word' id='word_1_641' title='bbox 1385 2324 1564 2355; x_wconf 80' lang='lat' dir='ltr'><strong>conciderant,</strong></span> <span class='ocrx_word' id='word_1_642' title='bbox 1579 2328 1626 2350; x_wconf 86' lang='lat' dir='ltr'><strong>etc.</strong></span> <span class='ocrx_word' id='word_1_643' title='bbox 1641 2323 1662 2350; x_wconf 83' lang='lat' dir='ltr'><strong>A</strong></span> <span class='ocrx_word' id='word_1_644' title='bbox 1681 2323 1738 2350; x_wconf 82' lang='lat' dir='ltr'><strong>illo-</strong></span> 
     </span>
    </p>
   </div>
   <div class='ocr_carea' id='block_1_48' title="bbox 124 2365 1734 2403">
    <p class='ocr_par' dir='ltr' id='par_1_48' title="bbox 124 2365 1734 2403">
     <span class='ocr_line' id='line_1_48' title="bbox 124 2365 1734 2403; baseline 0.001 -11"><span class='ocrx_word' id='word_1_645' title='bbox 124 2366 202 2392; x_wconf 87' lang='lat' dir='ltr'><strong>desto</strong></span> <span class='ocrx_word' id='word_1_646' title='bbox 217 2366 244 2393; x_wconf 90' lang='lat' dir='ltr'><strong>S.</strong></span> <span class='ocrx_word' id='word_1_647' title='bbox 261 2365 422 2392; x_wconf 81' lang='lat' dir='ltr'><strong>Anastasius</strong></span> <span class='ocrx_word' id='word_1_648' title='bbox 437 2367 528 2397; x_wconf 87' lang='lat' dir='ltr'><strong>Persa,</strong></span> <span class='ocrx_word' id='word_1_649' title='bbox 544 2367 589 2401; x_wconf 86' lang='lat' dir='ltr'><strong>qui</strong></span> <span class='ocrx_word' id='word_1_650' title='bbox 605 2375 702 2395; x_wconf 88' lang='lat' dir='ltr'><strong>recens</strong></span> <span class='ocrx_word' id='word_1_651' title='bbox 719 2368 798 2395; x_wconf 80' lang='lat' dir='ltr'><strong>[idem</strong></span> <span class='ocrx_word' id='word_1_652' title='bbox 810 2368 910 2395; x_wconf 82' lang='lat' dir='ltr'><strong>Christi</strong></span> <span class='ocrx_word' id='word_1_653' title='bbox 930 2369 1070 2403; x_wconf 86' lang='lat' dir='ltr'><strong>amplexus</strong></span> <span class='ocrx_word' id='word_1_654' title='bbox 1089 2369 1188 2400; x_wconf 81' lang='lat' dir='ltr'><strong>fuerat,</strong></span> <span class='ocrx_word' id='word_1_655' title='bbox 1208 2368 1374 2402; x_wconf 83' lang='lat' dir='ltr'><strong>baptismum</strong></span> <span class='ocrx_word' id='word_1_656' title='bbox 1397 2367 1517 2401; x_wconf 82' lang='lat' dir='ltr'><strong>suscepit</strong></span> <span class='ocrx_word' id='word_1_657' title='bbox 1531 2367 1734 2402; x_wconf 76' lang='lat' dir='ltr'><strong>Hierosolymis,</strong></span> 
     </span>
    </p>
   </div>
   <div class='ocr_carea' id='block_1_49' title="bbox 124 2409 1736 2448">
    <p class='ocr_par' dir='ltr' id='par_1_49' title="bbox 124 2409 1736 2448">
     <span class='ocr_line' id='line_1_49' title="bbox 124 2409 1736 2448; baseline 0.001 -12"><span class='ocrx_word' id='word_1_658' title='bbox 124 2414 154 2436; x_wconf 85' lang='lat' dir='ltr'><strong>ut</strong></span> <span class='ocrx_word' id='word_1_659' title='bbox 168 2409 253 2436; x_wconf 81' lang='lat' dir='ltr'><strong>refert</strong></span> <span class='ocrx_word' id='word_1_660' title='bbox 267 2409 348 2443; x_wconf 82' lang='lat' dir='ltr'><strong>hujus</strong></span> <span class='ocrx_word' id='word_1_661' title='bbox 361 2410 493 2443; x_wconf 83' lang='lat' dir='ltr'><strong>temporis</strong></span> <span class='ocrx_word' id='word_1_662' title='bbox 505 2411 624 2444; x_wconf 84' lang='lat' dir='ltr'><strong>scriptor</strong></span> <span class='ocrx_word' id='word_1_663' title='bbox 638 2411 667 2437; x_wconf 84' lang='lat' dir='ltr'><strong>in</strong></span> <span class='ocrx_word' id='word_1_664' title='bbox 684 2411 759 2438; x_wconf 82' lang='lat' dir='ltr'><strong>Actis</strong></span> <span class='ocrx_word' id='word_1_665' title='bbox 775 2412 845 2446; x_wconf 79' lang='lat' dir='ltr'><strong>ejus,</strong></span> <span class='ocrx_word' id='word_1_666' title='bbox 856 2420 916 2446; x_wconf 65' lang='lat' dir='ltr'><strong>quin</strong></span> <span class='ocrx_word' id='word_1_667' title='bbox 935 2412 962 2438; x_wconf 89' lang='lat' dir='ltr'><strong>in</strong></span> <span class='ocrx_word' id='word_1_668' title='bbox 977 2413 1095 2439; x_wconf 83' lang='lat' dir='ltr'><strong>secunda</strong></span> <span class='ocrx_word' id='word_1_669' title='bbox 1122 2412 1226 2448; x_wconf 75' lang='lat' dir='ltr'><strong>synodo</strong></span> <span class='ocrx_word' id='word_1_670' title='bbox 1246 2413 1353 2439; x_wconf 65' lang='lat' dir='ltr'><strong>Nicena</strong></span> <span class='ocrx_word' id='word_1_671' title='bbox 1368 2412 1506 2446; x_wconf 88' lang='lat' dir='ltr'><strong>proposita</strong></span> <span class='ocrx_word' id='word_1_672' title='bbox 1522 2415 1595 2438; x_wconf 89' lang='lat' dir='ltr'><strong>sunt.</strong></span> <span class='ocrx_word' id='word_1_673' title='bbox 1623 2411 1736 2438; x_wconf 67' lang='lat' dir='ltr'><strong>Exstant</strong></span> 
     </span>
    </p>
   </div>
   <div class='ocr_carea' id='block_1_50' title="bbox 123 2451 1736 2490">
    <p class='ocr_par' dir='ltr' id='par_1_50' title="bbox 123 2451 1736 2490">
     <span class='ocr_line' id='line_1_50' title="bbox 123 2451 1736 2490; baseline 0.003 -13"><span class='ocrx_word' id='word_1_674' title='bbox 123 2452 195 2486; x_wconf 86' lang='lat' dir='ltr'><strong>apud</strong></span> <span class='ocrx_word' id='word_1_675' title='bbox 211 2451 356 2478; x_wconf 84' lang='lat' dir='ltr'><strong>Baronium</strong></span> <span class='ocrx_word' id='word_1_676' title='bbox 371 2453 403 2479; x_wconf 89' lang='lat' dir='ltr'><strong>ad</strong></span> <span class='ocrx_word' id='word_1_677' title='bbox 421 2461 522 2479; x_wconf 90' lang='lat' dir='ltr'><strong>annum</strong></span> <span class='ocrx_word' id='word_1_678' title='bbox 535 2453 635 2480; x_wconf 70' lang='grc'><strong>6141111</strong></span> <span class='ocrx_word' id='word_1_679' title='bbox 660 2455 693 2480; x_wconf 70' lang='grc'>55</span> <span class='ocrx_word' id='word_1_680' title='bbox 705 2459 732 2481; x_wconf 87' lang='lat' dir='ltr'><strong>et</strong></span> <span class='ocrx_word' id='word_1_681' title='bbox 748 2463 823 2489; x_wconf 87' lang='lat' dir='ltr'><strong>seqq.</strong></span> <span class='ocrx_word' id='word_1_682' title='bbox 843 2464 875 2482; x_wconf 88' lang='lat' dir='ltr'><strong>ex</strong></span> <span class='ocrx_word' id='word_1_683' title='bbox 887 2455 1069 2490; x_wconf 82' lang='lat' dir='ltr'><strong>Metaphrasle</strong></span> <span class='ocrx_word' id='word_1_684' title='bbox 1085 2460 1193 2490; x_wconf 83' lang='lat' dir='ltr'><strong>sumpta</strong></span> <span class='ocrx_word' id='word_1_685' title='bbox 1207 2465 1214 2488; x_wconf 89' lang='lat'><strong>;</strong></span> <span class='ocrx_word' id='word_1_686' title='bbox 1229 2456 1275 2482; x_wconf 85' lang='lat' dir='ltr'><strong>sed</strong></span> <span class='ocrx_word' id='word_1_687' title='bbox 1287 2463 1346 2490; x_wconf 71' lang='lat' dir='ltr'><strong>qua:</strong></span> <span class='ocrx_word' id='word_1_688' title='bbox 1357 2456 1415 2490; x_wconf 85' lang='lat' dir='ltr'><strong>ipse</strong></span> <span class='ocrx_word' id='word_1_689' title='bbox 1426 2454 1585 2489; x_wconf 80' lang='lat' dir='ltr'><strong>sumpsith</strong></span> <span class='ocrx_word' id='word_1_690' title='bbox 1598 2455 1671 2481; x_wconf 81' lang='lat' dir='ltr'><strong>Actis</strong></span> <span class='ocrx_word' id='word_1_691' title='bbox 1683 2454 1736 2482; x_wconf 85' lang='lat' dir='ltr'><strong>illis</strong></span> 
     </span>
    </p>
   </div>
   <div class='ocr_carea' id='block_1_51' title="bbox 125 2495 1736 2531">
    <p class='ocr_par' dir='ltr' id='par_1_51' title="bbox 125 2495 1736 2531">
     <span class='ocr_line' id='line_1_51' title="bbox 125 2495 1736 2531; baseline 0.001 -9"><span class='ocrx_word' id='word_1_692' title='bbox 125 2495 324 2523; x_wconf 84' lang='lat' dir='ltr'><strong>vetustioribus</strong></span> <span class='ocrx_word' id='word_1_693' title='bbox 337 2495 364 2522; x_wconf 90' lang='lat' dir='ltr'><strong>in</strong></span> <span class='ocrx_word' id='word_1_694' title='bbox 380 2496 484 2531; x_wconf 81' lang='lat' dir='ltr'><strong>synodo</strong></span> <span class='ocrx_word' id='word_1_695' title='bbox 502 2496 612 2524; x_wconf 51' lang='lat' dir='ltr'><strong>Nion-na</strong></span> <span class='ocrx_word' id='word_1_696' title='bbox 624 2498 744 2524; x_wconf 87' lang='lat' dir='ltr'><strong>secunda</strong></span> <span class='ocrx_word' id='word_1_697' title='bbox 759 2499 858 2530; x_wconf 87' lang='lat' dir='ltr'><strong>allatis,</strong></span> <span class='ocrx_word' id='word_1_698' title='bbox 872 2503 900 2526; x_wconf 83' lang='lat' dir='ltr'><strong>et</strong></span> <span class='ocrx_word' id='word_1_699' title='bbox 922 2506 936 2525; x_wconf 88' lang='lat' dir='ltr'><strong>a</strong></span> <span class='ocrx_word' id='word_1_700' title='bbox 953 2499 1018 2526; x_wconf 87' lang='lat' dir='ltr'><strong>Boll.</strong></span> <span class='ocrx_word' id='word_1_701' title='bbox 1034 2500 1178 2526; x_wconf 82' lang='lat' dir='ltr'><strong>recensitis</strong></span> <span class='ocrx_word' id='word_1_702' title='bbox 1204 2499 1237 2526; x_wconf 91' lang='lat' dir='ltr'><strong>ad</strong></span> <span class='ocrx_word' id='word_1_703' title='bbox 1262 2499 1334 2526; x_wconf 89' lang='lat' dir='ltr'><strong>diem</strong></span> <span class='ocrx_word' id='word_1_704' title='bbox 1345 2499 1380 2525; x_wconf 72' lang='lat'><strong>22</strong></span> <span class='ocrx_word' id='word_1_705' title='bbox 1393 2499 1504 2525; x_wconf 83' lang='lat' dir='ltr'><strong>Januar.</strong></span> <span class='ocrx_word' id='word_1_706' title='bbox 1519 2498 1580 2525; x_wconf 65' lang='lat' dir='ltr'><strong>llatc</strong></span> <span class='ocrx_word' id='word_1_707' title='bbox 1594 2503 1685 2524; x_wconf 88' lang='lat' dir='ltr'><strong>autem</strong></span> <span class='ocrx_word' id='word_1_708' title='bbox 1702 2506 1736 2525; x_wconf 87' lang='lat' dir='ltr'><strong>ex</strong></span> 
     </span>
    </p>
   </div>
   <div class='ocr_carea' id='block_1_52' title="bbox 121 2538 1734 2579">
    <p class='ocr_par' dir='ltr' id='par_1_52' title="bbox 121 2538 1734 2579">
     <span class='ocr_line' id='line_1_52' title="bbox 121 2538 1734 2579; baseline 0.001 -14"><span class='ocrx_word' id='word_1_709' title='bbox 121 2538 240 2566; x_wconf 88' lang='lat' dir='ltr'><strong>Baronio</strong></span> <span class='ocrx_word' id='word_1_710' title='bbox 253 2539 405 2566; x_wconf 79' lang='lat' dir='ltr'><strong>transcribo</strong></span> <span class='ocrx_word' id='word_1_711' title='bbox 423 2548 429 2566; x_wconf 86' lang='lat'><strong>:</strong></span> <span class='ocrx_word' id='word_1_712' title='bbox 443 2539 509 2566; x_wconf 88' lang='lat' dir='ltr'><strong>Cum</strong></span> <span class='ocrx_word' id='word_1_713' title='bbox 525 2549 622 2575; x_wconf 84' lang='lat' dir='ltr'><strong>magna</strong></span> <span class='ocrx_word' id='word_1_714' title='bbox 638 2542 731 2568; x_wconf 78' lang='lat' dir='ltr'><strong>civitas</strong></span> <span class='ocrx_word' id='word_1_715' title='bbox 749 2541 988 2578; x_wconf 79' lang='lat' dir='ltr'><strong>Hierosolymormn</strong></span> <span class='ocrx_word' id='word_1_716' title='bbox 1002 2549 1079 2579; x_wconf 82' lang='lat' dir='ltr'><strong>capta</strong></span> <span class='ocrx_word' id='word_1_717' title='bbox 1092 2544 1180 2578; x_wconf 81' lang='lat' dir='ltr'><strong>fuisset</strong></span> <span class='ocrx_word' id='word_1_718' title='bbox 1200 2553 1215 2570; x_wconf 88' lang='lat' dir='ltr'><strong>a</strong></span> <span class='ocrx_word' id='word_1_719' title='bbox 1232 2551 1291 2578; x_wconf 81' lang='lat' dir='ltr'><strong>rege</strong></span> <span class='ocrx_word' id='word_1_720' title='bbox 1303 2543 1455 2573; x_wconf 86' lang='lat' dir='ltr'><strong>Persarum,</strong></span> <span class='ocrx_word' id='word_1_721' title='bbox 1474 2547 1497 2568; x_wconf 83' lang='lat' dir='ltr'><strong>et</strong></span> <span class='ocrx_word' id='word_1_722' title='bbox 1513 2542 1583 2576; x_wconf 79' lang='lat' dir='ltr'><strong>facta</strong></span> <span class='ocrx_word' id='word_1_723' title='bbox 1599 2541 1646 2568; x_wconf 86' lang='lat' dir='ltr'><strong>illa</strong></span> <span class='ocrx_word' id='word_1_724' title='bbox 1663 2541 1734 2572; x_wconf 79' lang='lat' dir='ltr'><strong>loca,</strong></span> 
     </span>
    </p>
   </div>
   <div class='ocr_carea' id='block_1_53' title="bbox 122 2583 1737 2622">
    <p class='ocr_par' dir='ltr' id='par_1_53' title="bbox 122 2583 1737 2622">
     <span class='ocr_line' id='line_1_53' title="bbox 122 2583 1737 2622; baseline 0 -12"><span class='ocrx_word' id='word_1_725' title='bbox 122 2591 182 2618; x_wconf 64' lang='lat' dir='ltr'><strong>qua!</strong></span> <span class='ocrx_word' id='word_1_726' title='bbox 196 2584 247 2609; x_wconf 86' lang='lat' dir='ltr'><strong>mei</strong></span> <span class='ocrx_word' id='word_1_727' title='bbox 259 2583 358 2610; x_wconf 85' lang='lat' dir='ltr'><strong>Christi</strong></span> <span class='ocrx_word' id='word_1_728' title='bbox 368 2583 490 2610; x_wconf 80' lang='lat' dir='ltr'><strong>viderant</strong></span> <span class='ocrx_word' id='word_1_729' title='bbox 507 2585 731 2612; x_wconf 70' lang='lat' dir='ltr'><strong>conversationem</strong></span> <span class='ocrx_word' id='word_1_730' title='bbox 750 2590 776 2612; x_wconf 82' lang='lat' dir='ltr'><strong>et</strong></span> <span class='ocrx_word' id='word_1_731' title='bbox 787 2588 858 2613; x_wconf 84' lang='lat' dir='ltr'><strong>cruci</strong></span> <span class='ocrx_word' id='word_1_732' title='bbox 871 2587 1021 2622; x_wconf 69' lang='lat' dir='ltr'><strong>afﬁci-iuueni</strong></span> <span class='ocrx_word' id='word_1_733' title='bbox 1036 2591 1060 2613; x_wconf 84' lang='lat' dir='ltr'><strong>et</strong></span> <span class='ocrx_word' id='word_1_734' title='bbox 1072 2583 1302 2617; x_wconf 76' lang='lat' dir='ltr'><strong>resurrectionem,</strong></span> <span class='ocrx_word' id='word_1_735' title='bbox 1319 2586 1454 2612; x_wconf 80' lang='lat' dir='ltr'><strong>Medorum</strong></span> <span class='ocrx_word' id='word_1_736' title='bbox 1470 2585 1568 2611; x_wconf 75' lang='lat' dir='ltr'><strong>lancea-</strong></span> <span class='ocrx_word' id='word_1_737' title='bbox 1585 2589 1609 2610; x_wconf 86' lang='lat' dir='ltr'><strong>et</strong></span> <span class='ocrx_word' id='word_1_738' title='bbox 1623 2585 1688 2619; x_wconf 87' lang='lat' dir='ltr'><strong>igni,</strong></span> <span class='ocrx_word' id='word_1_739' title='bbox 1704 2585 1737 2610; x_wconf 81' lang='lat' dir='ltr'><strong>iis</strong></span> 
     </span>
    </p>
   </div>
   <div class='ocr_carea' id='block_1_54' title="bbox 121 2627 1735 2666">
    <p class='ocr_par' dir='ltr' id='par_1_54' title="bbox 121 2627 1735 2666">
     <span class='ocr_line' id='line_1_54' title="bbox 121 2627 1735 2666; baseline 0 -13"><span class='ocrx_word' id='word_1_740' title='bbox 121 2635 186 2660; x_wconf 79' lang='lat' dir='ltr'><strong>quos</strong></span> <span class='ocrx_word' id='word_1_741' title='bbox 200 2627 257 2661; x_wconf 83' lang='lat' dir='ltr'><strong>ipse</strong></span> <span class='ocrx_word' id='word_1_742' title='bbox 272 2627 342 2653; x_wconf 86' lang='lat' dir='ltr'><strong>novit</strong></span> <span class='ocrx_word' id='word_1_743' title='bbox 356 2627 450 2658; x_wconf 80' lang='lat' dir='ltr'><strong>modis,</strong></span> <span class='ocrx_word' id='word_1_744' title='bbox 463 2632 548 2654; x_wconf 81' lang='lat' dir='ltr'><strong>essent</strong></span> <span class='ocrx_word' id='word_1_745' title='bbox 565 2628 664 2654; x_wconf 88' lang='lat' dir='ltr'><strong>tradita</strong></span> <span class='ocrx_word' id='word_1_746' title='bbox 683 2637 692 2655; x_wconf 86' lang='lat'><strong><em>:</em></strong></span> <span class='ocrx_word' id='word_1_747' title='bbox 711 2633 735 2655; x_wconf 79' lang='lat' dir='ltr'><strong>et</strong></span> <span class='ocrx_word' id='word_1_748' title='bbox 751 2629 834 2656; x_wconf 84' lang='lat' dir='ltr'><strong>multa</strong></span> <span class='ocrx_word' id='word_1_749' title='bbox 852 2630 907 2657; x_wconf 71' lang='lat' dir='ltr'><strong>alia</strong></span> <span class='ocrx_word' id='word_1_750' title='bbox 921 2635 998 2666; x_wconf 84' lang='lat' dir='ltr'><strong>capta</strong></span> <span class='ocrx_word' id='word_1_751' title='bbox 1020 2635 1080 2657; x_wconf 86' lang='lat' dir='ltr'><strong>sunt</strong></span> <span class='ocrx_word' id='word_1_752' title='bbox 1093 2639 1152 2657; x_wconf 86' lang='lat' dir='ltr'><strong>cum</strong></span> <span class='ocrx_word' id='word_1_753' title='bbox 1164 2631 1284 2660; x_wconf 81' lang='lat' dir='ltr'><strong>civitate;</strong></span> <span class='ocrx_word' id='word_1_754' title='bbox 1302 2633 1330 2656; x_wconf 86' lang='lat' dir='ltr'><strong>ut</strong></span> <span class='ocrx_word' id='word_1_755' title='bbox 1351 2629 1445 2655; x_wconf 87' lang='lat' dir='ltr'><strong>salutis</strong></span> <span class='ocrx_word' id='word_1_756' title='bbox 1456 2635 1558 2662; x_wconf 86' lang='lat' dir='ltr'><strong>quoque</strong></span> <span class='ocrx_word' id='word_1_757' title='bbox 1573 2633 1669 2655; x_wconf 73' lang='lat' dir='ltr'><strong>nostra:</strong></span> <span class='ocrx_word' id='word_1_758' title='bbox 1681 2632 1735 2654; x_wconf 69' lang='lat'><strong>“&#39;0&#39;.-</strong></span> 
     </span>
    </p>
   </div>
   <div class='ocr_carea' id='block_1_55' title="bbox 122 2670 1738 2709">
    <p class='ocr_par' dir='ltr' id='par_1_55' title="bbox 122 2670 1738 2709">
     <span class='ocr_line' id='line_1_55' title="bbox 122 2670 1738 2709; baseline 0.001 -13"><span class='ocrx_word' id='word_1_759' title='bbox 122 2678 218 2705; x_wconf 74' lang='lat' dir='ltr'><strong>pteunt,</strong></span> <span class='ocrx_word' id='word_1_760' title='bbox 235 2671 325 2697; x_wconf 83' lang='lat' dir='ltr'><strong>mortis</strong></span> <span class='ocrx_word' id='word_1_761' title='bbox 350 2670 456 2701; x_wconf 85' lang='lat' dir='ltr'><strong>solutio,</strong></span> <span class='ocrx_word' id='word_1_762' title='bbox 471 2672 570 2705; x_wconf 82' lang='lat' dir='ltr'><strong>peccati</strong></span> <span class='ocrx_word' id='word_1_763' title='bbox 583 2672 735 2703; x_wconf 82' lang='lat' dir='ltr'><strong>iuternecio,</strong></span> <span class='ocrx_word' id='word_1_764' title='bbox 756 2673 867 2708; x_wconf 84' lang='lat' dir='ltr'><strong>lignum,</strong></span> <span class='ocrx_word' id='word_1_765' title='bbox 888 2675 1008 2709; x_wconf 78' lang='lat' dir='ltr'><strong>inquam,</strong></span> <span class='ocrx_word' id='word_1_766' title='bbox 1024 2674 1132 2708; x_wconf 71' lang='lat' dir='ltr'><strong>eiei/iere</strong></span> <span class='ocrx_word' id='word_1_767' title='bbox 1151 2674 1236 2700; x_wconf 80' lang='lat' dir='ltr'><strong>crucis</strong></span> <span class='ocrx_word' id='word_1_768' title='bbox 1256 2673 1331 2699; x_wconf 82' lang='lat' dir='ltr'><strong>illinc</strong></span> <span class='ocrx_word' id='word_1_769' title='bbox 1352 2671 1512 2698; x_wconf 84' lang='lat' dir='ltr'><strong>translatum</strong></span> <span class='ocrx_word' id='word_1_770' title='bbox 1538 2676 1576 2698; x_wconf 79' lang='lat' dir='ltr'><strong>est</strong></span> <span class='ocrx_word' id='word_1_771' title='bbox 1596 2673 1622 2697; x_wconf 90' lang='lat' dir='ltr'><strong>in</strong></span> <span class='ocrx_word' id='word_1_772' title='bbox 1650 2671 1738 2698; x_wconf 82' lang='lat' dir='ltr'><strong>Persi-</strong></span> 
     </span>
    </p>
   </div>
   <div class='ocr_carea' id='block_1_56' title="bbox 121 2714 1737 2752">
    <p class='ocr_par' dir='ltr' id='par_1_56' title="bbox 121 2714 1737 2752">
     <span class='ocr_line' id='line_1_56' title="bbox 121 2714 1737 2752; baseline 0.002 -14"><span class='ocrx_word' id='word_1_773' title='bbox 121 2715 190 2743; x_wconf 66' lang='lat' dir='ltr'><strong>dem.</strong></span> <span class='ocrx_word' id='word_1_774' title='bbox 203 2718 251 2739; x_wconf 77' lang='lat' dir='ltr'><strong>etc.</strong></span> <span class='ocrx_word' id='word_1_775' title='bbox 266 2714 333 2747; x_wconf 62' lang='lat' dir='ltr'><strong>(haec</strong></span> <span class='ocrx_word' id='word_1_776' title='bbox 345 2718 438 2740; x_wconf 85' lang='lat' dir='ltr'><strong>saneta</strong></span> <span class='ocrx_word' id='word_1_777' title='bbox 457 2715 552 2749; x_wconf 78' lang='lat' dir='ltr'><strong>Crux),</strong></span> <span class='ocrx_word' id='word_1_778' title='bbox 566 2715 701 2742; x_wconf 83' lang='lat' dir='ltr'><strong>Persidem</strong></span> <span class='ocrx_word' id='word_1_779' title='bbox 717 2718 820 2748; x_wconf 81' lang='lat' dir='ltr'><strong>evertit,</strong></span> <span class='ocrx_word' id='word_1_780' title='bbox 831 2722 855 2743; x_wconf 83' lang='lat' dir='ltr'><strong>et</strong></span> <span class='ocrx_word' id='word_1_781' title='bbox 868 2718 964 2752; x_wconf 83' lang='lat' dir='ltr'><strong>spoliat</strong></span> <span class='ocrx_word' id='word_1_782' title='bbox 975 2717 1071 2751; x_wconf 76' lang='lat' dir='ltr'><strong>falsam</strong></span> <span class='ocrx_word' id='word_1_783' title='bbox 1085 2717 1248 2751; x_wconf 83' lang='lat' dir='ltr'><strong>religionem,</strong></span> <span class='ocrx_word' id='word_1_784' title='bbox 1264 2720 1287 2742; x_wconf 81' lang='lat' dir='ltr'><strong>et</strong></span> <span class='ocrx_word' id='word_1_785' title='bbox 1305 2724 1364 2750; x_wconf 66' lang='lat' dir='ltr'><strong>qua&#39;</strong></span> <span class='ocrx_word' id='word_1_786' title='bbox 1381 2723 1408 2742; x_wconf 78' lang='lat' dir='ltr'><strong>se</strong></span> <span class='ocrx_word' id='word_1_787' title='bbox 1429 2715 1515 2749; x_wconf 79' lang='lat' dir='ltr'><strong>digna:</strong></span> <span class='ocrx_word' id='word_1_788' title='bbox 1527 2718 1603 2740; x_wconf 88' lang='lat' dir='ltr'><strong>erant</strong></span> <span class='ocrx_word' id='word_1_789' title='bbox 1618 2715 1737 2748; x_wconf 75' lang='lat' dir='ltr'><strong>captiuas</strong></span> 
     </span>
    </p>
   </div>
   <div class='ocr_carea' id='block_1_57' title="bbox 123 2757 1738 2796">
    <p class='ocr_par' dir='ltr' id='par_1_57' title="bbox 123 2757 1738 2796">
     <span class='ocr_line' id='line_1_57' title="bbox 123 2757 1738 2796; baseline 0.001 -14"><span class='ocrx_word' id='word_1_790' title='bbox 123 2757 227 2782; x_wconf 77' lang='lat' dir='ltr'><strong>abducit</strong></span> <span class='ocrx_word' id='word_1_791' title='bbox 247 2758 351 2783; x_wconf 78' lang='lat' dir='ltr'><strong>animas</strong></span> <span class='ocrx_word' id='word_1_792' title='bbox 366 2765 425 2783; x_wconf 77' lang='lat' dir='ltr'><strong>rere</strong></span> <span class='ocrx_word' id='word_1_793' title='bbox 441 2757 570 2785; x_wconf 74' lang='lat' dir='ltr'><strong>laudabili</strong></span> <span class='ocrx_word' id='word_1_794' title='bbox 582 2763 605 2784; x_wconf 84' lang='lat' dir='ltr'><strong>et</strong></span> <span class='ocrx_word' id='word_1_795' title='bbox 617 2758 693 2794; x_wconf 87' lang='lat' dir='ltr'><strong>longe</strong></span> <span class='ocrx_word' id='word_1_796' title='bbox 705 2760 882 2794; x_wconf 71' lang='lat' dir='ltr'><strong>pulcherrima</strong></span> <span class='ocrx_word' id='word_1_797' title='bbox 899 2762 1070 2796; x_wconf 75' lang='lat' dir='ltr'><strong>captivitate:</strong></span> <span class='ocrx_word' id='word_1_798' title='bbox 1092 2765 1149 2792; x_wconf 84' lang='lat' dir='ltr'><strong>aut,</strong></span> <span class='ocrx_word' id='word_1_799' title='bbox 1172 2765 1200 2786; x_wconf 87' lang='lat' dir='ltr'><strong>ut</strong></span> <span class='ocrx_word' id='word_1_800' title='bbox 1217 2757 1301 2795; x_wconf 82' lang='lat' dir='ltr'><strong>magis</strong></span> <span class='ocrx_word' id='word_1_801' title='bbox 1314 2760 1419 2795; x_wconf 78' lang='lat' dir='ltr'><strong>proprie</strong></span> <span class='ocrx_word' id='word_1_802' title='bbox 1434 2759 1530 2790; x_wconf 82' lang='lat' dir='ltr'><strong>dicant,</strong></span> <span class='ocrx_word' id='word_1_803' title='bbox 1553 2767 1568 2784; x_wconf 89' lang='lat' dir='ltr'><strong>a</strong></span> <span class='ocrx_word' id='word_1_804' title='bbox 1585 2759 1738 2791; x_wconf 75' lang='lat' dir='ltr'><strong>captivitate</strong></span> 
     </span>
    </p>
   </div>
   <div class='ocr_carea' id='block_1_58' title="bbox 120 2800 1737 2839">
    <p class='ocr_par' dir='ltr' id='par_1_58' title="bbox 120 2800 1737 2839">
     <span class='ocr_line' id='line_1_58' title="bbox 120 2800 1737 2839; baseline 0.002 -13"><span class='ocrx_word' id='word_1_805' title='bbox 120 2805 208 2832; x_wconf 70' lang='lat' dir='ltr'><strong>pacat,</strong></span> <span class='ocrx_word' id='word_1_806' title='bbox 228 2804 251 2827; x_wconf 84' lang='lat' dir='ltr'><strong>et</strong></span> <span class='ocrx_word' id='word_1_807' title='bbox 261 2800 297 2826; x_wconf 87' lang='lat' dir='ltr'><strong>eis</strong></span> <span class='ocrx_word' id='word_1_808' title='bbox 315 2808 419 2826; x_wconf 82' lang='lat' dir='ltr'><strong>rursum</strong></span> <span class='ocrx_word' id='word_1_809' title='bbox 435 2801 574 2832; x_wconf 77' lang='lat' dir='ltr'><strong>pristinam</strong></span> <span class='ocrx_word' id='word_1_810' title='bbox 592 2803 706 2829; x_wconf 78' lang='lat' dir='ltr'><strong>restituit</strong></span> <span class='ocrx_word' id='word_1_811' title='bbox 720 2803 874 2831; x_wconf 75' lang='lat' dir='ltr'><strong>libertatem.</strong></span> <span class='ocrx_word' id='word_1_812' title='bbox 891 2804 978 2832; x_wconf 81' lang='lat' dir='ltr'><strong>Simul</strong></span> <span class='ocrx_word' id='word_1_813' title='bbox 1000 2813 1030 2831; x_wconf 89' lang='lat' dir='ltr'><strong>ac</strong></span> <span class='ocrx_word' id='word_1_814' title='bbox 1049 2805 1117 2831; x_wconf 87' lang='lat' dir='ltr'><strong>enim</strong></span> <span class='ocrx_word' id='word_1_815' title='bbox 1141 2804 1289 2839; x_wconf 85' lang='lat' dir='ltr'><strong>ingreditur</strong></span> <span class='ocrx_word' id='word_1_816' title='bbox 1309 2803 1453 2837; x_wconf 81' lang='lat' dir='ltr'><strong>Persidem,</strong></span> <span class='ocrx_word' id='word_1_817' title='bbox 1470 2811 1526 2830; x_wconf 87' lang='lat' dir='ltr'><strong>eam</strong></span> <span class='ocrx_word' id='word_1_818' title='bbox 1547 2803 1636 2829; x_wconf 77' lang='lat' dir='ltr'><strong>statim</strong></span> <span class='ocrx_word' id='word_1_819' title='bbox 1654 2806 1737 2829; x_wconf 80' lang='lat' dir='ltr'><strong>totum</strong></span> 
     </span>
    </p>
   </div>
  </div>
