1952 3066
117 119 188 152 3273
417 127 421 130 -
580 110 620 151 in
643 111 850 151 UNGUENTA
870 113 1283 151 FERENTESMULIERES;
1670 118 1739 151 sint

118 177 207 200 morte
222 172 370 203 Zachariae,
388 171 432 198 cui
448 179 480 199 ex
497 172 611 202 Perside
628 180 740 200 reverso
752 172 1020 201 administrationem
1036 175 1088 202 sibi
1106 174 1257 210 delegatam
1275 175 1443 205 restituerat,
1459 174 1503 201 vel
1516 182 1598 208 quam
1614 174 1740 203 fortassis

120 217 172 244 sub
187 216 246 248 illo,
258 224 292 243 ex
304 215 392 250 ipsius
415 223 564 249 consensu,
580 224 710 244 exercere
733 218 904 252 perrexerat)
930 219 1081 253 assignari;
1108 219 1177 246 duos
1199 226 1266 246 vero
1280 224 1368 246 annos
1386 217 1420 245 ab
1442 222 1554 245 auctore
1580 218 1738 246 tabularum

120 259 281 295 Theophani
310 260 476 287 insertarum
495 269 501 286 :
523 260 570 288 sed
592 261 645 288 nisi
668 261 796 288 decessor
813 262 873 296 ejus
888 261 1046 294 Zacharias,
1066 263 1165 298 inquit,
1182 263 1327 297 plusquam
1345 262 1379 289 22
1394 269 1481 289 anno:
1496 266 1557 295 post
1575 269 1650 289 suam
1665 263 1739 290 ordi-

121 305 260 332 nationem
276 303 386 335 vixerit,
400 312 452 332 ncc
467 304 494 332 hi
509 305 665 337 sullicinnt;
683 313 745 333 eum
757 310 835 333 certo
846 310 955 334 constet
968 314 1156 334 successorem
1173 307 1234 341 ejus
1248 306 1433 341 Sophroninm
1443 305 1547 332 mensis
1564 305 1625 332 Maii
1641 311 1739 340 quarta

118 348 175 378 die.
194 348 291 375 indict.
307 353 394 381 sexta,
411 348 437 375 id
453 354 495 376 est
512 356 585 375 anno
602 349 663 381 635,
678 350 836 378 interfuisse
854 350 959 386 synodo
977 349 1167 377 Alexandrina:
1186 349 1278 377 adhuc
1290 350 1427 384 privatum
1442 349 1618 380 monachum,
1639 349 1734 384 ibique

118 399 247 418 exorsum
263 399 312 419 sua
323 398 420 419 comra
433 392 678 420 monothelismum
693 399 852 421 nascentem
868 394 1030 426 certamina,
1046 393 1147 420 deinde
1164 401 1226 420 cum
1244 393 1344 420 litteris
1354 391 1419 428 “Cyri
1439 393 1603 427 patriarchre
1620 388 1740 420 Alexan-
1788 396 1797 401 ‘

118 435 192 462 drini
209 435 291 462 ivisse
305 435 571 470 Constantinopolim
582 457 588 467 .
603 436 636 463 ad
651 437 728 464 urbis
739 437 978 473 archiepiscopum
992 437 1134 472 Sergium;
1147 437 1216 464 adeo
1230 437 1383 463 ntmultum
1396 436 1441 468 sit,
1456 436 1478 463 si
1496 441 1560 463 ante
1575 430 1739 464 autumnum

121 479 221 506 reverti
239 479 360 513 potuerit
391 479 417 506 in
434 479 618 506 Palmstinam.
640 480 704 507 Hzee
721 481 900 508 considerans
922 482 1034 516 aliquis,
1051 481 1227 516 prosequitur
1243 480 1458 516 Papebroehius.
1476 485 1504 507 et
1523 479 1662 515 quomodo
1683 480 1740 515 jam

120 522 182 549 inde
197 531 210 547 ιι
227 528 305 556 capta
319 522 371 549 sub
389 522 512 550 Chnsvoc
528 522 714 559 Ilierosoljma
727 525 890 559 patriarchae
906 526 982 552 vices
1000 526 1116 560 gesserit
1138 524 1288 556 Modestus.
1309 524 1435 551 fortassis
1450 524 1524 551 volet
1538 523 1646 558 opinari
1666 523 1739 558 quod

120 566 228 599 primus
242 566 323 593 istius
334 566 449 601 catalogi
462 571 560 594 auctor
572 567 619 602 qui
632 568 658 595 in
675 568 833 603 Sophronio
848 571 1015 597 terminatur
1029 569 1154 597 nullosei
1168 576 1258 596 'annos
1269 568 1413 599 deﬁniens,
1429 568 1547 595 voluerit
1570 572 1657 595 totum
1671 572 1740 594 tem-

119 615 170 642 pus
181 615 238 642 quo
250 607 470 641 patriarchatum
486 608 690 636 administrarit
708 610 857 642 Modestus,
871 611 960 639 eidem
981 619 1012 640 nt
1024 621 1090 640 vero
1108 613 1271 648 patriarchae
1293 612 1444 643 ascribere,
1461 611 1564 638 notatis
1579 611 1672 639 Graece
1686 618 1737 637 an-

120 651 164 678 nis
177 653 229 680 xa',
245 651 270 677 id
288 655 340 681 est,
356 650 485 685 2Lquod
501 651 546 678 alii
563 659 616 679 non
631 652 830 689 intelligentes,
844 654 1015 689 nimiumque
1032 662 1093 682 esse
1108 655 1233 682 videntes
1249 654 1399 687 (siquidem
1407 657 1471 688 post
1485 652 1646 679 Zachariam
1660 651 1737 678 brevi

122 694 189 720 satis
207 697 331 728 tempore
347 694 391 720 ille
406 694 546 722 Modestus
558 695 636 731 vixit)
655 696 758 723 omisso
775 700 810 728 χ’,
822 697 987 725 retinuerint
1009 697 1043 729 α’,
1060 698 1138 725 facile
1150 701 1238 725 annos
1260 698 1291 724 2|
1315 697 1462 731 repettnri,
1479 696 1502 722 si
1518 703 1664 722 numerare
1679 695 1740 722 illos

121 737 274 763 voluissent
286 737 321 763 ab
337 741 455 764 exeunte
467 737 537 765 Maio
556 739 609 771 (vel
624 739 705 767 initio
727 740 814 775 Junii)
829 741 894 767 anni
910 741 963 768 6H
979 741 1046 774 (quo
1064 745 1142 776 capta
1160 745 1202 768 est
1215 749 1230 768 a
1254 741 1346 767 Persis
1360 739 1606 774 llierosolymitana
1629 738 1738 770 civitas)

119 780 152 807 ad
174 788 297 807 mensem
311 779 492 808 Decembrem
509 783 572 809 anni
590 783 652 810 654.
674 783 726 810 Sed
742 784 811 811 nihil
827 787 941 812 necesse
958 785 1011 811 erit
1024 784 1079 812 huc
1095 792 1249 815 recurrere,
1265 783 1288 812 si
1311 783 1449 810 Zachariae
1464 783 1581 809 velimus
1595 790 1683 810 annos
1705 782 1740 810 24

120 824 290 859 relinquere.
309 824 388 852 Tunc
403 825 477 852 enim
495 833 509 852 a
526 826 624 853 Martio
639 835 711 854 anno
727 828 789 859 6'55,
807 836 891 863 usque
908 828 943 855 ab
958 829 1136 856 Decembrem
1152 827 1214 854 anni
1227 827 1378 862 sequentis,
1391 826 1443 853 dici
1455 830 1546 860 potest
1567 825 1670 852 sedisse
1684 825 1740 853 Mo-

117 868 221 908 destus.
239 868 316 907 Dico,
333 876 420 902 usque
433 869 466 896 ad
480 870 668 900 Decembrem,
681 872 744 905 quia
755 872 801 899 tali
817 880 910 899 mense
922 872 967 899 die
982 872 1013 899 l6
1024 872 1118 899 colunt
1132 871 1220 906 ipsum
1231 870 1319 898 Graeci
1330 877 1420 897 annua
1433 868 1696 897 commemoratione
1711 868 1739 896 in

117 911 238 939 Meneis.
255 912 292 939 ita
306 912 514 947 Papebrochi’us
526 913 637 941 citatus.
656 915 808 950 Eutychius
827 916 1031 943 Alexandrinus
1046 915 1143 944 scribit
1162 915 1315 942 Modestum
1336 913 1442 941 sedisse
1457 920 1555 939 novem
1575 919 1694 943 menses.
1711 917 1740 939 et

115 959 180 989 post
193 955 255 989 ejus
273 960 390 982 mortem
413 957 547 983 mansisse
573 957 731 984 eathrdrani
763 959 799 986 llil
813 959 1035 994 rosolymitanam
1059 967 1104 986 sex
1122 959 1202 987 annis
1220 959 1279 986 sine
1300 957 1467 993 patriarcha.
1487 957 1549 983 limo
1564 956 1675 991 quidem
1691 963 1739 982 sex

118 1006 256 1024 annorum
274 999 400 1026 vacantia
422 1007 487 1026 \‘era
506 1008 561 1027 non
583 1001 693 1028 videtur
710 1010 715 1028 :
732 1010 793 1028 nam
812 1002 846 1029 ab
865 1011 938 1030 anno
951 1003 1012 1035 654,
1037 1011 1093 1038 quo
1109 1003 1255 1030 Zacharias
1273 1001 1425 1032 descendit,
1444 1008 1531 1035 usque
1547 999 1580 1027 ad
1602 1000 1665 1030 654.
1683 1007 1738 1034 quo

117 1041 289 1076 SophroniUs
311 1043 455 1069 ordinatus
476 1048 518 1070 est
539 1044 790 1081 Hierosolymorum
819 1047 975 1082 episcopus,
996 1054 1042 1073 sex
1067 1048 1189 1081 profecto
1210 1046 1273 1072 anni
1298 1053 1352 1072 non
1369 1047 1530 1074 occurrunt.
1547 1043 1598 1069 sub
1620 1050 1738 1077 quorum

116 1086 201 1112 etiam
215 1085 362 1113 d‘uratione
381 1085 495 1114 Modesti
514 1088 717 1122 patriarehatus
732 1089 810 1117 [luxit
826 1090 907 1117 unius
922 1090 986 1116 anni
1013 1090 1056 1116 vel
1072 1090 1200 1117 duorum.
1222 1089 1255 1116 At
1281 1089 1398 1122 aliquam
1426 1087 1618 1114 intercessisse
1636 1093 1737 1112 vacan-

117 1128 195 1160 tiam,
216 1137 230 1155 a
246 1129 362 1156 Modesti
375 1131 452 1156 obitu
466 1139 553 1165 usque
569 1132 602 1159 ad
616 1131 765 1166 Sophronii
778 1132 1023 1169 inaugurationcm.
1043 1133 1157 1159 suadent
1173 1133 1296 1167 qna-dam
1314 1130 1443 1158 Martinil
1463 1129 1579 1158 Βοωθηί
1601 1127 1738 1163 pontificis

118 1172 201 1198 verba
218 1172 335 1199 inferius
352 1174 508 1206 referenda,
527 1182 587 1208 qua:
599 1175 730 1210 leguntur
747 1176 773 1202 in
787 1176 912 1210 epistolis
922 1177 984 1211 ejus
995 1178 1027 1202 ad
1040 1176 1172 1203 Joannem
1183 1174 1382 1210 i‘liiladclphize
1392 1174 1564 1209 episcopum,
1577 1177 1604 1200 et
1619 1172 1652 1199 ad
1666 1172 1736 1200 Pan-

115 1217 253 1243 taleonem
267 1225 274 1249 ;
289 1218 396 1245 scilicet
408 1219 483 1245 viros
497 1219 604 1254 aliquas
616 1224 678 1246 ante
695 1219 835 1254 Sophronii
846 1220 1128 1255 patriarchiam.-item
1153 1223 1209 1254 post
1228 1219 1284 1254 ejus
1305 1219 1453 1249 decessum,
1470 1225 1524 1244 non
1541 1216 1738 1244 convenienter

119 1259 205 1287 fuisse
219 1260 324 1288 electos
338 1261 364 1287 iu
382 1262 537 1297 episropos,
551 1263 592 1290 \‘el
613 1263 798 1298 presbyteros,
808 1268 861 1291 etc.
878 1264 978 1291 Praeter
990 1263 1103 1290 Modesti
1121 1263 1265 1297 epistulam
1282 1262 1315 1289 de
1342 1269 1394 1296 qua
1409 1269 1501 1296 supra,
1522 1264 1614 1287 monet
1639 1258 1738 1294 Pagina

117 1308 184 1330 tom.
202 1303 222 1330 ll
236 1305 295 1330 erit.
311 1305 404 1332 armat.
422 1305 531 1333 Barom’i
548 1306 581 1333 ad
604 1314 706 1334 annum
731 1307 792 1335 633.
807 1315 835 1334 η.
852 1307 867 1334 6
882 1314 942 1342 pag.
963 1308 1023 1338 801,
1039 1307 1092 1334 eoi.
1106 1308 1130 1338 Ι,
1146 1307 1238 1334 adhuc
1258 1308 1405 1341 superesse
1418 1304 1487 1332 duas
1503 1302 1565 1339 ejus
1575 1308 1735 1331 orationes:

119 1357 213 1381 unam,
231 1350 258 1376 in
273 1349 396 1377 mulieres
410 1352 627 1387 unguentiferas;
642 1353 766 1383 alteram,
778 1353 804 1379 in
817 1360 955 1380 occursum
968 1360 977 1378 :
992 1359 1052 1386 quae
1067 1351 1219 1378 recitantur
1232 1358 1246 1377 a
1263 1350 1363 1378 Photio
1375 1349 1402 1377 in
1416 1348 1547 1376 Biblioth.
1561 1347 1656 1375 codice
1671 1347 1734 1374 275.

117 1391 176 1419 Alia
191 1400 300 1428 quoque
312 1394 404 1421 oratio
425 1400 533 1432 exstare
554 1395 668 1427 dicitur,
687 1396 739 1423 sub
750 1396 873 1430 ejusdem
897 1395 1010 1422 Modesti
1037 1395 1157 1425 nomine,
1174 1394 1202 1420 in
1222 1393 1316 1420 codice
1335 1393 1391 1420 Ἧι
1412 1391 1599 1424 Coisliniano,
1612 1396 1682 1426 part.
1705 1398 1735 1423 ιι,

115 1442 178 1470 pag.
195 1436 258 1469 289,
272 1435 303 1462 de
314 1438 471 1464 dormitione
485 1438 606 1474 Deiparte
621 1439 742 1474 Virginis.

115 1526 1723 1545 W

724 1609 1135 1671 ΜΟΔΕΣΤΟΥ

641 1717 922 1745 ᾹΡΧΙΕΠΙΣΚΟΠΟΥ
947 1715 1190 1744 ΙΕΡΟΣΟΛΥΜΩΝ

609 1801 694 1844 ΕΙΣ
731 1801 833 1843 ΤΑΣ
870 1800 1256 1844 ΜΥΡΟΦΟΡΟΥΣδ

912 1892 948 1902 α..

775 1971 1086 2030 MODESTI

597 2088 887 2119 ARCHIEPISCOPI
907 2083 1260 2125 HIEROSOLYMITANI

332 2169 394 2215 lN
451 2170 774 2216 UNGUENTA
829 2147 1134 2216 FEBENTES
1191 2170 1514 2216 MULIERES.

691 2266 827 2301 (Pnorws,
847 2266 981 2298 Biblioth.,
1001 2266 1063 2293 cod.
1085 2267 1158 2302 275.)

910 2347 947 2354 ...-

145 2401 198 2436 τὸν
212 2407 327 2444 ιδδομον
351 2407 467 2443 ἀριθμὸν
482 2408 530 2435 καὶ
550 2409 598 2435 ιπι
612 2409 661 2444 τῆς
676 2409 775 2445 ἀρετῆς
791 2408 836 2436 καὶ
850 2409 898 2435 hct

980 2410 1134 2446 Septimum
1153 2415 1311 2443 numerum,
1322 2415 1353 2438 et
1367 2410 1403 2439 de
1416 2410 1520 2440 virtute
1532 2415 1561 2439 et
1572 2411 1606 2439 de
1619 2416 1730 2448 peccato

109 2453 159 2489 τῆς
177 2453 276 2485 κακίας
289 2453 453 2489 ιύρίσκομεν
469 2454 518 2488 τὴν
536 2453 648 2488 Γραφὴν
671 2455 880 2491 παραλαμωνου

958 2464 973 2483 ιι
998 2455 1142 2490 Scriptura
1165 2460 1309 2492 acceptum
1334 2456 1499 2486 invenimus.
1526 2456 1624 2486 Merito
1647 2456 1729 2492 igitur

111 2507 170 2526 σιν.
187 2498 309 2530 Εἰκότως
324 2495 371 2525 οὖν
382 2497 431 2534 τὴν
442 2498 557 2534 Μαρίαν
569 2499 709 2533 ἐκλέγεται
724 2500 773 2535 τὴν
786 2500 882 2534 Μαγδα

958 2500 1028 2537 :legit
1042 2500 1154 2528 Mariam
1173 2501 1357 2538 Magdalenom
1378 2501 1513 2533 Salvator,
1529 2509 1544 2528 e
1557 2509 1610 2539 qua
1626 2507 1729 2538 septem

109 2541 193 2578 ληνὴν
209 2543 224 2569 ό
240 2542 347 2578 Σωτὴρ,
367 2543 415 2577 ἀφ’
430 2540 463 2578 ἧς
479 2543 638 2578 ἑχδεϐλήκει
655 2544 783 2579 δαιμόνια
802 2545 873 2572 ἑπτά

959 2546 1081 2574 lamonia
1095 2547 1102 2561 '
1113 2546 1206 2583 eiecit,
1219 2551 1251 2574 ut
1261 2546 1412 2582 principem
1429 2547 1534 2583 peccati
1547 2554 1596 2582 per
1611 2546 1683 2574 illam
1695 2546 1730 2574 ab

109 2589 154 2616 ἵνα
170 2589 216 2615 τὸν
230 2588 348 2624 ἄρχοντα
366 2589 416 2624 τῆς
439 2589 538 2622 κακίας
554 2589 589 2616 δι’
601 2589 685 2624 αὐτῆς
700 2589 825 2626 ἀπελάσῃ
843 2590 880 2625 τῆ.

958 2592 1107 2620 luminibus
1115 2592 1274 2628 expelleret.
1288 2592 1413 2620 Historia
1424 2592 1536 2620 tradunt
1545 2591 1729 2627 Magdalenam

111 2635 285 2672 ἁνθμιιπίνης
314 2635 432 2670 φύσεως.
455 2636 526 2669 Ὅτι,
549 2637 642 2671 φησὶν,
663 2638 691 2663 αἱ
712 2637 826 2672 inopia:
843 2638 882 2672 τὴπ

958 2644 1017 2665 Iane
1037 2637 1169 2673 virginem
1191 2636 1287 2669 fuisse,
1303 2641 1332 2664 et
1346 2638 1507 2673 martyrium
1524 2637 1606 2673 hujus
1625 2645 1729 2666 memo-

109 2681 292 2716 Μαγδαληνὴν
312 2681 414 2715 ταύτην
435 2682 478 2709 διὰ
501 2683 559 2718 βίον
581 2683 712 2718 παρθένον
728 2683 880 2710 διδάσκουσι

958 2687 1022 2710 ‘atur
1038 2690 1047 2709 :
1062 2682 1107 2710 ubi
1122 2682 1234 2714 dicitur,
1250 2686 1362 2717 propter
1378 2689 1512 2710 summam
1530 2683 1606 2711 illius
1619 2683 1729 2718 virgini-

109 2725 164 2752 Καὶ
179 2726 327 2761 μαρτύριον
346 2726 375 2753 δὲ
396 2727 481 2762 αὐτῆς
502 2728 625 2762 φέρεται,
642 2729 670 2754 ὲν
683 2724 705 2762 ᾧ
725 2728 832 2762 λέγεται
848 2728 880 2755 διέ

956 2732 1040 2756 atem.
1055 2731 1084 2755 et
1102 2728 1259 2760 puritatem,
1275 2728 1348 2756 illam
1365 2733 1494 2763 tanquam
1513 2728 1615 2756 vitrum
1630 2735 1727 2764 purum

144 2804 151 2818 ‘
171 2802 238 2829 Luc.
252 2809 311 2834 vm,
323 2801 352 2828 ξ.

291 2801 352 2834 τέ,
980 2815 1000 2821 .,
1048 2801 1060 2820 :-

248 2847 382 2878 PA'raOL.
405 2848 463 2877 Gn.
482 2849 652 2880 LXXXVI.

1554 2853 1609 2883 103
