1952 3066
207 106 279 141 3275

691 108 856 139 MODESTI
878 109 1134 139 PATRIARCIIAS
1154 111 1359 141 HIEROSOL.

1777 103 1843 139 3276

208 162 359 192 tortoribus
375 164 460 191 visam
476 159 624 192 esse-Post
637 163 869 192 obdormitionem
884 164 998 192 sanctis—

1050 165 1099 200 τὴν
1129 166 1216 201 ἄκραν
1247 166 1334 200 αὐτῆς
1357 165 1506 201 ⁸Ξταρθενίαν
1535 165 1580 192 καὶ
1603 163 1786 200 καθαρότητα,
1809 165 1844 197 ὠς

207 210 281 237 sime
292 210 414 238 Dominze
428 215 528 237 nostra:
537 210 659 244 Deipara:
670 209 792 244 profecta
805 214 847 237 est
860 210 999 244 Ephesum

206 256 241 283 ad
263 256 393 285 dilectum
412 255 578 291 discipulum
599 264 605 282 :
622 256 668 283 ubi
691 263 802 282 cursum
818 256 999 290 apostolicum

207 309 256 336 per
272 302 434 337 martyrium
453 301 646 337 unguentil‘era
662 301 747 328 Maria
762 301 888 336 perfecit,
902 301 999 329 nolens

207 348 241 375 ad
253 353 406 376 extremum
424 357 510 384 usque
525 348 653 384 spiritum
666 357 680 376 a
694 349 775 376 beato
792 349 897 376 Joanne
913 357 998 376 evan~

206 395 314 429 gelista.
326 400 354 423 et
368 395 473 430 virgine
487 395 619 430 separari.
633 394 881 428 Quemadmodum,
897 395 998 430 inquit,

206 439 336 476 princeps
357 440 502 477 [primitia]
526 441 713 475 apostolorum
734 441 768 467 ab
792 439 926 468 immobili
946 440 998 468 ﬁde

206 493 287 519 quam
306 485 400 513 habuit
422 485 451 512 in
467 491 573 520 petram
592 485 744 516 Chrislum,
760 482 859 512 Petrus
880 485 999 520 appella-

207 537 251 558 tus
272 535 314 559 est
328 540 334 558 :
349 531 389 558 sic
401 536 428 559 et
445 531 490 558 illa
509 530 636 566 princeps
655 531 853 565 discipularum
869 532 904 558 ob
921 531 998 566 puri-

207 582 289 604 tatem
305 581 333 604 et
356 585 490 610 amorem,
509 585 563 612 quo
580 576 718 604 Christum
741 577 881 612 complexa
896 582 948 610 est,
963 577 998 604 ab

207 623 265 656 ipso
282 622 422 650 nominata
440 627 492 655 est,
510 623 556 650 cui
571 622 642 649 idem
662 623 713 650 fuit
735 631 846 654 nomen,
861 623 933 657 quod
950 623 998 650 Dei

206 670 298 696 matri.
309 669 546 702 Quemadmodum
562 669 706 695 Dominum
721 668 921 702 discipulorum
933 668 998 695 cho-

206 723 253 742 rus
267 719 381 742 secutus
402 720 455 747 est,
477 715 518 742 sic
541 715 684 741 Dominam
702 719 730 741 et
753 714 864 741 Matrem
887 714 996 741 Domini

205 761 308 788 rhorus
323 762 531 797 discipularum.
549 762 638 789 Mirati
654 762 727 789 enim
751 761 898 796 aliquando
913 761 996 789 disci-

206 807 262 842 puli
285 811 379 840 eranl,
403 808 477 843 quod
503 816 565 835 cum
590 808 692 835 femina
714 808 895 842 loquereturii
912 807 997 835 :ltinc

205 848 447 885 palct'Dom'inum
477 862 539 881 eum
559 854 725 881 mulieribus
747 854 917 880 consortium
941 862 998 881 non

205 898 344 926 habuisse.
364 899 417 926 Sed
437 905 524 927 matre
541 900 647 927 Domini
670 899 860 934 evangelicum
885 907 998 928 cursum

206 952 259 971 una
275 952 337 972 cum
356 944 425 972 Filio
438 950 466 973 et
482 951 605 973 creature
621 946 788 980 complente,
806 949 834 972 et
846 946 911 980 ipsa
924 946 998 973 illam

205 994 316 1021 secutae,
334 991 472 1018 communi
497 991 612 1018 Domino
627 996 655 1018 et
674 991 818 1025 discipulis
833 990 867 1018 de
884 992 999 1019 faculta-

206 1035 279 1062 Iibus
296 1035 354 1062 suis
371 1038 399 1063 in
413 1037 498 1064 rebus
511 1038 675 1065 necessariis
690 1037 892 1064 ministrabant.

1053 211 1133 238 ὕαλον
1156 212 1242 246 αὐτὴν
1267 211 1388 246 καθαρὸν
1413 212 1470 242 τοῖς
1491 209 1668 245 βασανισταῖς
1689 210 1842 244 φαίνεσθαι.

1053 256 1126 290 Ὀτι,
1149 258 1226 292 φησδ,
1243 257 1311 292 μετὰ
1326 256 1375 292 τὴν
1390 256 1520 291 κοίμησιν
1536 255 1586 290 τῆς
1604 255 1754 290 Δεσποίνης
1767 255 1842 291 ἡμῶν

1052 302 1184 328 Θεοτόκου
1200 303 1365 338 πορευθεῖσα
1376 302 1415 333 εἱς
1431 302 1548 335 Ἔφεσον
1559 301 1627 337 πρὸς
1638 301 1683 327 τὸν
1698 301 1842 336 ἠγαπημέ-

1050 356 1095 375 νον
1110 349 1245 384 μαθητὴν,
1261 350 1351 375 ἐκεῖσε
1365 347 1411 375 τὸν
1425 348 1524 383 δρόμον
1547 348 1593 374 τὸν
1607 347 1786 374 ἀποστολικὺν
1802 347 1843 374 διὰ

1049 395 1097 421 τοῦ
1119 395 1271 431 μαρτυρίου
1287 396 1304 430 ἡ
1318 395 1473 430 μυροφόρος
1493 393 1587 429 Μαρία
1605 394 1745 420 ἐτελείωσε
1762 399 1788 425 ⁸,
1809 394 1842 428 μὴ

1046 440 1188 476 θελήσασα
1205 441 1286 476 μέχρι
1304 441 1354 474 τῆς
1368 439 1496 474 τελευτῆς
1521 438 1688 476 χωρισθῆναι
1713 438 1758 464 τοῦ
1774 447 1841 472 παρ-

1049 486 1124 512 θένου
1141 485 1187 512 καὶ
1203 485 1397 519 εὐαγγελιστοῦ
1420 485 1555 511 Ἰωάννου.
1577 485 1693 518 Ὠσπερ,
1718 483 1841 517 φησὶν,ἠ

1049 532 1161 567 ἀπαρχὴ
1182 532 1237 558 τῶν
1258 531 1417 558 ἀποστόλων
1439 531 1540 566 Πέτρος
1567 528 1714 564 ὠνομάσθη
1739 528 1784 554 διὰ
1798 527 1840 560 τὴν

1048 578 1196 605 ἀσάλευτον
1212 578 1312 610 πίστιν,
1328 578 1361 612 ἣν
1373 575 1445 612 εἶχεν
1473 577 1519 603 ὲπί
1535 575 1653 610 Χριστὸν
1668 575 1716 610 τὴν
1730 574 1840 609 πέτραν·

1049 623 1120 650 οὕτω
1151 624 1197 650 καὶ
1221 623 1291 658 αὐτὴ
1308 623 1430 659 ἀρχηγὸς
1447 622 1502 649 τῶν
1524 621 1839 658 μαθητριῶνγενομὲνη.

1053 669 1097 696 διὰ
1117 668 1166 704 τὴν
1191 669 1367 704 καθαρότητα
1389 669 1484 702 αὐτῆς,
1501 667 1608 694 καὶτὸν
1629 666 1710 693 πόθον
1724 666 1754 692 ὃν
1769 663 1838 699 εἶχεν

1049 716 1088 747 εἰς
1103 715 1196 748 αὐτὸν,
1211 716 1306 751 Μαρία
1321 715 1475 751 ὁμωνύμως
1489 716 1522 750 τῇ
1535 714 1620 750 μητρὶ
1636 713 1711 749 παρᾶ
1723 713 1772 739 τοῦ
1788 713 1841 738 Σω-

1049 761 1132 796 τῆρος
1153 762 1383 797 προσηγόρευται.
1405 761 1511 796 Ὥσπερ
1537 760 1576 795 τῷ
1590 759 1714 795 Δεσπότῃ
1725 758 1779 784 τῶν
1796 767 1842 792 μαι

1014 801 1035 828 Β
1049 806 1139 841 θητῶν
1156 807 1296 842 ἠκολούθει
1308 807 1322 833 ό
1336 807 1413 843 χορός
1423 815 1430 822 ·
1443 806 1515 832 οὕτω
1529 807 1561 841 τῇ
1577 805 1710 841 Δεσποίνῃ
1726 804 1772 831 καὶ
1784 805 1841 838 Mq—

1050 853 1096 888 τρὶ
1122 853 1169 880 τοῦ
1199 854 1313 889 Κυρίου,
1341 854 1397 880 τῶν
1423 853 1652 889 μαθητευομένων
1674 850 1841 886 γυναικῶνή

1050 902 1140 938 χορός.
1163 901 1334 936 Ἐθαύμαζον
1354 902 1418 937 γὰρ,
1439 903 1516 936 φησι,
1535 900 1600 927 ποτὲ
1616 900 1641 925 οἱ
1659 897 1790 934 μαθηταὶ,
1803 896 1841 922 ὅτι

1052 949 1121 985 μετὰ
1137 949 1266 983 γυναικὸς
1284 949 1391 976 ἐλάλει·
1413 949 1491 983 δῆλον
1504 948 1541 974 ὡς
1554 947 1604 973 οὐκ
1617 946 1700 980 οῡσης
1716 944 1842 977 τοιαύτης

1052 996 1198 1031 συνηθείας
1214 996 1253 1031 τῷ
1266 996 1369 1031 Κυρίῳ.
1391 995 1471 1022 ’Λλλὰ
1485 995 1531 1021 τὸν
1551 992 1730 1027 εὐαγγελικὶν
1743 991 1841 1026 δρόμον

1051 1043 1100 1076 τῆς
1114 1042 1216 1078 μητρὸς
1230 1041 1275 1068 τοῦ
1292 1042 1427 1068 Δεσπότου
1443 1039 1658 1074 συνεξανυούσης
1673 1037 1713 1071 τῷ
1728 1035 1787 1070 Υἱῷ
1798 1034 1841 1061 καὶ

205 1082 379 1119 Δημιουργῷ,
398 1083 445 1109 καὶ
468 1080 548 1110 αὗται
574 1083 819 1110 συνακολουθοῦσαι
845 1084 914 1119 αὐτῇ
944 1085 984 1120 τῷ
1010 1088 1091 1122 κοινῷ
1107 1090 1229 1126 Δεσπότῃ
1259 1089 1290 1115 ἐκ
1319 1089 1372 1115 τῶν
1386 1088 1561 1122 ὑπαρχόντων
1576 1087 1605 1112 ὲν
1616 1085 1672 1115 τοῖς
1683 1082 1842 1116 ἀναγκαίοις

207 1131 252 1157 καὶ
266 1131 320 1162 tot;
338 1130 474 1166 μαθηταῖς
487 1131 639 1168 διηκόνουν.

239 1201 249 1215 ⁵
266 1199 345 1228 Joan.
365 1208 403 1232 Iv,
417 1201 462 1228 27.

834 1235 950 1264 VARIAE
976 1235 1175 1264 LECTIONES.

243 1284 255 1299 ³
270 1280 430 1317 ἐτελεύτησε
447 1281 484 1309 Μ.
502 1281 540 1309 Μ.

809 1380 1759 1393 ______.___..__..___—__________

701 1461 787 1504 ΙἩΣ
824 1463 938 1504 ΤΗΝ
975 1461 1344 1504 ΥΠΑΠΑΝΤΗΝ.

786 1611 850 1654 ΙΝ
902 1609 1240 1656 OCCURSUM.

241 1765 319 1791 Anna
333 1772 395 1791 cum
408 1764 466 1791 viro
480 1768 586 1799 septem
600 1772 697 1797 annos,
711 1764 860 1792 Sabbatum
872 1764 964 1792 colens
978 1763 996 1796 ’,
1012 1768 1033 1797 c
1085 1764 1141 1792 Καὶ
1156 1764 1172 1801 ἡ
1189 1763 1234 1792 τὸν
1251 1766 1437 1803 ἐϐδομήκοντα
1453 1769 1549 1804 χρόνον
1568 1768 1760 1796 σαὸϐατίσασα
1778 1769 1846 1805 μετὰ

204 1811 332 1846 precibus
346 1815 374 1838 et
393 1811 506 1846 jejuniis
528 1810 682 1843 adhzerens,
713 1811 850 1846 octoginta
877 1816 996 1845 quatuor

203 1863 292 1884 annos
312 1863 373 1883 cum
394 1856 537 1891 exegisset,
555 1864 665 1883 carnem
682 1865 697 1884 ο
716 1863 834 1891 quatuor
850 1857 995 1884 elementis

204 1901 383 1937 compositam
399 1901 523 1933 vincens,
539 1906 567 1928 et
577 1906 696 1929 mentem
708 1902 844 1929 mundans
858 1901 891 1928 ad
907 1901 994 1928 sancti

203 1948 323 1984 Spiritus
339 1948 536 1983 receptionetn,
553 1952 582 1975 et
603 1948 776 1983 generalibus
793 1947 886 1983 [vulgo
903 1947 995 1975 cardi-

202 1995 313 2022 nalibus
328 1993 422 2030 dictis]
446 1993 564 2028 seipsam
586 1994 738 2021 virtutibus
754 2001 900 2026 exornans,
915 1997 993 2020 octo~

202 2040 337 2075 gesimum
353 2047 455 2066 antrum
472 2043 616 2074 postquam
639 2039 768 2072 excessit,
784 2039 811 2066 in
830 2039 932 2074 templo
950 2038 994 2066 in—

202 2085 279 2113 venit
293 2085 379 2112 l‘uturi
394 2084 526 2119 temporis
537 2084 717 2117 Salvatorem,
749 2084 823 2111 ulnis
847 2089 994 2119 gestatum.

202 2132 300 2159 l‘lerito
325 2131 369 2158 lex
390 2135 420 2157 ut
441 2137 552 2158 causam
578 2131 717 2165 peccantis
739 2131 899 2165 voluptatis,
924 2130 994 2158 ﬁlias

202 2178 276 2210 Evaa,
290 2176 372 2212 jussit
388 2176 486 2204 afferre
501 2183 551 2211 pro
572 2175 763 2210 purilicatione
778 2183 827 2210 par
841 2180 992 2205 turturum,

203 2223 246 2250 vel
257 2222 327 2249 duos
338 2222 427 2257 pullos
437 2221 629 2248 columbarum
643 2220 676 2247 ad
688 2219 897 2247 sacriﬁcandum
904 2222 1001 2258 ‘.Lege

203 2268 309 2296 scilicet
332 2267 514 2303 signiﬁcante,
543 2274 606 2294 eum
630 2266 676 2300 qui
701 2266 734 2293 ad
759 2266 846 2293 Deum
869 2265 992 2299 accedat,

203 2314 304 2342 debere
321 2318 351 2341 et
366 2313 488 2341 animum
501 2317 529 2340 et
547 2319 647 2347 corpus
661 2312 695 2339 ab
707 2312 782 2339 omni
797 2316 909 2346 peccato
922 2311 992 2339 libe-

203 2369 264 2388 rum
280 2360 396 2388 habere.
840 2356 843 2359 ’

1049 1811 1145 1846 ἀνδρὸς
1164 1813 1259 1844 Ἀννα,
1274 1816 1438 1848 προσευχαῖς
1455 1814 1502 1841 καὶ
1518 1815 1657 1850 νηστεὶαις
1673 1824 1847 1851 προσκαρτε-

1051 1856 1147 1892 ροῦσα,
1165 1857 1329 1892 ὀγδοήκοντα
1352 1859 1400 1885 καὶ
1422 1859 1563 1894 τεσσάρων
1578 1860 1647 1887 ἐτῶν
1668 1860 1845 1896 ὑπάρχουσα.

1048 1901 1097 1937 τὴν
1114 1903 1145 1928 ὲκ
1172 1902 1226 1929 τῶν
1254 1903 1395 1938 τεσσάρων
1422 1906 1563 1940 στοιχείων
1581 1907 1718 1941 νικήσασα
1743 1908 1846 1942 σάρκα,

1047 1948 1095 1975 καὶ
1115 1948 1161 1975 τὸν
1185 1948 1247 1975 νοῦν
1270 1949 1414 1986 καθάρασα
1440 1951 1509 1986 πρὸς
1527 1952 1660 1988 ὑποδοχὴν
1682 1953 1847 1988 Πνεύματος

1047 1993 1147 2027 ἁγίου,
1176 1994 1224 2021 καὶ
1246 1996 1306 2027 ταῖς
1322 1997 1446 2030 γενικαίς
1462 1997 1562 2033 ἑαυτὴν
1584 1998 1697 2033 ἀρεταῖς
1725 2007 1848 2026 κατακο-

1048 2040 1189 2075 σμήσασα,
1204 2041 1249 2067 τὸν
1266 2042 1316 2076 τῆς
1329 2042 1539 2077 ὀγδοηκοντάδος
1554 2044 1716 2080 παρέδραμε
1736 2046 1846 2080 καιρὸν,

1048 2085 1095 2112 καὶ
1107 2083 1185 2120 εὗρεν
1197 2087 1226 2112 ὲν
1243 2086 1283 2122 τῷ
1298 2087 1355 2123 ναῷ
1368 2088 1414 2115 τὸν
1429 2088 1544 2125 Σωτῆρα
1557 2090 1604 2116 τοῦ
1622 2090 1773 2125 μέλλοντος
1784 2092 1848 2118 αἰῶ-

1047 2138 1091 2161 νο;
1115 2131 1145 2156 ὲν
1168 2131 1302 2166 ἀγκάλαις
1318 2132 1530 2168 βασταζόμενον.
1553 2135 1674 2167 Εἰκότως
1695 2136 1739 2168 ὡς
1755 2138 1849 2168 αἰτίας

1046 2176 1098 2211 τῆς
1118 2177 1332 2214 ὲναμαρτήτουιι
1351 2179 1447 2214 ἡδονῆς
1467 2180 1515 2211 τὰς
1531 2180 1684 2216 θυγατέρας
1699 2183 1759 2217 τῆς
1777 2182 1850 2213 Εὔας

1047 2223 1213 2258 προσφέρειν
1226 2225 1240 2249 ὁ
1251 2224 1332 2259 νόμος
1343 2225 1510 2259 προσέταξεν
1522 2225 1592 2261 ὑπὲρ
1603 2225 1650 2252 τοῦ
1663 2227 1850 2263 καθαρισμοῦ

1047 2267 1136 2295 αὐτῶν
1153 2268 1202 2303 τὴν
1216 2268 1312 2296 θυσίαν
1325 2270 1379 2296 τῶν
1394 2270 1440 2296 δύο
1455 2271 1603 2307 τρυγόνων,
1620 2272 1636 2306 ἢ
1650 2272 1697 2298 δύο
1714 2274 1850 2304 νεοσσοὺς

1047 2314 1217 2349 περιστερῶν
1230 2322 1237 2330 ·
1255 2314 1398 2349 δηλοῦντος
1417 2316 1463 2342 τοῦ
1480 2316 1575 2351 νόμου,
1588 2318 1630 2344 ὅτι
1640 2317 1681 2344 δεῖ
1691 2319 1746 2345 τὸν
1766 2329 1852 2355 προσ-

1046 2359 1194 2394 ερχόμενον
1223 2359 1283 2394 Θεῷ
1310 2360 1474 2396 καθαρεύειν
1495 2363 1541 2389 καὶ
1558 2363 1630 2398 ψυχῇ
1652 2364 1701 2391 καὶ
1726 2365 1851 2400 σώματι,

1046 2405 1094 2430 καὶ
1105 2405 1222 2436 ἁκακίας
1237 2405 1358 2440 ἔχεσθαι.

236 2449 364 2477 Christus
380 2449 467 2485 legem
478 2443 776 2483 implet‘mondebitor
791 2451 832 2474 est
842 2447 920 2482 legis,
938 2457 947 2473 ε
966 2448 992 2475 in
1009 2449 1033 2478 D
1062 2468 1065 2469 ν
1087 2450 1116 2477 ’0
1131 2451 1250 2486 Χριστὸς
1267 2451 1415 2488 πληρωτὴς
1426 2453 1510 2493 ἐστιν,
1524 2454 1575 2480 οὐκ
1588 2454 1738 2491 ὀφειλέτης
1753 2458 1853 2493 νόμον,

202 2496 310 2523 ruinam
319 2494 585 2524 etresurrectionem
595 2495 743 2521 multorum
754 2493 859 2528 positus
868 2499 911 2520 est
917 2492 938 2520 ⁸.
946 2504 955 2520 ι
965 2494 995 2521 ln

203 2542 312 2570 ruinam
330 2543 447 2578 peccati,
467 2542 495 2569 in
519 2541 749 2568 resurrectionem
771 2540 894 2575 juslilize,
917 2544 945 2566 et
966 2540 995 2567 in

202 2589 320 2623 signum,
330 2587 374 2615 cui
385 2586 483 2620 Judaei,
494 2587 541 2622 qui
549 2586 691 2613 Christum
701 2585 872 2619 occiderunt,
882 2591 992 2613 contra-

202 2634 332 2662 dixerunt
363 2642 369 2661 :
386 2644 395 2659 ‹
411 2634 439 2661 Si
449 2638 478 2661 tu
490 2641 520 2661 es
530 2632 615 2660 Filius
625 2628 684 2664 Dei,
698 2631 836 2659 descende
850 2631 884 2659 de
899 2639 992 2664 cruce,

1047 2506 1056 2522 ι
1070 2495 1119 2529 Εἰς
1135 2497 1240 2524 πτῶσιν
1250 2497 1278 2524 δὲ
1294 2500 1341 2525 καὶ
1359 2491 1507 2527 ἀνάστασῗν
1519 2501 1626 2527 κεῖται·
1641 2511 1651 2526 ι
1668 2491 1797 2530 πτῶσιν.
1806 2507 1855 2540 μὲν

1043 2542 1092 2577 τῆς
1104 2542 1254 2577 ἁμαρτίας,
1270 2543 1413 2579 ἀνέγερσιν
1425 2544 1453 2571 δὲ
1469 2545 1516 2579 τῆς
1531 2545 1723 2582 δικαιοσύνης,
1747 2551 1802 2576 καὶ
1816 2551 1855 2579 εἰς

1046 2590 1160 2623 σημεῖον
1174 2587 1383 2624 ἀντιλεγόμενον
1405 2592 1462 2622 τοῖς
1477 2591 1668 2626 κυριοκτόνοις
1690 2594 1853 2626 Ἰουδαίοις,

1047 2634 1103 2664 τοῖς
1123 2633 1261 2668 λέγουσιν·
1278 2643 1288 2661 α
1308 2635 1338 2662 Et
1350 2635 1413 2667 Υιὸς
1431 2634 1457 2662 εἶ
1472 2636 1519 2663 τοῦ
1535 2636 1614 2670 Θεοῦ,
1629 2637 1782 2675 κατάϐηθι
1802 2641 1856 2667 ἀπὸ

233 2701 242 2715 ³
257 2700 325 2728 Luc.
335 2707 371 2732 -ιι,
395 2699 412 2727 6
435 2706 515 2735 seqq.
553 2699 564 2716 ⁸
577 2699 665 2728 Levit.
681 2707 729 2733 an,
745 2698 774 2727 8.
795 2685 797 2687 Ι
812 2699 822 2714 ⁵
834 2698 933 2726 Matth.
949 2706 977 2733 ν,
994 2699 1037 2726 l7.
1077 2701 1087 2716 ⁸
1100 2699 1167 2727 Luc.
1182 2708 1212 2733 ιι,
1227 2701 1271 2729 5i.

850 2764 967 2793 νΑιίΙιΕ
979 2765 1184 2798 LECTlONES.

237 2816 252 2836 δ
267 2817 307 2842 al.
324 2813 484 2848 ὲναμάρτου.
