1952 3066
139 131 206 167 3317

763 137 811 167 DE
834 133 1127 166 lNCAIlNA'l‘IONE.

1664 127 1758 160 ⁸3318

139 188 185 215 καὶ
194 187 234 214 ἔτι
247 188 360 223 μυρίους
372 188 493 224 ἱδρώτων
508 188 619 224 μισθοὺς
631 189 919 225 όφειλόμενοι,’Ἑσται

977 187 1014 215 iis
1039 187 1160 215 debitam
1187 185 1390 221 prmstatiimem
1416 188 1572 219 sperantes,
1591 183 1648 211 Erit
1673 186 1757 217 enim,

136 233 200 269 γὰρ,
211 236 302 268 φησὶν,
316 236 332 261 ὀ
338 235 447 268 μισθὸς
457 235 540 270 ὑμῶν
551 236 646 268 πολὺς
658 236 693 263 ἐν
703 237 764 270 τοῖς
771 237 920 271 οὐρανοῖς,

137 280 159 305 εἰ
175 279 223 305 καὶ
238 281 347 314 μικροῖς
362 279 506 306 ὑπέκειντο
522 280 758 316 πλημμελήμασιν
770 303 777 314 ,
795 282 922 316 ἀγαπῶσι

137 323 203 349 πολύ
215 331 221 338 ·
249 324 280 349 τδ
301 324 330 350 δὲ
353 323 407 350 τῶν
423 324 592 359 ἁμαρτωλῶν
606 324 683 360 ἡμῶν
700 325 800 360 πλῆθος
816 327 922 361 μυρίοις

137 368 263 403 βρύοντες
278 368 370 395 ἕλκεσι
381 389 388 402 ,
411 371 459 396 καὶ
473 369 511 400 ὡς
525 370 600 402 εἰκὸς
614 370 701 397 πολλὰ
715 372 761 398 καὶ
774 371 813 406 τῷ
825 371 922 406 βαπτί-

137 423 235 449 σματι,
263 415 309 441 καὶ
325 415 362 446 ὡς
377 415 464 447 ἄλλως
477 415 643 451 χρηστότητι
658 416 718 452 Θείᾳ
732 417 921 452 συγχωρηθέν-

135 467 178 488 τες
194 460 240 485 καὶ
256 460 315 486 καθ’
331 460 437 495 ἡμέραν
452 460 619 492 ἀδικοῦντες,
637 461 685 488 καὶ
699 462 753 488 τῶν
769 462 843 497 παρὰ
855 461 922 489 Θεοῦ

136 507 244 534 πάντων
267 508 376 541 ἁγαοῶν
405 507 477 543 ὑπὲρ
499 508 562 539 τοὺς
585 507 706 542 ἀγαθοὺς
731 508 922 539 ἀπολαύοντες,

137 553 222 587 μικρὰ
250 553 299 587 τῆς
326 553 514 588 ἀνεχομένης,
545 553 592 579 καὶ
618 553 724 588 μεγάλα
750 553 924 588 δωρουμένης

135 597 209 630 θείας
221 599 329 632 ἀγάπης
342 597 531 633 φροντίζομεν.
541 598 570 624 '0
581 598 631 633 μὲν
642 598 696 632 γὰρ
709 598 769 624 Ἰὼϐ
782 599 924 633 ἄμεμπτος

134 644 172 669 ὢν
185 664 192 676 ,
218 644 255 674 ὡς
280 644 328 670 καὶ
348 644 423 670 ἄλλοι
440 643 500 670 κατ’
516 645 619 669 ἐκεῖνον
638 643 739 678 μυρίοι,
760 644 924 679 ὑπερηγάπα

137 689 180 715 τὸν
202 689 285 721 Θεὸν,
314 688 351 723 μὴ
378 688 485 723 μετρῶν
511 689 578 723 πρὸς
599 688 632 715 τὰ
651 688 725 723 αὐτῷ
742 691 925 723 πεπραγμένα

136 734 180 760 ibi;
205 734 312 769 ἔρωτα·
343 733 444 765 Ἰούδας
467 733 636 769 δὲ,κλέπτης
652 733 700 766 ὢν,
721 734 766 760 καὶ
785 737 925 769 μιαιφόνος

136 781 181 806 τὸν
196 780 297 815 τρόπον
308 800 315 812 ,
339 780 387 806 καὶ
403 780 433 806 οὐ
451 781 532 814 μόνον
548 779 578 805 τὸ
590 780 644 806 πᾶν
658 780 781 814 ἀφεθεὶς,
798 781 864 807 ἀλλὰ
879 782 925 807 καὶ

136 827 192 856 τοῖς
216 824 305 857 ἄλλοις
329 825 438 859 ἀφιέναι
461 825 586 858 ἐξουσίαν
608 825 743 861 εβληφὼς,
767 827 864 861 φονεὺς
878 826 923 853 τοῦ

137 870 280 905 εὐεργέτου
299 870 346 896 καὶ
361 870 494 905 προδότης
509 870 626 904 ἐγένετο·
646 871 693 897 καί
707 872 731 898 οἱ
746 872 795 906 μὲν
804 872 924 897 Ἰουδαῖοι

136 915 194 942 λὲαν
218 916 395 951 ἀγαπώμενοι
420 916 467 942 καὶ
488 916 631 948 ἀκιύοντες
655 917 702 943 τοῦ
725 917 774 949 τὰς
792 917 926 953 ἁμαρτίας

137 962 225 988 αὐτῶν
247 962 355 997 ἀφιέναι
379 962 553 997 βουληθέντος
569 982 576 994 ,
602 962 725 996 λέγοντος
742 971 748 977 “
781 965 841 990 οὐκ
870 962 925 998 ἦλ-

138 1009 191 1034 θον
206 1008 232 1034 ει
251 1007 294 1042 μὴ
320 1009 363 1040 εὶς
383 1007 419 1034 τὰ
439 1007 571 1040 πρόϐατα
590 1009 625 1035 τὰ
646 1008 823 1035 ἀπολωλότα
841 1009 926 1036 οἴκου

142 1053 282 1088 Ἰσραὴλτ
304 1054 415 1081 ἐδίωκον
435 1054 481 1080 καὶ
501 1054 711 1088 ἀπεστρέφοντο,
731 1056 755 1081 οἱ
778 1055 806 1081 δὲ
826 1055 925 1081 ἐθνικοὶ

136 1099 281 1131 ἀκούοντες
304 1100 334 1126 τὸ
345 1121 352 1133 ,
384 1101 445 1126 Οὺκ
458 1100 523 1126 ἐστι
538 1099 634 1126 καλὸν·
652 1100 757 1126 λαϐεῖν
771 1101 825 1127 τὸν
836 1100 926 1135 ἄρτον

135 1145 194 1170 τῶν
209 1144 337 1177 τέκνων,
357 1145 407 1172 καὶ
424 1145 528 1172 δοῦναι
544 1145 708 1180 κυναρίοις,
724 1146 923 1182 προσέτρεχον·

137 1191 184 1217 καὶ
207 1191 347 1226 συντόμως
363 1191 387 1217 οι
401 1191 500 1218 δίκαιοι
516 1191 564 1226 τὴν
578 1191 673 1226 στενὴν
687 1191 732 1218 καὶ
744 1191 926 1227 τεθλιμμένην

135 1236 291 1268 ὸῗεὺοντες,
315 1236 361 1263 κα)⁸
383 1237 450 1271 πυρὶ
474 1237 522 1264 καὶ
543 1237 644 1272 σιδήρῳ
668 1237 924 1274 παραϐαλλόμενοι,

135 1282 210 1316 ὅμως
225 1283 396 1318 παρέμειναν
407 1303 415 1316 ,
435 1283 516 1310 πλέον
531 1284 577 1310 καὶ
593 1284 673 1311 πλέον
687 1285 737 1318 τῆς
750 1285 860 1320 ἀγάπης
876 1281 924 1313 τοῦ

135 1327 202 1353 Θεοῦ
224 1328 365 1363 ἐχόμενοι·
391 1329 416 1354 οῑ
438 1328 465 1354 δὲ
484 1328 653 1364 ἁμαρτωλοὶ,
671 1330 718 1356 καὶ
736 1330 923 1364 εὑοηνοῦντες,

136 1374 182 1398 καὶ
208 1374 247 1404 εἰς
272 1374 317 1400 τὸν
340 1374 427 1401 αἰῶνα
462 1375 532 1401 κατὰ
556 1375 605 1410 τὴν
628 1375 740 1411 Γραφὴν
764 1377 926 1410 κατέχοντες

137 1418 253 1445 πλούτου
264 1440 272 1453 ,
296 1419 335 1454 τῷ
357 1420 548 1455 εὐεργετοῦντι
561 1420 620 1456 Θεῷ
634 1421 683 1448 οὐκ
695 1421 923 1457 εὐγνωμονοῦσιν.

136 1464 167 1490 Et
181 1464 227 1491 οὖν
242 1466 279 1501 μὴ
292 1466 360 1492 κατὰ
372 1466 417 1492 τὸν
430 1465 560 1501 λεχθέντα
574 1467 675 1494 σκοπὸν
687 1467 766 1494 τοῦτο
781 1469 923 1503 νοήσομεν,

972 233 1039 260 dicit
1052 233 1202 267 Scriptura,
1218 239 1312 258 merces
1324 234 1410 257 vestra
1424 229 1508 256 inulta
1522 231 1550 256 in
1564 229 1656 261 εωιθν,
1666 238 1761 264 quam-

971 278 1014 306 vis
1030 278 1139 306 levibus
1157 276 1341 313 subiiciantur
1364 276 1487 309 oli'ensis,
1506 276 1622 303 multum
1643 276 1760 311 diligunt

972 331 1089 359 nosque,
1109 327 1286 359 peccatorum
1303 322 1393 355 turba,
1412 321 1487 349 mille
1505 325 1644 348 scatentes
1662 321 1760 348 vulte-

973 369 1060 402 ribus,
1072 373 1110 402 et,
1123 373 1153 396 ut
1166 369 1276 396 videtur
1290 368 1395 400 multis,
1411 367 1584 402 baptismate,
1600 370 1627 393 et
1636 366 1702 393 alias
1715 365 1761 392 bo-

974 415 1061 442 nitate
1078 415 1127 442 Dei
1143 414 1279 446 mundati,
1296 418 1324 441 et
1344 414 1371 440 in
1387 413 1447 441 dies
1459 417 1615 448 peccantes.
1628 416 1657 440 et
1672 413 1761 439 omni-

973 460 1025 487 bus
1039 468 1100 495 quze
1128 467 1162 487 ex
1186 461 1242 487 Deo
1270 459 1386 487 veniunt
1407 458 1488 486 bonis
1504 457 1590 493 magis
1610 465 1690 493 quam
1711 457 1761 492 ipsi

975 505 1038 532 boni
1063 505 1196 538 fruentes,
1224 504 1300 539 parvi
1329 512 1380 531 nos
1409 504 1589 531 sustinentem
1611 507 1639 530 et
1669 502 1763 529 multis

975 550 1055 577 donis
1065 550 1249 577 cumulantem
1266 549 1314 576 Dei
1340 548 1502 576 charitatem
1516 547 1694 575 aestimamus.
1711 546 1762 574 Job

974 595 1046 621 enim
1065 603 1120 621 non
1136 602 1266 629 querens,
1289 599 1319 621 ut
1333 593 1407 620 mille
1424 592 1496 620 circa
1514 593 1590 619 illum
1604 592 1661 624 alii,
1676 592 1762 619 Deum

975 639 1178 674 prmdiligebat.
1209 646 1260 666 nec
1287 638 1463 666 dilectionem
1492 637 1525 664 ad
1550 645 1593 664 res
1621 645 1682 671 quae
1709 636 1761 663 sibi

975 685 1171 719 contingebant
1183 684 1361 712 metiebatur.
1377 683 1462 711 Judas
1476 688 1567 710 autem
1580 683 1650 709 latro
1664 681 1761 712 factus,

975 735 1002 758 et
1016 731 1152 757 homicida
1166 730 1219 757 hoc
1232 730 1324 761 modo,
1340 737 1403 757 cum
1416 737 1471 756 non
1485 729 1574 756 solum
1586 727 1624 754 illi
1639 726 1763 754 omnium

975 777 1120 811 culparum
1133 777 1225 809 venia,
1242 776 1290 803 sed
1313 776 1396 803 etiam
1416 776 1476 802 aliis
1487 775 1595 802 veniam
1614 774 1697 801 dandi
1716 782 1764 808 po-

977 825 1060 848 testas
1082 820 1154 849 facta
1177 824 1261 853 esset,
1285 819 1472 848 benefactoris
1496 819 1538 846 sui
1563 818 1722 846 interfector
1736 822 1761 844 et

977 866 1093 893 traditur
1104 866 1233 894 inventus
1244 871 1295 894 est.
1311 865 1399 894 ,ιυᾶωί
1415 865 1525 900 quidem
1541 864 1657 892 multum
1669 863 1762 890 dilecti

977 915 1004 938 et
1019 911 1163 938 audientes
1187 911 1276 944 illum,
1300 910 1348 946 qui
1371 915 1481 946 peccata
1505 918 1601 937 eorum
1625 909 1764 936 dimittere

977 957 1096 989 volebat,
1124 957 1260 984 dicentem
1276 965 1282 983 :
1303 956 1362 984 Non
1379 957 1437 983 veni
1453 957 1503 982 nisi
1519 955 1554 982 ad
1569 963 1627 982 oves
1648 954 1764 989 perditus

977 1002 1069 1029 domus
1087 1003 1211 1035 Israel”,
1232 1003 1388 1038 rejecerunt
1401 1005 1429 1029 et
1441 1001 1504 1028 odio
1518 1000 1688 1032 habuerunt;
1705 999 1765 1026 eth-

978 1049 1031 1076 nici
1044 1054 1135 1077 autem
1152 1049 1295 1077 audientes
1307 1056 1362 1075 non
1375 1055 1435 1076 esse
1450 1047 1545 1075 bonum
1556 1053 1659 1073 sumere
1669 1053 1764 1080 panem

976 1095 1092 1129 ﬁliarum
1104 1099 1128 1122 et
1137 1096 1241 1122 mittere
1257 1094 1364 1122 canibus
1374 1095 1608 1126 “,'accurrerunt.
1626 1091 1684 1118 Uno
1701 1099 1764 1117 vcr-

976 1140 1022 1172 ho,
1038 1141 1104 1176 justi
1126 1146 1269 1177 angustam
1292 1145 1319 1168 et
1334 1144 1437 1167 arctam
1453 1138 1525 1165 viam
1541 1137 1639 1169 secuti,
1662 1137 1723 1172 igne
1737 1141 1765 1163 ct

976 1186 1050 1214 ferro
1066 1187 1185 1222 probati,
1202 1186 1382 1214 nihilominus
1398 1188 1620 1221 permanserunt.
1635 1183 1720 1219 magis
1733 1190 1765 1210 ac

977 1233 1062 1268 magis
1087 1233 1113 1260 in
1131 1233 1216 1260 Deum
1241 1232 1388 1260 dilectione
1416 1235 1590 1259 crescentes:
1605 1233 1765 1265 peccatores

976 1290 1078 1319 autem,
1093 1286 1122 1314 in
1139 1287 1224 1314 rebus
1238 1287 1379 1322 prosperis
1392 1286 1546 1318 constituti,
1560 1288 1588 1313 et
1599 1284 1632 1312 ad
1647 1289 1764 1319 tempus.

976 1337 1006 1359 ut
1018 1332 1086 1359 dicit
1097 1332 1249 1367 Scriptura,
1261 1333 1371 1360 divitias
1383 1333 1567 1368 possidentes,
1582 1330 1764 1358 benefacienti

976 1378 1032 1405 Deo
1055 1386 1110 1405 non
1133 1383 1224 1413 gratos
1242 1387 1271 1406 se
1293 1379 1426 1414 praebent.
1453 1378 1478 1406 Si
1505 1379 1588 1415 igitur
1613 1377 1764 1405 secundum

976 1430 1079 1457 dictum
1098 1430 1271 1465 propositum
1285 1430 1351 1458 illud
1373 1434 1600 1466 reputaverimns,
1618 1430 1683 1465 quid
1701 1436 1765 1464 age-

977 1483 1038 1503 mus
1053 1476 1081 1502 in
1093 1476 1223 1510 parabola
1237 1476 1375 1503 contraria
1397 1476 1529 1503 dicente?
1542 1477 1570 1503 ln
1590 1483 1644 1511 qua
1659 1475 1703 1502 ille
1722 1475 1765 1501 cui

136 1510 162 1536 τι
180 1512 327 1547 ποιήσομεν
344 1514 375 1547 τῇ
392 1512 522 1548 τάναντία
542 1512 659 1548 λεγούσῃ
682 1514 839 1549 παραϐολῇ,
862 1516 890 1541 ὲν

977 1520 1066 1548 decies
1080 1521 1165 1548 millia
1180 1522 1280 1549 talenta
1294 1521 1408 1549 remissa
1419 1526 1493 1554 sunt,
1510 1522 1586 1556 parvi
1601 1510 1766 1548 remittentis

136 1557 150 1582 ὸ
176 1557 210 1583 τὰ
233 1557 319 1592 μυρία
343 1558 462 1585 τάλαντα
486 1559 691 1594 συγχωρηθεὶς,
719 1560 805 1595 μικρὰ
818 1561 868 1595 τῆς
881 1561 927 1587 τοῦ

137 1603 362 1638 συγχωρήσαντος
375 1604 484 1637 ἀγάπης
497 1604 653 1639 φροντίσας,
675 1606 745 1631 κατὰ
759 1605 806 1632 τοῦ
820 1606 929 1633 συνδού-

137 1648 184 1674 λου
201 1648 288 1683 ἐμάνη
301 1656 308 1664 '
333 1649 366 1675 δι’
381 1647 411 1676 οὗ
429 1649 513 1684 μέσου
529 1650 576 1676 καὶ
591 1649 636 1676 τὸν
651 1651 790 1686 Δεσπότην
805 1651 927 1687 ὕϐρισεν,

138 1694 165 1720 εἰ
178 1701 210 1727 γε
226 1694 274 1728 τῆς
290 1694 374 1721 αὐτοῦ
392 1695 598 1730 φιλανθρωπίας
614 1695 644 1722 τὸ
661 1695 694 1722 τὰ
707 1696 761 1722 τῶν
773 1697 874 1724 δούλων
889 1699 929 1730 εἰς

138 1739 234 1764 ἑαυτὸν
262 1739 459 1774 ἀναδέχεσθαι,
489 1740 563 1774 παρ’
583 1737 613 1767 οὗ
639 1741 687 1767 καὶ
707 1742 752 1774 τὸ,
778 1743 840 1777 Ἐφ’
854 1743 930 1770 ὅσον

136 1783 300 1816 ἐποιήσατε
311 1784 355 1810 ἐνὶ
367 1785 480 1811 τούτων
492 1784 550 1811 τῶν
560 1785 741 1820 ἐλαχίστων,
758 1787 822 1822 ἐμοὶ
832 1788 929 1822 ἐποιή-

138 1836 222 1855 σατε.
242 1829 278 1855 Τὸ
292 1829 356 1855 αὖτδ
370 1822 479 1864 νοητέον
502 1830 547 1856 καὶ
567 1832 631 1866 περὶ
647 1831 696 1866 τῆς
709 1833 866 1868 παραϐολῆς
882 1834 928 1860 τοῦ

138 1872 245 1900 ἀσώτου
262 1874 308 1900 καὶ
323 1874 369 1900 τοῦ
385 1874 523 1909 σώφρονος
538 1875 591 1902 τῶν
606 1876 652 1902 δύο
665 1876 788 1912 ἀδελφῶν
800 1887 806 1893 ·
825 1879 874 1913 οὐχ
891 1879 928 1912 ὼς

137 1919 231 1946 τούτου
249 1920 356 1951 πάντως
371 1920 442 1947 οὕτω
455 1921 634 1956 προελθόντος
646 1941 654 1954 ,
680 1923 738 1949 ἀλλ’
756 1924 793 1955 ὡς
809 1925 860 1959 τῆς
874 1925 928 1952 τῶν

138 1965 311 1999 πραγμάτων
342 1965 505 1998 ἀκολουθίας
528 1966 599 1994 οὕτω
621 1967 707 1994 ταῦτα
724 1969 785 1996 καθ’
800 1970 927 1998 ὑπόθεσιν

137 2010 306 2046 ἀπαιτούσης
319 2031 325 2043 ,
347 2011 394 2037 καὶ
413 2013 556 2047 μονονουχὶ
578 2013 628 2048 τῆς
645 2014 755 2048 Γραφῆς
769 2016 800 2042 τὸ
812 2016 927 2051 μέγεθος

138 2057 184 2090 τῆς
201 2058 240 2088 εις
253 2058 326 2092 ἡμᾶς
341 2057 498 2092 φιλοτιμίας
512 2059 559 2085 τοῦ
573 2058 641 2085 Θεοῦ
655 2059 698 2085 διὰ
711 2060 813 2087 τούτων
827 2062 927 2089 ἐπιδει-

137 2102 272 2136 κνυούσης
285 2122 292 2134 ,
321 2103 368 2129 καὶ
391 2103 465 2138 ἡμᾶς
490 2101 685 2141 ἐντρεπούσης,
705 2104 732 2130 ετ
744 2114 776 2139 γε
793 2106 862 2139 δέον,
881 2108 926 2135 τοῦ

136 2148 243 2174 ἀσώτου
258 2148 297 2183 τῷ
311 2149 395 2184 πατρὶ
413 2149 633 2184 προδραμόντας,
652 2152 698 2177 καὶ
712 2150 927 2187 ἐξομολογουμέ-

135 2202 198 2224 νους
222 2192 294 2219 οὕτω
320 2193 355 2219 τὰ
378 2193 447 2228 πρὸς
468 2194 605 2228 σωτηρίαν
627 2196 770 2230 αἰτήματα
783 2196 927 2232 λήψεσθαι.

135 2239 173 2265 Τὺ
189 2238 308 2273 ἔμπαλιν
330 2239 345 2264 ὁ
362 2238 428 2270 Θεὸς
447 2240 515 2274 μηδὲ
531 2240 752 2276 εὑγνωμονηοεὶς
764 2262 771 2274 ,
800 2243 867 2277 μηδὲ
884 2245 928 2271 αἰ-

135 2285 230 2319 τηθεὶς
246 2285 447 2318 φιλοτιμεῖται·
466 2287 482 2320 ἡ
497 2285 543 2312 οὖν
559 2288 607 2321 τῆς
619 2288 790 2322 παραδολῆς,
809 2289 857 2316 καὶ
872 2291 927 2318 τῶν

980 1565 1143 1593 charitatem
1165 1566 1304 1594 aestimans
1318 1574 1369 1594 suo
1384 1575 1517 1594 conservo
1535 1567 1621 1594 iratus
1637 1571 1694 1598 est;
1716 1566 1766 1592 ita-

979 1619 1033 1645 que
1056 1612 1204 1639 Dominum
1227 1612 1326 1647 injuria
1353 1612 1454 1644 afl‘eeit,
1481 1613 1527 1647 qui
1551 1620 1600 1647 per
1624 1611 1766 1638 hominum

980 1663 1103 1683 amorem
1129 1656 1157 1683 in
1184 1664 1213 1684 se
1237 1664 1380 1683 servorum
1396 1664 1508 1683 suorum
1527 1657 1641 1691 injurias
1654 1656 1765 1690 recipit;

979 1702 1047 1730 dicit
1063 1702 1136 1729 enim
1150 1711 1156 1729 ε
1173 1702 1248 1735 Quod
1263 1702 1374 1737 feceritis
1389 1703 1434 1730 uni
1459 1710 1491 1729 ex
1506 1703 1545 1729 lii»
1567 1703 1691 1734 minimis,
1704 1702 1767 1729 milii

979 1749 1115 1783 fecistis".
1129 1748 1202 1776 ldem
1216 1749 1384 1776 censendum
1398 1757 1440 1776 est
1453 1749 1486 1776 de
1502 1749 1629 1783 parabola
1649 1748 1765 1775 duorum

978 1793 1106 1827 fratrum,
1125 1793 1235 1829 prodigi
1254 1797 1282 1821 et
1298 1793 1445 1829 sapientis;
1465 1801 1520 1820 non
1534 1793 1610 1828 quasi
1625 1793 1696 1820 idem
1709 1801 1768 1819 oin-

979 1839 1044 1866 nino
1059 1840 1229 1874 propositurn
1245 1839 1290 1872 sit,
1309 1839 1357 1867 sed
1376 1847 1468 1867 rerum
1487 1839 1659 1867 connexionc
1671 1839 1766 1866 eadem

978 1884 1128 1912 secundum
1144 1885 1318 1920 hypotbesim
1334 1885 1500 1920 postulante,
1523 1889 1550 1911 ct
1570 1884 1606 1911 ita
1625 1884 1767 1918 Scriptura

978 1931 1195 1965 magnitudinem
1220 1930 1268 1958 Dei
1291 1930 1468 1958 liberalitatis
1486 1938 1549 1965 erga
1564 1937 1614 1957 nos
1626 1929 1669 1956 his
1685 1929 1767 1956 rebus

977 1974 1150 2008 ostendente,
1167 1980 1195 2003 et
1208 1983 1259 2003 nos
1273 1975 1432 2007 inducente,
1449 1975 1472 2002 si
1488 1982 1557 2010 opus
1571 1975 1616 2006 sit,
1630 1978 1659 2001 ut
1670 1982 1764 2001 curra-

978 2028 1039 2048 mus
1058 2021 1091 2048 ad
1107 2025 1211 2055 patrem
1228 2020 1345 2056 prodigi,
1359 2026 1385 2047 ct
1397 2020 1577 2048 confiteamur
1600 2021 1636 2047 ita
1654 2019 1766 2054 petitio-

978 2075 1027 2094 nes
1040 2067 1067 2094 in
1084 2067 1199 2094 salutem
1216 2067 1318 2101 accipi;
1335 2067 1455 2094 vicissim
1480 2074 1590 2101 quoque
1604 2067 1700 2098 Deum,
1715 2066 1765 2093 (lsi

978 2120 1033 2139 non
1049 2113 1119 2147 grati
1132 2111 1277 2145 fuerimus,
1292 2117 1341 2139 aut
1358 2120 1412 2138 non
1433 2111 1631 2147 rogaverimus,
1648 2111 1768 2138 liberali-

982 2162 1035 2184 tate
1055 2158 1105 2185 uti.
1128 2158 1189 2185 llaec
1212 2158 1297 2193 igitur
1312 2157 1450 2193 parabole.
1477 2162 1505 2184 et
1524 2157 1629 2192 prodigi
1647 2156 1767 2183 necessi-

984 2204 1047 2231 tatis
1071 2204 1202 2236 narratio,
1226 2209 1326 2232 nostra:
1347 2203 1523 2239 malignitatis
1541 2203 1766 2238 magnitudinem,

982 2255 1010 2276 ct
1029 2250 1194 2277 ineffabilem
1212 2250 1258 2277 Dei
1276 2257 1340 2285 erga
1356 2249 1481 2276 homines
1496 2257 1620 2276 amorem
1632 2249 1730 2284 probat
1741 2253 1771 2275 ct‘

980 2295 1007 2321 in
1024 2295 1184 2322 memoriam
1205 2300 1323 2322 revocat.

135 2332 251 2379 δεόντων
261 2332 397 2367 διήγησις,
412 2332 460 2358 τοῦ
475 2333 592 2368 πλήθους
606 2335 655 2368 τῆς
667 2335 747 2369 ἡμῶν
759 2335 867 2370 κακίας,
879 2338 924 2365 καὶ
941 2341 990 2375 τῆς
1015 2343 1118 2377 ἀφὰτου
1145 2341 1191 2369 τοῦ
1213 2341 1280 2368 Θεοῦ
1302 2341 1510 2378 φιλανθρωπίας
1550 2340 1659 2375 ἔλεγχός
1698 2340 1765 2379 ἐστιν

135 2378 184 2404 καὶ
201 2377 363 2412 ὑπόμνησις.

172 2425 211 2450 Δ¹.
230 2423 269 2458 [ῃ.
285 2423 360 2459 ML]
379 2424 416 2450 Οὺ
432 2425 486 2460 γὰρ
503 2425 573 2452 κατὰ
589 2425 639 2460 τὴν
652 2425 745 2462 κοινὴν
762 2428 809 2454 καὶ
823 2429 925 2466 συνήθη

134 2471 189 2498 τῶν
205 2471 273 2498 ὅλων
287 2471 483 2506 δημιουργίαν,
501 2473 581 2507 Λόγῳ
598 2473 644 2499 καὶ
657 2473 707 2508 τὴν
720 2475 859 2509 ἡμετέραν
872 2477 924 2510 φύ-

136 2525 180 2543 σιν
206 2516 357 2543 ἀνέπλασεν
370 2524 378 2531 ο
406 2517 468 2543 ἀλλ’
493 2518 562 2553 ὅπερ
586 2518 628 2544 ἐπ’
643 2518 750 2551 οὐδενὸς
770 2519 823 2546 τῶν
838 2521 924 2548 ἄλλων

133 2563 277 2598 ἠνέσχετο,
294 2562 343 2588 οὐκ
356 2563 400 2589 ἐπ’
412 2563 535 2597 ἀγγέλων
544 2583 551 2594 ,
570 2563 620 2590 οὐκ
635 2564 677 2590 ἐπ’
692 2564 775 2600 ἄλλης
789 2566 860 2597 τινὸς
873 2566 924 2600 φύ-

135 2618 221 2639 σεως,
239 2608 318 2634 τοῦτο
334 2609 380 2634 ἐπὶ
394 2610 428 2644 τῇ
444 2609 497 2636 τῶν
508 2609 660 2645 ἀνθρώπων
673 2611 777 2646 ὑπέστη
791 2613 923 2648 σωτηρίᾳ.

133 2655 210 2682 ’Δντὶ
222 2653 352 2680 δεσπότου
368 2654 422 2690 γὰρ
436 2655 528 2687 δοῦλος
547 2655 732 2691 χρηματίσας,
748 2657 861 2689 εἰκότως
876 2658 924 2686 καὶ

134 2699 296 2727 καταλιπεῖν
310 2699 344 2726 τὰ
356 2700 533 2734 ἐννενήκοντα
546 2701 622 2727 ἐννέα
635 2700 709 2735 λέγει
722 2702 856 2737 πρόϐατα,
873 2702 922 2738 τὴν

133 2747 176 2777 εἰς
198 2745 264 2784 ’ἄλλο
290 2746 504 2782 παραδοξότερον
533 2748 579 2773 καὶ
607 2747 830 2784 θαυμασιώτερον
853 2746 922 2780 εἶδος

172 2837 181 2852 ¹
200 2835 294 2865 Matth.
316 2844 341 2868 γ,
363 2836 403 2863 l2.

444 2836 464 2851 '°
482 2836 575 2864 Matth.
594 2839 694 2871 xvﬂi.
736 2838 754 2853 “
777 2838 842 2865 ibid.
864 2837 909 2865 ἓῐῖ.

1013 2432 1058 2460 ιν.
1075 2432 1134 2459 Non
1147 2431 1221 2459 enim
1238 2440 1286 2466 per
1297 2440 1470 2460 communem
1486 2435 1514 2458 et
1526 2431 1654 2458 omnibus
1671 2438 1766 2457 assue-

979 2483 1033 2505 tam
1053 2477 1253 2512 operationem,
1270 2477 1360 2504 Verbo
1375 2481 1497 2505 nostram
1519 2481 1645 2503 naturam
1667 2476 1767 2502 forma-

976 2522 1034 2553 vit;
1059 2522 1105 2549 sed
1130 2522 1203 2556 quod
1228 2521 1254 2548 in
1281 2522 1371 2549 nullos
1387 2522 1457 2548 alios
1471 2521 1603 2551 ostendit,
1625 2528 1713 2555 ncque
1739 2520 1766 2547 in

977 2567 1098 2601 angelos,
1123 2573 1212 2601 neque
1235 2566 1352 2601 alicujus
1373 2569 1478 2592 natura;
1501 2569 1651 2598 creaturas,
1669 2565 1721 2592 hoc
1739 2565 1765 2592 in

976 2611 1119 2637 hominum
1143 2611 1259 2638 salutem
1279 2610 1424 2645 disposuit.
1443 2610 1550 2637 Etenim
1564 2617 1616 2645 pro
1631 2610 1700 2637 hero
1715 2618 1766 2638 suo

976 2664 1072 2684 servus
1082 2657 1207 2691 loquens,
1221 2656 1320 2683 merito
1332 2655 1457 2690 linquere
1470 2663 1566 2682 novem
1577 2659 1605 2683 et
1616 2656 1766 2691 nonaginta

976 2710 1040 2729 oves
1056 2702 1133 2734 dicit,
1151 2710 1214 2730 cum
1236 2702 1264 2729 in
1279 2702 1359 2729 aliam
1377 2701 1574 2728 mirabiliorem
1594 2706 1621 2728 et
1635 2706 1765 2736 pralslan-

976 2749 1075 2776 tioruln
1102 2748 1198 2775 faciem
1231 2747 1419 2783 Operationcm
1451 2747 1622 2776 immutatam
1645 2755 1706 2776 esse
1735 2754 1763 2776 et

951 2838 969 2852 "
987 2837 1082 2865 Matth.
1102 2846 1162 2872 xxv,
1189 2838 1228 2866 to.
