1952 3066
137 145 207 178 3327

755 148 784 176 S.
807 147 920 176 PETRI
941 146 1146 177 LAODICENI

1702 141 1774 174 3328

140 201 221 236 quod,
245 209 294 237 per
316 203 464 238 gratiarum
482 202 618 229 actionem
642 210 725 237 super
747 203 802 230 illis
818 203 928 235 factam,

993 204 1059 236 ττίας
1076 204 1161 231 ταῦτα
1175 205 1267 232 ἐκεῖνα
1283 203 1354 232 εἶναι
1371 203 1526 230 πιστεύειν
1545 203 1559 229 ὁ
1575 202 1630 237 γὰρ
1640 201 1775 234 ζωοποιὺς·

139 255 238 283 corpus
267 252 295 275 et
322 249 433 284 sanguis
453 248 557 276 Christi
579 247 648 275 facta
670 253 756 275 sunt:
782 248 931 276 Vivilicans

140 293 213 321 enim
235 293 284 321 Dei
298 293 417 321 Verbum
429 314 436 325 ,
451 293 572 328 seipsum
589 292 707 328 propria:
731 294 808 321 carni
828 295 928 322 unicns

142 339 222 367 modo
238 348 320 375 quem
337 341 394 374 ipse
409 340 494 371 novit,
511 340 596 375 ipsam
609 339 794 367 viviﬁcantem
810 348 871 367 esse
887 340 934 367 de-

141 385 265 418 claravit,
281 385 375 418 Panis,
392 386 530 420 inquiens,
545 393 623 421 quem
637 393 684 420 ego
705 386 782 418 dabo,
795 394 856 412 caro
875 394 934 412 mea

142 435 275 465 estquam
302 439 347 466 ego
375 431 442 458 dabo
466 439 512 464 pro
534 431 626 458 "nitidi
649 432 702 458 vita
717 433 743 463 ';
761 436 789 458 et
813 431 932 458 iterum:

142 474 200 502 Nisi
214 476 437 503 manducaveritis
458 485 564 503 carnem
581 476 641 504 Filii
656 477 768 503 hominis
783 481 807 503 et
820 477 936 504 biberitis

144 521 201 554 ejus
213 522 378 556 sanguinem,
393 530 446 548 non
461 521 587 548 habebitis
609 523 691 549 vitam
701 526 828 550 wternam
843 523 864 549 ’.
880 522 936 550 Hoc

145 565 228 601 igitur
255 566 388 594 incientes
416 568 500 594 vitam
530 568 558 594 in
589 568 670 595 nobis
701 568 845 595 habemus.
863 568 937 596 Dixit

144 612 218 638 enim
235 619 241 636 τ
261 611 312 643 Qui
330 613 472 639 manducat
488 621 574 640 nteant
598 621 716 646 carnem,
730 618 756 640 et
769 613 831 640 bibit
851 622 937 641 meum

144 657 311 691 sanguinem,
327 658 355 684 in
371 666 412 684 me
429 661 517 684 manet
545 662 570 684 et
585 666 630 693 ego
647 659 675 684 in
688 657 735 684 illo
752 658 772 684 '.
788 657 938 693 Oportebat

145 702 218 729 enim
231 703 307 729 illum
324 703 435 737 quidem
454 703 480 730 in
499 703 578 730 nobis
595 711 644 738 per
664 707 790 731 sanctum
802 703 936 738 Spiritum

147 747 228 774 modo
240 747 382 776 divinitate
391 748 472 784 digno
485 748 618 779 habitare.
628 749 792 783 corporibus
800 756 865 776 vero
873 757 937 776 nos-

147 793 197 820 tris
211 801 259 827 per
271 798 392 821 sanctam
412 794 498 828 ipsius
513 802 622 821 carnem
632 799 659 822 et
667 794 818 829 pretiosum
827 795 939 830 sangui-

147 846 210 865 nem
222 839 410 867 commisceri:
424 839 497 874 quod
513 844 541 867 et
555 847 716 867 concessum
732 840 875 872 habemus,
891 849 940 875 per

148 883 367 911 benedictionem
376 885 522 917 viviﬁcam,
533 886 583 912 sub
598 885 689 920 specie
703 885 782 920 panis
791 890 820 914 et
828 886 896 918 vini,
905 894 939 913 ne

148 929 217 956 forte
231 929 391 958 liebescerct
402 931 489 965 pietas
508 935 612 962 nostra,
627 931 694 958 dum
708 938 819 958 carnem
833 935 860 958 et
872 939 938 958 san-

148 975 258 1009 guinem
269 977 410 1011 proposita
425 977 550 1004 videmus
562 977 588 1004 in
599 977 778 1004 ecclesiarum
795 977 938 1004 altaribus.

147 1020 377 1050 Condescendcns
386 1024 471 1056 enim,
485 1028 514 1050 ut
526 1024 611 1062 Deum
626 1024 716 1056 decet,
732 1022 940 1051 inﬁrmitatibus

148 1067 261 1100 nostris,
278 1068 340 1103 pani
357 1069 449 1096 oblato
466 1062 597 1097 virtutem
619 1070 682 1096 vita:
703 1070 840 1103 immittit,
863 1075 891 1097 et
912 1070 938 1097 in

147 1121 225 1140 suam
241 1122 351 1142 carnem
365 1119 539 1147 transmutat,
553 1121 582 1143 ut
595 1116 622 1143 in
637 1117 858 1144 communionem
872 1117 941 1144 vivi-

149 1157 226 1186 ﬁcam
245 1159 321 1186 illum
342 1160 504 1193 habeamus,
521 1166 549 1188 et
571 1162 649 1196 quasi
672 1170 784 1197 germen
807 1163 869 1190 vita:
894 1163 940 1190 iiut.

148 1204 228 1232 nobis
252 1212 354 1239 corpus
385 1205 459 1237 vitae,
483 1205 551 1234 Cum
575 1211 666 1234 autem
693 1207 760 1235 dicit
783 1209 940 1243 sanguinem

148 1259 227 1278 suum
242 1260 290 1286 pro
303 1251 394 1279 multis
409 1252 528 1287 eﬂ'usum.
540 1259 592 1280 nro
607 1252 735 1280 omnibus
747 1253 865 1280 eti'usum
879 1262 940 1281 esse

147 1297 303 1331 significat:
322 1297 393 1324 Unus
416 1299 497 1330 enim,
514 1298 603 1333 inquit
619 1299 731 1332 Paulus,
749 1308 797 1334 pro
819 1300 939 1327 omnibus

148 1347 268 1370 mortuus
287 1348 335 1376 est,
351 1347 379 1370 ut
388 1344 449 1378 jam
467 1352 519 1371 non
534 1345 583 1371 sibi
593 1345 695 1377 vivant,
709 1345 755 1372 sed
770 1345 812 1373 illi
832 1347 876 1381 qui
891 1355 939 1381 pro

147 1389 211 1422 ipsis
225 1394 342 1416 mortuus
365 1394 402 1416 est
426 1394 450 1416 et
467 1391 647 1418 resurrexit‘.
670 1391 757 1418 Porro
786 1393 939 1420 notandum

148 1441 199 1468 est,
213 1437 286 1471 quod
300 1437 394 1470 Iudas,
409 1438 491 1465 etiam
507 1443 568 1474 post
582 1440 775 1474 mysteriorum
792 1441 940 1476 participa-

149 1482 262 1511 tionem.
283 1483 359 1518 juxta
380 1484 461 1512 Lucte
485 1485 684 1518 narrationem,
708 1485 780 1513 idem
795 1488 938 1520 remansit,

149 1530 238 1563 neque
254 1529 395 1557 tremenda
411 1530 512 1558 fruitus
531 1539 641 1563 mensa,
659 1536 781 1560 mutatus
797 1537 860 1560 est:
877 1533 939 1561 Post
954 1537 975 1565 ο

148 1574 203 1600 Iure
216 1574 300 1606 enim,
320 1575 410 1609 inquit
423 1576 602 1611 evangelista,
616 1576 732 1603 introivit
749 1578 776 1603 in
790 1585 849 1605 eum
859 1577 939 1606 Sata-

149 1627 197 1646 nas
208 1620 231 1651 ⁵,
260 1620 346 1654 ipsius
360 1621 466 1649 scilicet
480 1628 582 1656 corpus
593 1621 673 1650 nihili
688 1622 801 1651 faciens.
815 1623 941 1652 Christus

148 1669 252 1696 autem,
267 1666 419 1701 proditoris
439 1667 639 1703 impudentiam
655 1668 785 1701 irridens,
797 1677 851 1697 non
865 1670 942 1698 cohi-

151 1710 213 1738 buit
228 1719 302 1742 eum.
320 1713 447 1747 quamvis
464 1713 557 1741 omnia
580 1714 680 1748 sciens,
701 1714 750 1742 sed
771 1715 897 1750 probavit
911 1724 941 1744 se

148 1754 219 1783 nihil
234 1763 329 1784 eorum
351 1765 412 1792 quae
430 1757 464 1786 ad
488 1759 688 1786 correctionem
704 1760 763 1795 ejus
779 1760 870 1788 facere
891 1768 942 1796 po-

149 1805 252 1835 terant,
269 1803 418 1838 negligere.
436 1803 593 1832 Secundum
608 1809 700 1832 autem
718 1805 831 1833 Joannis
844 1814 941 1833 narra-

149 1846 264 1879 tionem.
278 1847 364 1875 ludas
389 1853 452 1876 ante
477 1849 582 1877 exierat
605 1857 614 1878 ε
637 1857 692 1877 non
717 1851 793 1878 enim
809 1851 939 1886 decebal_

148 1890 251 1920 Christi
263 1893 409 1921 oecisionis
422 1894 591 1928 ministrum,
602 1895 731 1924 salutaris
740 1895 944 1928 communionis

150 1939 309 1972 receptione
335 1939 491 1967 consecrari
513 1947 693 1976 :quanquam
717 1941 791 1968 enim
815 1942 943 1970 Christus

149 1984 241 2011 omnia
253 1984 304 2011 alia
317 1985 466 2019 opprobria
481 1985 624 2020 sustinuit,
635 1986 688 2015 hoc
701 1991 793 2016 tamen
805 1988 844 2015 illi
858 1987 941 2024 inﬂigi

150 2037 205 2057 non
222 2030 386 2065 permissum
402 2035 454 2058 est.

183 2075 250 2103 Luc.
280 2084 346 2108 χχιι,
378 2077 421 2104 19.
449 2077 483 2104 Ει
517 2082 623 2113 accepto
657 2087 726 2114 pane
756 2080 859 2114 gratias
880 2081 941 2115 egit.

150 2136 183 2142 —
194 2121 410 2150 INTERPRETATIO.
432 2123 486 2158 Ego
503 2132 561 2150 sum
580 2125 657 2158 panis
674 2125 754 2156 virus,
770 2126 815 2158 qui
835 2126 866 2152 de
880 2126 943 2152 cmlo

151 2167 289 2195 descendit.
299 2173 322 2194 et
337 2169 418 2196 vitam
428 2174 537 2204 prastat
554 2170 663 2201 munda,
677 2170 743 2198 dicit
757 2171 859 2198 alicubi
878 2171 944 2198 Sal-

982 249 1030 275 τοῦ
1043 249 1111 276 Θεοῦ
1123 249 1208 284 Λόγος
1222 250 1327 282 ἐνώσας
1339 249 1419 276 αὑτὸν
1434 251 1467 285 τῇ
1484 248 1538 284 ἰδίᾳ.
1552 248 1636 284 σαρκὶ
1645 269 1651 280 ,
1667 247 1729 274 καθ’
1743 246 1774 273 ὅν

983 293 1052 322 οἶδεν
1069 295 1170 329 τρόπον
1186 295 1277 328 αὐτὸς,
1294 295 1424 327 ζιιιοποιδν
1437 293 1575 328 ἀπέφηνεν
1603 293 1688 325 αὐτήν
1702 301 1708 308 ·
1720 293 1773 326 ἔφη

984 341 1049 375 γὰρ,
1072 341 1113 367 ὃτι
1134 340 1166 368 ’0
1191 340 1280 376 ἄρτος
1299 341 1336 367 ὃν
1351 340 1409 375 ἐγὼ
1430 339 1516 366 δώσω
1529 334 1547 370 ,Ν
1564 340 1582 372 ἡ
1609 338 1687 372 σάρξ
1713 337 1774 370 μού

984 384 1081 416 ἐστιν,
1101 385 1141 419 ῆν
1159 386 1218 420 ἐγὼ
1232 386 1317 412 δώσω
1335 385 1409 419 ὑπὲρ
1424 384 1544 418 τῆς-,τοῦ
1561 384 1676 417 κόσμου
1689 382 1772 415 ζωῆς.

986 431 1033 457 καὶ
1047 431 1137 458 πάλιν·
1155 432 1223 459 Ἐὰν
1237 431 1277 466 μὴ
1291 431 1406 466 φάγητε
1428 431 1488 465 τὴν
1501 429 1601 464 σάρκα
1626 429 1678 456 τοῦ
1706 428 1775 455 Υίοῦ

986 476 1039 503 τοῦ
1061 477 1237 510 ἀνθρώπου,
1255 477 1305 505 καὶ
1332 478 1420 512 πίητε
1439 476 1533 504 αὑτοῦ
1552 476 1586 503 τὸ
1608 473 1699 510 αἷμα,
1719 475 1775 502 οὐκ

986 522 1070 556 ἔχετε
1097 522 1175 556 ζωὴν
1201 523 1324 551 αἰώνιον
1347 530 1354 538 '
1374 522 1472 550 οὐκοῦν
1499 521 1580 549 τοῦτο
1609 520 1750 552 ποιοῦντες
1766 540 1774 551 ,

987 567 1060 601 ζωὴν
1075 567 1174 603 ἔχομεν
1189 568 1221 595 ὲν
1233 569 1341 601 ἑαυτοῖς
1353 569 1435 596 αὐτόν
1446 577 1453 583 ·
1471 567 1523 603 ἐφη
1535 567 1598 602 γάρ·
1615 566 1647 593 '0
1661 565 1777 600 τρώγων

985 620 1045 646 μου
1064 613 1122 646 τὴν
1139 613 1250 647 σάρκα,
1266 613 1315 641 καί
1330 614 1427 641 πίνων
1440 622 1500 648 μου
1514 612 1549 640 τὸ
1561 609 1650 646 alga,
1663 611 1698 638 ὲν
1711 610 1776 645 ἐμοὶ

985 658 1078 693 μένει,
1091 659 1171 694 κάγὼ
1185 659 1221 687 ἐν
1238 659 1330 693 αὐτῷ.
1347 660 1422 687 Ἔδει
1437 659 1492 695 γὰρ
1504 658 1585 686 αὑτὸν
1598 657 1643 684 διὰ
1661 657 1711 687 μὲν
1727 656 1776 683 τοῦ

989 705 1067 738 ἁγίου
1079 704 1239 740 Πνεύματος
1255 706 1283 732 ἐν
1299 706 1364 740 ἡμῖν
1389 705 1512 740 γίνεσθαι
1534 703 1702 739 οεοπρεπῶς’
1712 711 1776 729 συν-

990 749 1188 785 ανακίρνασθαι
1218 750 1246 777 δὲ
1265 750 1360 786 ὥσπερ
1370 751 1426 782 τοῖς
1441 750 1586 786 ἡμετέροις
1599 748 1722 783 σώμασιν
1733 747 1778 774 διὰ

990 796 1039 830 τῆς
1055 796 1136 830 ἁγίας
1158 795 1242 823 αὑτοῦ
1263 796 1364 831 σαρκὸς
1380 797 1426 822 καὶ
1445 795 1492 823 τοῦ
1510 795 1599 830 τιμίου
1617 794 1744 828 αἵματος·
1763 793 1778 819 ὃ

991 841 1022 875 δὴ
1037 841 1084 867 καὶ
1099 841 1257 876 ἐσχήκαμεν
1271 841 1312 872 εις
1326 841 1450 875 εὐλογίαν
1461 840 1591 873 ζωοποιδν
1607 840 1644 871 ὡς
1655 840 1682 865 ὲν
1702 838 1778 872 ἄρτῳ

991 896 1020 913 τε
1039 887 1087 914 καὶ
1097 886 1171 922 οἴνῳ,
1191 887 1234 913 ἵνα
1262 888 1298 922 μὴ
1319 887 1566 921 ἁποναρκὴσωμεν,
1585 885 1674 921 σάρκα
1688 893 1717 910 τε
1732 885 1779 910 καὶ

990 927 1060 964 αἷμα
1076 931 1244 965 προκείμενα
1258 931 1401 966 βλέποντες
1411 933 1439 958 ὲν
1453 932 1544 965 ἁγίαις
1561 931 1711 966 τραπέζαις
1724 929 1778 958 τῶν

997 974 1181 1010 Ἐκκλησιῶν’
1216 975 1468 1010 συγκαθιστάμενος
1495 976 1548 1011 γὰρ
1566 976 1604 1006 ὡς
1628 974 1692 1006 Θεὸς
1719 975 1780 1006 ταῖς

990 1020 1138 1055 ἡμετέραις
1152 1021 1306 1052 ἀσθενείαις
1324 1021 1410 1055 ἐνίησι
1428 1021 1485 1052 τοῖς
1500 1019 1687 1054 προκειμένοις
1699 1018 1779 1045 δύνα-

992 1074 1039 1100 μιν
1053 1065 1137 1101 ζωῆς,
1164 1067 1210 1092 καὶ
1228 1066 1389 1101 μεθίστησιν
1414 1066 1484 1092 αὐτὰ
1501 1065 1568 1100 πρὸς
1583 1066 1722 1099 ἐνέργειαν
1735 1064 1780 1090 διὰ

991 1111 1040 1145 τῆς
1055 1111 1150 1138 ἑαυτοῦ
1163 1112 1274 1147 σαρκὸς,
1289 1112 1333 1138 ἵνα
1347 1112 1387 1144 εἰς
1405 1111 1513 1147 μέθεξιν
1528 1111 1659 1143 ζωοποιὸν
1672 1111 1780 1145 ἔχωμεν

990 1158 1070 1190 αὐτὰ,
1085 1157 1132 1184 καὶ
1146 1154 1201 1184 οἷον
1211 1158 1322 1193 σπέρμα
1332 1157 1475 1190 ζωοποιὸν,
1484 1157 1581 1192 εὑρεθῇ
1595 1156 1624 1182 τὸ
1637 1157 1715 1191 σῶμα
1729 1157 1779 1191 τῆς

990 1203 1073 1237 ζωῆς.
1090 1203 1158 1238 Περὶ
1181 1202 1305 1229 πολλῶν
1335 1202 1369 1229 δὲ
1396 1203 1603 1237 ἐκχυνόμενον
1629 1201 1715 1235 λέγων
1747 1201 1781 1227 τὸ

990 1247 1071 1283 αᾶια,
1086 1249 1116 1275 τὸ
1128 1249 1192 1284 περὶ
1208 1249 1317 1276 πάντων
1327 1248 1418 1283 λέγει’
1433 1246 1486 1281 Εἷς
1498 1248 1564 1283 γὰρ,
1581 1247 1618 1279 ὥς
1634 1246 1781 1283 φησιῐῐαῦ-

991 1295 1046 1327 λος,
1057 1295 1133 1329 ὑπὲρ
1141 1294 1263 1322 πάντων
1273 1294 1433 1327 ἀπέθανεν,
1451 1295 1502 1321 ἵνα
1513 1296 1540 1321 οι
1557 1294 1664 1327 πάντες
1672 1293 1781 1328 μηκέτι

991 1340 1108 1374 ἑαυτοῖς
1122 1340 1220 1374 ζῶσιν,
1233 1340 1313 1368 ἀλλὰ
1327 1339 1368 1374 τῷ
1383 1340 1459 1374 ὑπὲρ
1484 1339 1583 1367 αὐτῶν
1598 1339 1781 1367 ἀποθανόντι

991 1387 1040 1413 καὶ
1060 1385 1218 1420 ἐγερθέντι.
1240 1386 1338 1412 ’ἰστέον
1370 1385 1398 1411 δὲ
1416 1385 1458 1412 ὅτι
1480 1385 1527 1411 καὶ
1547 1385 1600 1411 τῶν
1621 1383 1781 1419 μυττηρὶων

993 1431 1138 1467 μετασχὼν
1155 1432 1169 1458 ὁ
1194 1431 1304 1464 Ἰούδας,
1318 1432 1356 1463 ὡς
1372 1433 1386 1459 ὁ
1404 1433 1509 1463 Λουκᾶς
1523 1440 1616 1466 φησιν,
1647 1430 1756 1465 ἔμεινεν
1768 1431 1783 1455 ὸ

991 1477 1088 1509 αὐτός’
1100 1477 1148 1504 καὶ
1161 1476 1212 1511 τῆς
1223 1476 1446 1513 φρικωδεστάτης
1459 1476 1616 1507 ἀπολαύσας
1629 1477 1782 1509 τραπέζης.

991 1525 1022 1550 οὺ
1053 1523 1231 1559 μετεόάλετο·
1268 1523 1319 1558 ἔφη
1343 1523 1414 1558 γάρ’
1430 1524 1511 1550 Μετὰ
1536 1523 1624 1549 τοῦτο
1638 1521 1784 1556 simul)”

994 1572 1037 1604 εἰς
1051 1571 1144 1598 αὑτὸν
1158 1572 1174 1598 ὀ
1194 1569 1340 1603 Σατανᾶς,
1358 1569 1439 1596 αὐτοῦ
1459 1569 1584 1604 σώματος
1593 1568 1782 1602 καταφρονῶν.

1001 1616 1082 1644 Ἀλλὰ
1109 1617 1158 1651 τῆς
1175 1615 1368 1652 ἀναισχυντίας
1393 1615 1550 1649 καταγελῶν
1578 1614 1625 1641 τοῦ
1641 1614 1783 1650 προδότου,

993 1663 1044 1689 οὐκ
1059 1662 1195 1690 ἐκώλυσεν
1210 1661 1294 1689 αὑτὸν
1309 1663 1323 1689 ό
1337 1661 1466 1698 Χριστὸς,
1482 1661 1570 1688 καίτοι
1585 1661 1676 1687 πάντα
1692 1659 1782 1691 εἰδὼς,

994 1708 1101 1740 δεικνὺς
1116 1708 1156 1734 ὅτι
1172 1707 1248 1735 οὐδὲν
1269 1706 1477 1743 παραλιμπάνει
1507 1705 1562 1733 τῶν
1580 1707 1620 1736 είς
1640 1705 1784 1740 διόρθωσιν

995 1754 1135 1789 ήκὸντων·
1169 1752 1208 1786 ὡς
1239 1753 1269 1780 δὲ
1289 1753 1416 1788 Ἰωάννης
1440 1753 1532 1788 φησὶν,
1558 1752 1600 1778 ὃτι
1620 1751 1784 1787 προεξῆλθεν

1002 1799 1117 1831 ’ἰούδαςο
1128 1799 1158 1826 οὺ
1173 1799 1228 1835 γὰρ
1246 1799 1280 1826 ἂν
1294 1797 1406 1832 ἐδέξατο
1421 1798 1472 1833 τῆς
1492 1796 1626 1833 σωτηρίου
1641 1796 1784 1828 κοινωνίας

995 1845 1039 1871 τὸν
1056 1845 1140 1872 τύπον
1150 1845 1165 1872 6
1179 1845 1228 1880 τῆς
1238 1845 1452 1880 Χριστοκτονίας
1463 1843 1602 1880 ὑπηρέτης
1612 1851 1619 1858 ·
1633 1844 1656 1869 εἰ
1672 1843 1727 1877 γὰρ
1736 1843 1785 1869 καὶ

996 1891 1029 1918 τὰ
1041 1891 1108 1918 ἄλλα
1121 1891 1208 1918 πάντα
1221 1891 1337 1926 ἡνεγκεν
1349 1892 1364 1918 ὀ
1376 1891 1504 1927 Χριστὸς,
1521 1890 1590 1918 ἀλλὰ
1599 1888 1681 1916 τοῦτο
1691 1889 1786 1916 οὐκέτι

996 1937 1189 1974 συγκεχώρητο
1202 1937 1288 1975 αὐτῷ.

1032 2074 1085 2103 Καὶ
1113 2073 1214 2102 λαϐὼν
1235 2074 1328 2107 ἄρτον
1353 2072 1588 2108 εὐχαριστήσας.
1617 2086 1652 2092 —-
1681 2071 1788 2105 Ἑρμη-

996 2122 1065 2148 νεία.
1095 2120 1170 2155 Ἐγώ
1193 2121 1252 2155 εΙμι
1274 2121 1290 2147 ό
1311 2120 1400 2154 ἄρτος
1421 2121 1437 2147 ό
1458 2118 1524 2151 ζῶν,
1551 2120 1567 2145 ό
1593 2118 1628 2144 ἐκ
1657 2116 1710 2144 τοῦ
1735 2117 1789 2143 οὐ·

993 2166 1089 2202 ραν-οῦ
1105 2166 1245 2200 καταϐὰς,
1263 2166 1312 2193 καὶ
1322 2165 1398 2200 ζωὴν
1408 2165 1510 2198 διδοὺς
1525 2162 1564 2197 τῷ
1586 2164 1703 2197 κόσμῳ,
1719 2162 1789 2197 φησι

151 2218 250 2241 valor:
270 2214 293 2240 si
309 2215 366 2249 quis
377 2215 575 2251 manducauerit
598 2224 630 2242 ea:
655 2216 702 2242 hoc
723 2225 801 2250 parte,
822 2217 889 2243 vivet
910 2216 937 2243 in

996 2223 1047 2240 που
1063 2214 1077 2239 ὁ
1101 2212 1283 2248 Σωτήρ-’ἐάν
1309 2221 1355 2244 τις
1380 2211 1462 2247 φάγῃ
1481 2211 1515 2238 ἐκ
1541 2211 1648 2237 τούτου
1663 2209 1716 2236 τοῦ
1733 2208 1790 2242 ἆρ-

151 2265 289 2292 wternum,
300 2265 354 2288 etc.
365 2260 562 2288 Manducantes
573 2261 656 2296 igitur
673 2268 783 2289 carnem
795 2261 944 2290 Salvatoris

152 2306 238 2334 nostri
261 2306 326 2333 Iesu
353 2306 471 2338 Christi,
499 2312 527 2334 et
551 2307 679 2335 bibentes
703 2308 763 2343 ejus
782 2307 943 2343 sanguinem

152 2352 235 2379 vitam
259 2351 394 2379 habemus
412 2352 438 2379 in
457 2352 595 2381 nobismet
618 2353 695 2388 ipsis,
718 2357 771 2380 etc.
789 2353 875 2391 Rorro
894 2361 944 2380 nc-

152 2405 228 2425 cesse
244 2401 302 2425 erat
327 2405 413 2433 genus
430 2397 592 2431 humanum,
612 2398 694 2426 morti
711 2398 872 2431 obnoxium,
889 2406 944 2426 non

152 2443 206 2470 alio
236 2443 319 2471 modo
346 2443 379 2471 ad
412 2443 649 2479 incorruptionem
683 2444 829 2478 pervenire
855 2452 862 2471 :
889 2452 944 2471 non

151 2490 225 2518 cnim
264 2491 316 2518 hoc
354 2491 486 2526 possibile
523 2491 639 2522 fuisset,
682 2491 735 2518 nisi
773 2491 945 2526 unigenitum

153 2536 200 2563 Dei
228 2536 364 2570 Verbum,
390 2545 490 2572 corpus
514 2542 640 2564 nostrum
665 2545 744 2564 suum
771 2536 892 2568 faciens,
911 2544 945 2564 ex

153 2582 269 2610 muliere
293 2583 447 2610 secundant
474 2591 586 2610 carnem
615 2588 694 2610 natus
724 2582 837 2613 fuisset,
861 2590 946 2617 seque

154 2627 243 2662 ipsum
259 2628 340 2656 nobis
356 2629 513 2661 insevisset,
526 2637 609 2656 unam
623 2636 741 2656 massam
754 2635 802 2663 per
815 2628 945 2656 unionem

154 2671 321 2701 indivuisam
346 2673 468 2702 eiiiciens
484 2683 491 2701 :
509 2674 627 2701 Verbum
647 2674 739 2705 enim,
763 2673 903 2708 qui‘Dcus
919 2678 948 2701 et

154 2717 210 2745 vita
235 2722 297 2750 est,
320 2719 397 2746 unita
426 2720 478 2747 sibi
498 2720 549 2754 ipsi
574 2727 656 2747 carne
677 2719 804 2751 mortali,
823 2719 909 2755 ipsam
931 2728 944 2746 a

157 2765 270 2792 mortuis
293 2766 482 2793 resuscitatam
498 2766 594 2794 mortis
607 2770 635 2793 cl
650 2765 837 2800 corruptionis
850 2765 945 2792 victri-

195 2849 201 2862 '
220 2849 297 2879 Joan.
314 2860 350 2886 vt,
366 2853 410 2880 5Q.
451 2854 460 2870 '
479 2853 546 2881 ibid.
564 2851 608 2882 5i.
647 2855 655 2869 ’
675 2854 741 2881 ibid.
759 2855 802 2881 57.

842 2854 850 2868 ’“
869 2853 889 2880 Il
903 2853 965 2881 Cor.
985 2861 1010 2885 γ,
1029 2853 1068 2880 Ιξὶ.

996 2258 1148 2292 του,ζ⁴ήσει
1160 2259 1204 2292 εὶς
1214 2259 1266 2285 τὸν
1280 2257 1383 2289 αἰῶνα,
1403 2265 1431 2284 κ.
1443 2266 1468 2284 τ.
1485 2256 1509 2283 λ.
1527 2255 1631 2282 Οὐκοῦν
1649 2254 1790 2283 ἐσθίοντες

997 2305 1045 2339 τὴν
1058 2305 1147 2340 σάρκα
1159 2303 1207 2331 τοῦ
1232 2303 1357 2339 Σωτῆρος
1376 2303 1456 2338 ἡμῶν
1477 2301 1564 2338 Ἰησοῦ
1590 2299 1720 2335 Χριστοῦ,
1738 2300 1790 2325 καὶ

998 2351 1121 2382 πίνοντες
1133 2349 1214 2377 αὑτοῦ
1226 2349 1257 2376 τὸ
1265 2347 1347 2384 αἷμα,
1364 2349 1436 2384 ζωὴν
1451 2348 1550 2384 ἔχομεν
1562 2348 1592 2374 ὲν
1610 2347 1718 2377 ἑαυτοῖς
1729 2351 1788 2373 etc.

1000 2396 1073 2422 Ἔδει
1087 2396 1175 2422 τοίνυν
1184 2395 1229 2421 τδν
1235 2395 1377 2430 ἄνθρωπον
1388 2393 1594 2430 κεκρατημένον
1608 2392 1724 2426 θανάτῳ.
1735 2392 1791 2417 οὐκ

997 2441 1085 2473 ἄλλως
1102 2442 1170 2476 πρὸς
1189 2439 1345 2477 ἀφθαρσίαν
1358 2440 1540 2476 ἀναδραμεῖν·
1553 2439 1614 2466 ἐπεὶ
1625 2439 1656 2465 οὐ
1673 2437 1792 2464 δυνατὸν

997 2484 1041 2522 ἦν,
1062 2486 1086 2512 εί
1103 2486 1141 2521 μὴ
1162 2485 1207 2512 τὸν
1236 2485 1370 2521 μονογενῆ
1395 2485 1442 2512 τοῦ
1461 2484 1529 2511 Θεοῦ
1553 2484 1639 2518 Λόγον
1657 2483 1793 2517 ίδιοιτοιη-

1000 2532 1116 2567 σάμενον
1131 2531 1163 2558 τὸ
1176 2531 1256 2567 σῶμα
1269 2532 1359 2567 ἡμῶν,
1374 2530 1539 2566 γεννηθῆναι
1555 2538 1583 2556 τε
1601 2528 1671 2556 κατὰ
1696 2528 1793 2563 σάρκα

997 2579 1029 2606 ὲκ
1037 2579 1164 2612 γυναικός
1174 2587 1181 2594 ·
1196 2579 1243 2605 καὶ
1256 2578 1352 2605 ἑαυτὸν
1366 2578 1434 2613 ἡμῖν
1450 2576 1624 2612 ἑμφυτεύσας
1632 2575 1662 2602 ἒν
1672 2574 1794 2609 φύραμα

999 2625 1124 2658 γενέσθαι
1132 2625 1193 2651 καθ’
1206 2624 1302 2651 ἕνωσιν
1313 2624 1496 2651 ἀδιάσπαστον
1504 2631 1510 2637 ·
1520 2622 1624 2653 ὲνώσας
1635 2622 1687 2655 γὰρ
1696 2620 1795 2654 ἑαυτῷ

1000 2672 1050 2705 τὴν
1067 2671 1174 2706 θανάτῳ
1188 2670 1303 2706 κάτοχον
1327 2669 1417 2706 σάρκα
1435 2669 1501 2701 Θεὸς
1527 2667 1566 2694 ὣν
1581 2668 1596 2694 ό
1624 2667 1710 2699 Λόγος
1740 2667 1798 2692 καὶ

1000 2717 1068 2752 ζωὴ,
1088 2716 1243 2752 ἀναστήσας
1254 2715 1340 2751 αὐτὴν
1356 2716 1388 2742 ἐκ
1402 2714 1518 2750 νεκρῶν,
1530 2712 1647 2740 θανάτου
1663 2713 1711 2739 καὶ
1723 2711 1797 2746 φθο-

1002 2763 1050 2798 ρᾶς
1068 2762 1192 2798 ἀπέφηνε
1207 2762 1359 2798 κρείττονα,
1382 2761 1429 2788 καὶ
1448 2759 1619 2796 ἁπεσόϐησεν
1636 2757 1721 2793 αὐτῆς
1739 2756 1798 2794 τὴν

1108 2853 1118 2870 ⁵
1140 2852 1218 2880 Joan.
1231 2857 1288 2884 xm,
1306 2851 1350 2880 Ἠ.
